2500 3841
870 239 1260 278 iJEflEMBEn

68 311 170 361 plius
193 310 390 349 Antonius
410 308 554 346 Saxius
577 305 626 346 (le
649 307 792 346 studiis
824 310 1026 348 litt-erariis

68 371 417 412 Mediolanensiuni
443 380 530 420 pag.
557 370 645 408 404.

118 432 324 473 Orationes
346 436 386 470 et
411 431 610 483 Epistolae
646 433 791 473 CLVII.
829 435 961 474 MStae
987 436 1024 472 in

68 496 327 536 Ambrosiana
350 494 656 545 Mediolanensi,
681 501 722 535 et
749 499 946 536 Bononiae
972 502 1029 535 te-

69 563 130 597 ste
148 557 353 598 Mabilonio
371 561 465 596 tom.
488 558 516 596 Ι.
538 560 664 597 musei
685 559 808 598 Ital-ici
830 571 917 611 pag.
936 560 1025 599 497.

66 622 99 661 Ε
123 621 270 672 quibus
291 621 425 660 Oratio
450 620 490 659 in
506 619 650 673 funere
678 621 835 660 Nicolai
857 620 1030 660 Picin'mi·

68 695 186 722 versa
221 683 354 722 ltalice
385 683 458 722 An.
487 684 605 723 4444.
637 684 780 736 prodiit
802 685 876 723 An.
912 684 1026 724 4732.

67 746 273 787 Mediolani
297 747 336 784 in
357 750 451 784 tom.
477 746 595 785 XXII.
625 748 864 798 scriptorum
893 748 1027 786 ltaliae

68 809 218 848 clariss.
242 809 456 848 Muratorii.

123 871 406 910 Commentarii
443 869 545 909 Julii
580 871 770 910 Caesaris
795 873 901 911 versi
926 871 1032 910 ltali-

74 944 119 972 ce
137 962 146 982 ,
165 933 200 982 a)
218 932 269 972 ad
284 932 507 984 Philippum
527 934 687 972 Mariam
708 935 1030 982 vice-Comitem,

67 996 220 1034 Ducem
243 995 398 1035 Mediol.

119 1056 294 1109 Philippi
313 1057 437 1098 vitam
460 1059 582 1097 nimia
610 1059 791 1098 libertate
821 1071 842 1098 a
869 1060 1034 1098 Decem-

70 1120 154 1159 brio
170 1121 358 1171 scriptam
375 1121 631 1172 reprehendit
643 1123 782 1161 Jovius
798 1134 835 1173 p.
856 1122 918 1160 28.
936 1121 1035 1170 elog.

127 1182 147 1205 '¹‘
178 1183 324 1222 Omisit
338 1183 540 1222 Fabricius
564 1184 743 1223 libellum
771 1183 936 1223 Candidi
961 1185 1036 1222 De-

71 1245 244 1284 cembris
267 1243 314 1283 de
339 1245 414 1284 VII
424 1244 652 1284 liberalium
679 1246 830 1285 artium
864 1246 1035 1285 invento-

68 1306 184 1347 ribus
205 1306 261 1346 ad
287 1307 469 1347 Thomam
486 1308 725 1359 Freyosium
743 1310 891 1348 Ducem
908 1309 1038 1348 Genu-

69 1372 223 1411 ensium
250 1373 367 1411 cuius
389 1373 520 1423 operis
544 1374 725 1410 notitiam
749 1371 951 1412 debemus
973 1383 1038 1410 eo-

79 1436 154 1475 dici
177 1437 316 1475 Latino
330 1435 409 1475 MS.
433 1434 548 1474 4033.
565 1434 746 1474 Biblioth.
769 1436 1040 1474 Taurinensis.

121 1497 1039 1549 VitamPhilippiM.VicecomitishicaFabricio

73 1561 285 1601 indicatam
309 1560 433 1600 edidit
455 1561 695 1599 Muratorius
722 1562 810 1599 Rer.
828 1560 913 1599 Ital.
942 1563 1037 1598 tom.

68 1625 158 1663 XX.
183 1625 288 1664 sicut
310 1628 351 1664 et
374 1624 424 1662 ibi
444 1624 592 1674 pariter
627 1624 783 1674 primus
822 1622 932 1662 dedit
974 1633 1038 1661 res

66 1689 200 1737 aestas
227 1685 441 1725 Francisci
461 1684 649 1738 Sfortiae.

124 1747 295 1790 Obertus
320 1749 618 1796 DECEMBER⁷
645 1748 824 1787 Anselmi
849 1748 974 1797 filius,
1000 1747 1036 1796 b)

69 1810 212 1863 Angeli
235 1818 276 1851 et
314 1813 419 1851 Petri
443 1810 612 1849 Candidi
645 1812 786 1858 Pater,
812 1810 1034 1861 discipulus

68 1874 304 1913 Emanuelis
340 1873 620 1923 Chrysolorae,
644 1874 749 1911 Petri
772 1872 821 1911 de
859 1872 1035 1919 Candia,

67 1937 254 1988 Episcopi
278 1936 533 1976 Novariensis
555 1937 647 1987 (qui
668 1940 804 1987 postea
823 1934 898 1974 An.
919 1936 1034 1974 4409.

69 2001 170 2050 Papa
202 1998 431 2038 Alexander
450 1999 519 2047 V.)
545 2010 567 2038 a
591 2000 776 2037 secretis:
799 1999 960 2048 scripsit
986 1996 1035 2036 ad

68 2063 263 2101 loannem
278 2062 441 2101 Mariam
459 2062 740 2100 vicecomitem
761 2090 768 2107 ,
789 2062 939 2100 Ducem
958 2062 1037 2098 Me-

73 2125 369 2173 diolanensem,
394 2122 510 2174 cujus
533 2123 669 2162 itidem
693 2124 742 2161 ab
765 2124 829 2161 illo
856 2127 1035 2173 tempore

75 2188 333 2227 secretarium
353 2187 503 2237 gessit,
529 2184 652 2224 libros
680 2189 856 2237 quatuor
879 2184 927 2223 cle
965 2188 1036 2225 Re-

68 2248 252 2302 publica:
275 2254 316 2288 et
340 2247 488 2287 librum
518 2247 565 2287 de
589 2247 782 2287 Modestia
805 2248 854 2288 ad
878 2249 1036 2287 MODE-

75 2313 206 2352 STUM
242 2311 597 2360 DECEMBRIUM,
636 2313 804 2350 tertium
842 2323 960 2350 suum
993 2311 1037 2349 si-

74 2375 194 2414 lium:
219 2379 260 2414 et
281 2373 329 2413 de
356 2373 552 2422 candore,
577 2373 625 2412 ad
652 2373 777 2413 filium
812 2373 1035 2413 Candidum

73 2437 348 2476 Decembrem.
370 2437 427 2475 De
446 2434 593 2475 morali
627 2434 880 2487 Philosophia
917 2436 1038 2474 dialo-

75 2510 146 2551 gos
169 2499 270 2538 duos
285 2527 294 2545 ,
317 2503 359 2537 et
377 2499 566 2550 epitomen
596 2500 797 2538 Romanae
821 2497 1011 2537 historiae
1027 2528 1037 2545 ‚

76 2573 196 2614 quam
232 2560 339 2599 filius
366 2562 508 2600 Petrus
543 2561 747 2600 Candidus
771 2562 806 2609 c)
845 2561 1036 2611 perfecit,

76 2627 288 2676 variasque
307 2622 518 2676 Epistolas.
539 2624 667 2662 Vertit
686 2625 805 2662 etiam
829 2622 1039 2661 Orationes

77 2687 272 2740 quasdam
292 2684 560 2725 Demosthenis
583 2690 624 2723 et
648 2685 788 2736 Lysiae
804 2717 814 2734 ,
840 2683 1041 2736 Epistolas

77 2761 237 2803 quoque
259 2747 527 2787 Demosthenis
546 2758 592 2786 ac
625 2745 812 2785 Platonis.
835 2746 913 2786 Sed
938 2751 978 2785 et
998 2745 1043 2785 li-

81 2813 173 2853 bros
195 2811 327 2852 decem
351 2809 529 2850 Platonis
554 2809 600 2848 de
623 2807 841 2861 Republica
856 2840 867 2859 ,
892 2820 993 2860 quos
1021 2822 1042 2848 a

77 2877 154 2916 filio
177 2877 298 2915 etiam
321 2875 436 2913 Petro
458 2872 634 2912 Candido
658 2872 695 2920 d)
717 2871 932 2910 translatos
958 2871 1040 2922 jam

83 2940 177 2979 dixi.

133 3003 305 3041 Joannes
340 2999 600 3046 DECHTUS,
630 2998 877 3037 Viconiensis
896 3026 905 3044 ,
934 2997 1046 3037 Ordi-

40 3087 45 3095 ·
85 3066 148 3104 nis
172 3063 578 3104 Praemonstratensis
602 3061 828 3101 Canonicus
848 3061 951 3098 circa
969 3060 1047 3098 An-

87 3139 183 3168 num
210 3127 326 3166 4384.
348 3126 467 3177 Infra,
491 3124 740 3166 DECllTUS.

147 3240 182 3281 a)
198 3240 350 3272 niarium
364 3237 584 3271 Erudltorum
602 3236 718 3269 ltaliae
740 3240 820 3267 tom.
846 3237 898 3265 xl!
927 3244 958 3273 p.
980 3235 1051 3266 547.

147 3289 184 3326 b)
207 3288 299 3320 idem
324 3290 406 3321 tom.
428 3289 455 3318 X
478 3295 553 3327 pag.
576 3286 638 3317 250
660 3294 718 3323 seq

145 3338 177 3377 c)
198 3337 292 3370 {dem
313 3342 396 3371 tom.
418 3338 526 3368 xxiv.
553 3343 618 3376 pag
656 3335 730 3367 286.

146 3388 181 3425 (Ι)
202 3390 354 3420 niarium
374 3388 592 3419 Eruditorum
612 3386 724 3417 ltaliae
745 3390 766 3416 t.
780 3387 803 3415 x*
821 3395 852 3424 p.
878 3384 958 3421 251,
986 3384 1060 3416 ⁶255.

1989 240 2062 279 ἰ35

1153 309 1358 362 Philippus
1395 310 1604 358 DECIUS⁷
1631 311 1802 348 Tristani
1836 311 1965 359 lilius⁷
1993 323 2062 350 na-

1101 379 1166 412 tus
1192 374 1262 411 An.
1294 373 1407 412 4454.
1431 371 1585 411 audivit
1604 374 1790 412 Jasonem
1809 373 1999 424 Maynum
2015 384 2061 412 ac

1099 436 1289 475 Jacobum
1328 435 1377 474 dc
1411 437 1558 481 Puteo,
1583 440 1623 473 et
1641 436 1715 474 Jus
1753 439 1972 486 utrumque
1995 435 2064 474 do-

1100 500 1182 537 cuit
1206 510 1276 549 per
1299 510 1426 537 annos
1450 499 1621 549 amplius
1646 499 1853 549 sexaginta
1880 498 2000 536 variis
2024 500 2063 536 in

1102 562 1197 599 locis
1222 561 1380 606 Italiae.r
1405 561 1661 611 Galliaeque,
1682 565 1723 598 et
1747 561 1838 598 hinc
1863 561 2008 599 iterum
2025 562 2064 597 in

1103 624 1210 662 ltalia
1233 623 1338 674 apud
1365 624 1549 669 Pisanos⁷
1575 634 1620 660 ac
1645 623 1761 661 Senis
1781 621 1978 674 denique,
1999 622 2066 662 ubi

1103 686 1352 736 octogenario
1385 684 1512 734 major
1548 684 1652 722 diem
1689 685 1782 723 obiit
1818 696 2066 736 supremum.

1104 750 1191 799 lpse
1216 748 1313 786 haec
1341 747 1390 784 de
1415 757 1458 785 se
1482 747 1519 783 in
1551 745 1769 796 epitaphio,
1796 747 1901 797 quod
1935 752 2068 786 exstat.

1106 812 1143 848 in
1165 810 1308 849 Tobiae
1325 808 1453 847 Fendt
1470 810 1742 846 monumentis
1764 810 2068 858 sepulchrorum

1106 877 1180 909 etc.
1207 871 1322 910 4574.
1348 871 1411 909 fol.
1437 882 1547 909 num.
1569 869 1768 908 LXXXVI.
1786 876 1826 908 et
1849 871 1951 921 apud
1971 873 2069 910 Pan-

1105 934 1287 972 cirollum
1312 934 1359 972 ΙΙ.
1379 934 1468 972 435.
1488 938 1609 983 atquc
1627 932 1724 970 alios
1743 945 1750 970 :
1778 931 1981 985 Philippus
1997 935 2070 972 De-

1107 995 1192 1034 cius
1207 1027 1217 1043 ‚
1243 995 1326 1034 sive
1345 995 1392 1034 de
1411 994 1540 1034 Deoeio
1557 1027 1568 1043 ,
1591 996 1626 1043 a)
1648 993 1949 1033 Mediolanenses
1969 1027 1975 1034 .
2000 997 2070 1034 Ju-

1108 1057 1368 1097 risconsultus
1395 1056 1544 1096 celebri
1562 1055 1675 1109 fama
1698 1056 1952 1095 notissimus:
1978 1068 2066 1095 cum

1103 1120 1283 1171 primum
1305 1120 1430 1158 lorum
1454 1118 1588 1159 Stiulii
1608 1119 1647 1157 in
1669 1119 1768 1157 Jure
1790 1119 1988 1158 Canonico
2012 1119 2075 1158 vel

1111 1182 1233 1223 Civili
1267 1183 1457 1222 tenuisset
1491 1182 1620 1231 Pisis,
1654 1181 1792 1231 Senis,
1819 1180 2043 1220 Florentiae
2061 1215 2070 1229 ¹.

1110 1245 1297 1295 Paduael,
1325 1245 1497 1297 Papiae:
1518 1244 1676 1283 demum
1711 1243 1821 1283 ultra
1852 1247 2002 1283 montes
2034 1245 2073 1282 in

1110 1308 1264 1347 Gallia.-
1289 1309 1455 1360 denique
1490 1311 1702 1347 revocatus
1742 1307 1781 1345 in
1819 1306 1980 1346 Italiam
2019 1307 2070 1346 ab

1112 1371 1274 1411 excelsa
1306 1372 1339 1410 F
1342 1371 1626 1410 lorentinorum
1656 1369 1896 1422 Republica,
1915 1373 2074 1422 postea-

1114 1447 1234 1486 quam
1256 1434 1492 1486 stipendium
1521 1433 1623 1472 mille
1660 1433 1964 1485 quinyentorum
2000 1446 2073 1472 au-

1114 1510 1274 1536 reorum
1312 1498 1351 1536 in
1382 1509 1484 1535 auro
1517 1508 1594 1548 pro
1631 1498 1797 1534 Lectura
1835 1499 2066 1534 consecutus

1109 1560 1269 1613 suisset,
1294 1559 1340 1599 de
1367 1563 1494 1598 morte
1523 1559 1698 1610 coyitans
1723 1557 1791 1596 hoc
1820 1557 2074 1610 sepulchrum

1111 1622 1191 1662 sibi
1205 1622 1409 1676 fabricari
1424 1621 1606 1670 curavit,
1628 1633 1675 1660 ne
1694 1621 1866 1673 posteris
1886 1621 1971 1659 suis
1991 1633 2077 1660 cre-

1112 1686 1232 1725 deret.
1258 1688 1418 1725 Praeter
1437 1684 1525 1736 ejus
1544 1686 1832 1723 commentaria
1857 1687 1893 1723 in
1931 1685 2074 1723 Decre-

1114 1748 1210 1788 tales
1230 1779 1238 1797 ,
1264 1751 1554 1799 Lecturamque
1578 1750 1616 1786 in
1652 1746 1807 1786 titulum
1831 1746 1877 1786 de
1908 1746 2073 1799 privile-

1109 1811 1213 1861 9iis,
1236 1823 1309 1850 nec
1331 1823 1408 1850 non
1432 1813 1470 1849 in
1491 1810 1740 1861 Di9est0rum
1765 1810 1904 1849 titulos
1927 1815 1968 1848 et
2005 1809 2077 1848 Co-

1111 1872 1209 1911 dicis
1232 1874 1471 1912 Justinianei
1489 1903 1497 1921 ‚
1517 1873 1813 1912 Commentaria
1831 1886 1837 1909 :
1863 1877 1903 1910 et
1923 1872 1972 1910 ad
1991 1872 2079 1910 Bal-

1109 1936 1204 1974 ‹lnm
1230 1936 1477 1984 additiones,
1503 1936 1594 1986 plus
1619 1933 1743 1973 semel
1772 1935 1946 1982 Romae,
1976 1935 2076 1973 Nea-

1108 2000 1211 2050 poli,
1236 2000 1414 2038 Venetiis
1437 2009 1481 2037 ae
1507 1997 1687 2049 Lugduni
1714 1998 1821 2048 typis
1845 1997 2045 2048 exscripta
2065 2027 2073 2043 ,

1110 2062 1364 2100 celebrantur
1380 2062 1509 2111 ipsius
1527 2057 1890 2099 Consiliorumlibri
1905 2064 2076 2109 quatuor

1109 2124 1203 2163 editi
1223 2136 1315 2163 cum
1340 2124 1468 2163 Caroli
1506 2122 1687 2162 Molinaei
1708 2122 1749 2171 b)
1783 2121 2076 2160 additionibus,

1110 2187 1233 2238 Lugd.
1272 2188 1387 2227 4566.
1426 2188 1466 2224 in
1497 2185 1644 2236 quibus
1668 2190 1708 2224 et
1744 2185 1966 2224 Consilium
1999 2195 2075 2235 pro

1109 2249 1348 2289 auctoritate
1363 2247 1532 2288 Concilii
1547 2246 1755 2287 Generalis
1773 2258 1899 2299 supra
1911 2247 2074 2297 Papam.

1110 2318 1150 2351 et
1173 2324 1305 2352 sermo
1328 2311 1377 2351 de
1401 2311 1541 2350 eodem
1579 2315 1816 2362 argumento
1835 2321 1913 2361 pro
1928 2307 2080 2360 justifi-

1111 2375 1262 2415 catione
1280 2373 1448 2415 Concilii
1466 2373 1608 2413 Pisani
1622 2373 1696 2411 An.
1718 2373 1785 2411 454
1799 2374 1832 2411 4.
1855 2376 1995 2410 contra
2009 2371 2028 2407 J
2035 2382 2079 2408 u-

1112 2440 1208 2478 lium
1234 2440 1280 2477 lI.
1317 2438 1571 2488 congregati,
1593 2435 1700 2486 quod
1737 2439 1953 2483 utrumque
1983 2432 2081 2470 scri-

1115 2507 1228 2552 ptum
1244 2499 1461 2539 Goldastus
1479 2499 1586 2549 operi
1603 2498 1651 2536 de
1675 2496 1901 2535 Monarchia
1921 2495 2079 2544 Imperii

1112 2575 1200 2614 pag.
1228 2561 1342 2601 4667.
1368 2566 1408 2599 et
1434 2560 1548 2600 4677.
1570 2564 1666 2598 tom.
1683 2560 1729 2597 ΙΙ.
1756 2559 1830 2606 (al.
1855 2558 1920 2596 111.
1936 2558 1945 2603 ‘J
1963 2561 2003 2594 ct
2018 2556 2081 2594 Ri—

1113 2625 1274 2663 cherius
1297 2624 1395 2662 libro
1420 2623 1483 2661 IV.
1507 2622 1695 2660 historiae
1729 2619 1998 2658 Cone-iliorum
2024 2618 2081 2654 in-

1116 2699 1302 2734 seruere,
1327 2691 1367 2725 et
1391 2686 1439 2724 ob
1463 2696 1565 2735 quae
1592 2694 1670 2721 non
1711 2681 1826 2720 modo
1850 2681 2081 2719 excomuni-

1116 2751 1194 2789 cari
1217 2750 1382 2788 Decium
1402 2759 1423 2787 a
1444 2746 1655 2791 Pontifice‚
1677 2745 1854 2794 dirisque
1877 2742 2080 2789 devoveri,

1119 2813 1189 2852 sed
1204 2813 1324 2852 etiam
1344 2811 1509 2850 domum
1525 2809 1613 2859 ejus
1631 2806 1743 2846 foede
1763 2806 1877 2856 diripi
1900 2805 2077 2855 contigit.

1119 2877 1246 2914 Vitam
1271 2875 1379 2913 Decii
1417 2876 1573 2924 praeter
1607 2869 1897 2916 Paucirouum,
1923 2866 2081 2905 Fichar—

1119 2938 1242 2987 dum7
1265 2939 1493 2976 Forsterum
1523 2935 1701 2984 aliosque
1726 2930 1892 2970 tradunt
1923 2928 2083 2968 Baelins

1173 3032 1205 3071 a)
1229 3034 1367 3064 Decium
1380 3057 1390 3069 ‚
1405 3034 1476 3064 sive
1494 3032 1633 3063 nexium
1650 3032 1726 3070 pagi
1743 3027 1999 3060 mediolanensis
2013 3032 2078 3057 no·

1114 3091 1191 3113 men
1208 3106 1217 3119 ‚
1240 3090 1280 3113 ex
1301 3090 1368 3121 quo
1391 3083 1456 3112 orti
1491 3083 1634 3122 majores
1657 3079 1829 3118 Philippi,
1854 3075 2079 3108 Mediolanum

1119 3135 1374 3169 concesserant,
1402 3136 1434 3161 et
1461 3140 1518 3171 per
1542 3138 1648 3162 annos
1678 3132 1846 3160 trecentos
1870 3134 1946 3159 cum
1970 3126 2081 3165 digni-

1121 3186 1187 3212 πηνα
1208 3183 1372 3213 vixerant.

1177 3233 1211 3270 b)
1227 3231 1363 3261 carolus
1379 3229 1560 3262 molinaeus
1576 3238 1650 3270 pag.
1664 3227 1706 3259 05
1718 3227 1757 3259 de
1766 3226 1959 3259 monarchia
1983 3227 2090 3256 Fran-

1120 3289 1247 3313 corum.
1269 3284 1314 3312 De
1340 3279 1420 3312 locis
1437 3280 1479 3312 ab
1503 3278 1617 3311 Indice
1640 3279 1876 3319 expurgatorio
1899 3278 2023 3307 notatis
2040 3277 2076 3306 iu

1119 3334 1218 3364 Decio
1232 3355 1241 3370 ,
1279 3332 1353 3364 vide
1393 3332 1608 3363 possevinum
1645 3334 1727 3360 tom.
1751 3329 1771 3359 ἓ
1796 3331 1972 3368 apparatu:
2013 3333 2088 3365 pag.

1121 3382 1182 3412 2723
1207 3389 1276 3420 seq.
