2500 4009
443 218 520 257 529.

444 295 580 326 notum
622 287 766 324 scilicet
807 290 843 321 ct
879 284 1077 331 Marognm
1120 282 1296 330 potuisse
1330 282 1386 319 sic

446 354 668 387 monstrosi=
691 346 872 382 insanire.
892 344 1126 391 Quanquam
1148 352 1225 379 non
1247 341 1389 379 diffite-

448 418 512 448 tur
551 407 686 446 codem
725 411 900 454 tempore
946 404 1154 452 scripsisse
1191 402 1388 441 advorsus

442 470 613 510 cundem
639 477 812 505 errorem
839 465 1112 503 nOMlMCUM
1137 463 1183 502 de
1214 464 1388 502 Domini-

440 533 506 571 cis.
532 530 579 568 de
603 540 680 578 quo
701 539 818 577 supra
843 538 929 577 pag.
953 525 1046 564 6'47.
1073 527 1132 564 Ex
1160 526 1222 564 illo
1242 527 1387 576 Eyine-

441 595 506 631 rici
532 596 703 629 tractatu
729 590 823 627 liaeo
859 589 1028 627 Jacobus
1064 588 1201 634 Quotil'
1237 593 1317 625 tom
1349 589 1384 626 1.

439 666 522 705 pag.
549 654 640 692 712.
660 653 737 690 Iste
761 649 973 697 articulus,
998 650 1100 701 quod
1127 650 1330 688 lohannes
1347 650 1385 686 vi

437 718 647 756 verborum
686 715 839 754 Cllristi
884 715 1002 752 luerit
1045 714 1209 752 effectus
1252 713 1386 751 Matris

438 779 588 817 Christi
630 778 734 816 lilius
774 776 997 823 naturalis,
1033 778 1077 813 ut
1108 773 1385 825 praedicitur,

435 838 687 879 haereticalis
703 871 713 887 ‚
731 843 790 878 est
801 837 1000 877 articulus
1018 836 1206 888 antiquus
1223 867 1231 885 ,
1262 839 1298 874 et
1312 846 1388 873 non

438 903 591 941 noviter
630 902 821 941 inventus.
848 901 942 940 Fuit
977 912 1077 939 enim
1111 900 1201 951 jam
1244 901 1386 938 Romae

429 968 640 1016 praesente
679 966 723 1002 D.
757 965 911 1003 Urbano
951 964 979 1002 V
998 994 1007 1011 ‚
1048 966 1208 1001 sanctae
1246 972 1387 999 memo-

440 1027 527 1066 riae
565 1029 675 1079 Papa
693 1058 701 1074 ‚
727 1039 801 1078 per
841 1025 1036 1077 quendam
1075 1024 1312 1075 Mayistrum
1350 1023 1388 1060 in

439 1088 641 1139 Theoloyia
661 1089 822 1127 Ordinis
846 1090 1037 1127 Minorum
1054 1086 1327 1138 praedicatus,
1351 1088 1389 1123 et

437 1151 535 1190 idem
561 1151 803 1190 Praedicans
823 1149 1016 1203 fati'yatus
1032 1181 1042 1198 ‚
1064 1153 1110 1187 ut
1129 1148 1270 1188 audivi
1291 1160 1316 1186 a
1340 1148 1385 1185 D.

436 1213 651 1254 cardinali
670 1213 872 1252 Hostiensi
891 1211 997 1250 illius
1019 1211 1208 1264 temporis
1227 1211 1388 1249 Ordinis

435 1276 752 1315 l’raodicatorum
772 1276 978 1324 (Guilelmo
989 1274 1127 1322 Sudrc)
1138 1273 1209 1325 qui
1222 1271 1388 1311 multum

433 1339 574 1379 audire
609 1338 756 1377 dictum
791 1336 1011 1376 articulum
1046 1334 1313 1384 abhorrebat,
1352 1339 1390 1374 et

438 1405 564 1455 ipsum
609 1400 696 1454 fore
738 1398 1013 1439 haereticalem
1050 1397 1272 1437 asserebat.
1308 1398 1386 1437 Iste

437 1466 554 1504 etiam
581 1462 779 1502 articulus
811 1461 892 1514 fuit
908 1461 1168 1514 praedicatus
1190 1460 1385 1499 Avenione

430 1538 558 1579 nuper
579 1538 653 1579 per
677 1526 918 1576 Episcopum
942 1526 1241 1575 Peryamensem
1258 1556 1267 1571 ,
1300 1524 1385 1562 Μα-

428 1591 601 1641 {listram
625 1589 665 1626 in
693 1587 895 1638 Theoloyia
912 1618 920 1634 ,
941 1587 1060 1625 etiam
1082 1586 1242 1624 Ordinis
1266 1588 1385 1624 Mino-

436 1665 522 1692 rum
543 1683 551 1702 ⁷
589 1663 650 1690 me
686 1654 923 1702 praesente,
965 1648 1149 1687 audiente
1165 1681 1174 1696 ,
1215 1652 1251 1686 et
1296 1659 1385 1686 cum

438 1714 642 1766 ,llayistris
676 1712 766 1752 aliis
801 1712 1042 1751 reclamante
1079 1722 1215 1748 coram
1252 1711 1296 1748 D.
1342 1710 1384 1747 P.

438 1779 646 1817 Clemente
668 1776 748 1814 Vll.
773 1775 851 1824 Qui
868 1775 1086 1825 Episcopus
1122 1772 1160 1810 in
1182 1771 1386 1810 collatione

430 1843 519 1892 post
542 1838 760 1891 prandium
783 1836 862 1889 suit
883 1848 958 1889 per
986 1835 1203 1886 Mayistros
1233 1834 1289 1872 sic
1313 1833 1386 1872 du-

436 1903 522 1941 rius
551 1902 794 1951 affrontatus
818 1931 828 1947 ‚
860 1903 903 1937 ut
941 1897 1067 1951 fuerit
1103 1896 1239 1950 fassus
1282 1895 1388 1947 quod

433 1976 508 2002 non
530 1966 689 2015 poterat
712 1960 931 2014 defensare:
959 1959 1028 1999 sed
1048 1958 1191 1998 ibidem
1210 1970 1286 2009 per
1309 1960 1384 1997 Pa-

431 2038 525 2076 pam
548 2025 707 2076 fortiter
730 2023 1008 2075 reprehensus,
1032 2022 1078 2060 (le
1095 2024 1179 2074 ejus
1200 2021 1384 2059 mandato

436 2091 594 2126 coactus
615 2091 672 2125 est
694 2097 896 2134 revocare,
929 2089 966 2123 et
983 2083 1162 2122 creditur
1184 2087 1220 2122 et
1246 2083 1384 2121 merito

437 2148 674 2198 abjurasse,
702 2147 780 2186 nisi
807 2150 993 2185 exortum
1029 2145 1209 2185 Schisma
1233 2145 1386 2183 noviter

441 2212 477 2248 in
503 2209 681 2248 Ecclesia
705 2221 792 2247 eum
816 2208 1046 2260 adjuvisset.
1081 2210 1213 2256 Quare
1245 2211 1384 2245 contra

439 2276 660 2311 assertores
683 2270 844 2309 articuli
865 2270 1053 2308 antedicti
1071 2273 1151 2312 est,
1185 2268 1252 2307 sen
1273 2270 1383 2320 juste

440 2339 475 2372 ct
484 2333 661 2386 juridice
677 2332 976 2385 procedendum.

491 2398 655 2435 Caotcrn
676 2397 872 2445 Eymorici
900 2397 1044 2446 scripta
1069 2395 1234 2439 incilita.
1261 2394 1383 2432 undo-

440 2460 514 2497 cim
541 2460 645 2496 enim
682 2459 885 2497 Volumina
912 2459 949 2495 in
986 2459 1047 2496 fol.
1083 2459 1187 2496 MSta
1219 2459 1254 2494 in
1285 2458 1386 2495 Con—

441 2526 565 2559 v‹·ntu
589 2522 932 2559 Dominicanorum
954 2520 1201 2558 (icrundcnsi
1224 2531 1386 2558 servan-

438 2589 502 2620 tur
523 2615 532 2630 ,
563 2588 659 2621 sunt
698 2583 881 2620 Postilla(¹
920 2583 1135 2626 litterales,
1161 2583 1245 2619 sivo
1270 2582 1385 2620 Com*

443 2647 621 2683 montarii
645 2645 681 2681 in
705 2643 946 2683 illattliaeum
968 2676 976 2691 ,
1002 2645 1195 2686 Marcum.
1217 2645 1382 2691 Lucam,

438 2706 661 2745 Johnnnem.
711 2705 925 2758 Iz'pistolam
976 2706 1030 2744 (ul
1071 2709 1262 2745 Romanos
1284 2736 1290 2754 5
1333 2706 1387 2744 acl

442 2769 606 2807 Galatas
624 2801 632 2816 ,
657 2769 711 2807 arl
731 2767 940 2807 Hebraeos.
1055 2807 1060 2812 ,

496 2835 524 2871 T
530 2837 705 2871 rectatus
721 2835 861 2868 contra
876 2832 1114 2868 Daemonum
1130 2835 1385 2878 invocatores,

441 2900 480 2931 ct
504 2893 549 2931 de
578 2893 856 2932 Jurisdictione
884 2892 1082 2931 Ecclesiae
1111 2896 1150 2929 et
1179 2892 1387 2942 Inquisito-

442 2968 531 2994 rum
557 2959 695 2993 contra
722 2954 904 3005 infideles.
921 2954 1128 2993 daemonia
1149 2954 1382 2994 invocantes:

440 3024 477 3054 vt
503 3022 639 3055 contra
660 3016 831 3068 infideles
855 3020 1011 3068 assantes
1040 3020 1178 3055 contra
1206 3020 1383 3056 nostram

443 3084 614 3117 sanctam
641 3079 785 3117 Fidem.

495 3143 701 3180 'l‘rnctntus
724 3145 861 3179 contra
886 3140 1159 3192 ,ι1Ιη-Ιιῃ7ηίδίαε,
1191 3140 1236 3178 nil
1259 3141 1385 3179 Abba-

444 3207 520 3239 tom
544 3205 731 3241 ltosarnin
768 3203 1046 3254 Ampnrinruin
1080 3203 1247 3241 Comitis
1284 3204 1385 3242 Can-

444 3277 473 3298 ιῑι
493 3264 602 3300 llario
618 3277 666 3300 ni.

503 3326 645 3360 “oiitra
670 3324 886 3363 doctrimim
911 3327 1133 3374 ltripsniiindi'
1155 3329 1291 3365 [ΕΗΔ
1318 3356 1324 3373 s
1350 3332 1384 3365 ct

1196 210 1641 250 EYMERICUS

1460 280 1639 331 dialoyus
1652 285 1789 319 contra
1796 280 2034 321 LULLlSTA
2041 281 2080 319 S.
2090 280 2189 319 adde
2198 280 2401 319 Baluzium

1460 349 1556 381 tom.
1582 345 1617 382 1.
1643 353 1728 393 pag.
1756 344 1857 382 1115
1885 343 1934 382 do
1973 345 2086 394 l‘apis
2119 341 2405 381 Avenionensi—

1459 405 1547 451 bus,
1571 409 1612 442 ct
1635 405 1827 449 Bzovium
1841 404 1890 443 ad
1905 406 1980 443 An.
2003 405 2104 445 1372
2124 417 2234 444 num.
2251 404 2300 444 IV
2317 414 2401 454 seq.

1514 465 1812 506 Correctorium
1837 465 2099 518 Corruptorizss
2115 468 2201 506 sivo
2225 467 2405 506 censura

1460 529 1545 567 libri
1584 528 1632 567 de
1659 527 1808 568 vilitate
1836 527 2066 567 conditionis
2102 528 2298 568 humanae
2325 527 2407 567 An-

1460 603 1509 629 no
1535 591 1653 630 1396.

1512 651 1771 691 Elucidarius
1788 650 2025 701 Elucz'darii,
2042 652 2145 702 quod
2167 654 2208 692 S.
2224 653 2406 694 ANSEL-

1457 714 1528 754 ΜΟ
1548 718 1706 766 practer
1722 725 1805 753 rem
1823 713 1970 752 tributa
1985 714 2131 764 scripta
2148 714 2236 766 legi,
2255 715 2406 755 dictum

1459 782 1521 817 est
1545 787 1665 827 supra
1687 781 1782 814 tom.
1806 777 1840 814 1.
1866 786 1953 826 pag.
1983 774 2071 814 107.

1511 837 1713 890 Epistolae
1735 837 1791 876 ad
1810 835 2048 878 Cardinales
2067 836 2271 889 Aizayniae
2289 850 2407 890 aqen-

1463 905 1518 939 tes
1538 905 1675 939 contra
1698 900 1932 939 electionem
1955 899 2099 939 Urbani
2122 900 2186 939 Vl.
2205 899 2282 939 An.
2306 902 2407 941 4378

1459 963 1559 1002 adde
1599 963 1806 1002 Baluzium
1850 961 1899 1001 ad
1939 963 2063 1013 rapas
2104 960 2408 1002 AvenionenSes

1460 1038 1546 1076 pag.
1578 1025 1694 1064 4235.

1515 1088 1665 1128 Contra
1702 1087 1888 1126 emissum
1916 1086 1992 1126 An.
2017 1087 2119 1126 1495
2156 1085 2198 1125 in
2237 1085 2415 1126 conclavi

1454 1162 1530 1201 per
1557 1151 1711 1201 Papam
1734 1149 1993 1188 Benedictum
2015 1151 2053 1187 et
2069 1146 2412 1200 Cardinalespro—

1460 1212 1689 1252 missorium
1695 1212 1985 1265 juramentum,
1994 1214 2032 1249 et
2043 1214 2182 1250 contra
2191 1210 2412 1262 Epistolam

1461 1275 1751 1314 Parisiensium
1766 1274 2066 1325 Mayistrorum.
2084 1272 2233 1313 Contra
2251 1272 2413 1312 Univer-

1459 1338 1614 1377 sitatem
1639 1336 1925 1384 Parisiensem,
1945 1335 2043 1374 DEI
2052 1333 2272 1375 Ecclesiam
2286 1335 2413 1387 impu-

1455 1404 1651 1451 9nantem‚
1663 1398 1942 1450 responsiones
1958 1398 2012 1438 ad
2024 1398 2142 1438 XXIX
2152 1398 2410 1450 quaestiones.

1512 1464 1724 1502 Tractatus
1775 1464 1913 1500 contra
1958 1460 2221 1513 praefiyentes
2262 1463 2413 1500 certum

1461 1525 1672 1563 terminum
1692 1523 1784 1576 finis
1815 1522 1976 1573 Mundi,
1999 1524 2047 1563 ad
2083 1524 2302 1573 hannem,
2339 1526 2413 1567 Co-

1459 1589 1600 1626 mitem
1625 1587 1902 1626 Amouriarum
1920 1617 1931 1634 ,
1957 1585 2031 1625 An.
2058 1586 2172 1625 1395.

1513 1650 1662 1689 Contra
1677 1648 1902 1700 Astroloqos
1922 1647 2124 1699 imperitos
2140 1650 2258 1699 atque
2275 1658 2413 1686 necro-

1458 1712 1649 1750 manticos
1673 1711 1718 1750 de
1743 1710 1905 1750 occultis
1923 1722 2136 1763 perperam
2150 1707 2382 1761 judicantes
2402 1739 2411 1758 ,

1458 1773 1507 1813 ad
1544 1774 1737 1812 Thomam
1777 1774 1982 1821 Ulzinam‚
2006 1772 2168 1813 Ordinis
2191 1773 2412 1819 Minorum‚

1458 1837 1574 1886 Regis
1604 1836 1820 1887 Aragoniae
1844 1835 2136 1875 Confessorem.
2167 1833 2242 1873 An.
2273 1834 2389 1873 1395.

1511 1900 1643 1949 Super
1698 1897 1965 1937 declaratione
2000 1897 2109 1936 XXII
2152 1894 2416 1935 articulorum

1458 1960 1645 2011 Mayistri
1666 1960 1988 2006 Sententiarum,
2011 1958 2052 1997 in
2070 1956 2217 2011 quibus
2240 1968 2413 1997 commu-

1459 2023 1562 2062 niter
1586 2035 1662 2061 non
1686 2026 1851 2061 tenetur.
1879 2022 1938 2061 An
1979 2020 2094 2061 1397.

1512 2085 1730 2124 Incantatio
1753 2084 1888 2123 Stadii
1921 2083 2137 2123 Ilerdensis
2176 2095 2297 2134 super
2334 2084 2410 2123 XX

1458 2148 1636 2187 articulis
1660 2159 1729 2197 per
1752 2146 1951 2197 quendam
1989 2146 2245 2185 ANTONIUM
2271 2145 2383 2184 Blera
2403 2174 2411 2192 ,

1458 2210 1685 2248 studentem
1695 2209 1947 2247 Valentinum
1967 2207 2058 2245 inibi
2077 2207 2296 2255 seminatis,
2314 2217 2407 2245 cum

1455 2271 1807 2310 huilaGnEGORu
1826 2269 2028 2316 Xl,oid0m
2046 2269 2223 2320 opposita
2233 2268 2278 2308 A.
2293 2269 2406 2308 1395.

1486 2333 1684 2385 Confessio
1716 2332 1830 2371 Fidei
1852 2331 2105 2372 Christianae
2128 2331 2202 2370 An.
2230 2332 2345 2371 1396.

1472 2394 1912 2435 Contracalumniantes
1922 2392 2411 2447 praeeminentiamCHri-

1457 2459 1510 2498 sti
1531 2462 1569 2497 et
1591 2458 1761 2508 Virqznis
1785 2457 1929 2498 Matris
1953 2457 2052 2508 ejus.

1510 2522 1566 2559 De
1605 2519 1847 2559 admiranda
1893 2517 2202 2569 sanctificatione
2242 2518 2339 2556 DEI
2373 2522 2411 2558 et

1458 2583 1636 2623 Hominis
1674 2582 1898 2630 Genitricis,
1935 2580 1982 2620 ad
2015 2581 2225 2620 Martinam
2264 2580 2409 2633 Arago-

1459 2648 1545 2685 nino
1567 2648 1712 2696 Regem
1738 2645 1813 2683 An.
1840 2644 1954 2683 1396.

1510 2709 1565 2745 De
1588 2706 1737 2758 duplici
1760 2709 1910 2744 natura
1934 2704 1974 2743 in
2004 2704 2188 2752 Chri-isto,
2211 2709 2251 2743 et
2270 2704 2317 2743 de
2338 2705 2410 2744 tri-

1458 2769 1530 2808 bus
1551 2770 1591 2808 in
1607 2769 1677 2807 DE
1682 2770 1712 2808 Ο
1731 2767 1927 2821 personis,
1945 2778 2015 2807 sou
2031 2779 2084 2806 an
2099 2768 2409 2807 Sacramentum

1458 2831 1735 2870 Eucharistiae
1757 2830 1810 2869 sit
1832 2831 1953 2868 Pater
1978 2833 2016 2868 et
2035 2828 2162 2868 Filius
2177 2833 2215 2868 et
2231 2829 2408 2882 Spiritus

1458 2896 1628 2933 Sanctus
1638 2897 1772 2931 contra
1790 2893 1972 2931 haeresin
1989 2892 2132 2930 PETm
2150 2891 2409 2932 SElPLANlS

1458 2957 1575 2995 Sillae
1615 2956 1786 2994 Pastoris
1825 2954 1872 2993 ad
1910 2954 2143 2993 Valentiam.
2173 2952 2247 2993 An.
2274 2954 2407 3002 1389,

1458 3018 1556 3056 adde
1594 3018 1742 3055 Baluzii
1768 3018 1892 3067 Papus
1926 3015 2228 3055 Avenionenses
2249 3020 2344 3055 tom.
2371 3018 2405 3055 1,

1458 3092 1543 3130 pag.
1571 3080 1699 3126 4368,
1724 3089 1807 3128 Soq.

1512 3142 1565 3180 De
1577 3143 1736 3194 peccato
1757 3137 1947 3189 oriqinali
1964 3143 2004 3177 ot
2027 3138 2074 3178 cle
2097 3137 2340 3190 conceptione
2363 3138 2405 3176 B.

1465 3204 1634 3253 Virqinz's
1655 3233 1662 3251 ,
1687 3203 1733 3241 ad
1761 3203 2006 3241 Clementem
2030 3198 2110 3240 Vll.
2136 3199 2209 3238 An.
2239 3199 2351 3238 1381.

1514 3267 1568 3304 De
1594 3268 1788 3316 potestate
1820 3261 1962 3313 Papali
1986 3273 2056 3301 seu
2091 3260 2238 3300 summi
2280 3262 2409 3300 Ponti-

1459 3327 1508 3376 fic
1517 3326 1558 3364 is.
