2500 4009
352 187 431 227 246

350 260 448 298 alias
483 260 602 298 etiam
637 269 737 309 quas
772 261 886 295 vocat
923 248 1165 307 posteriores
1185 257 1308 296 edidit

348 333 410 360 an.
436 323 549 361 1198.
564 326 605 360 ut-
637 323 717 372 ipse
741 318 868 370 prodit
892 320 930 357 in
951 319 1138 370 epistolas
1154 318 1311 359 dedica-

345 385 462 422 tionis
479 384 525 422 ad
543 382 655 423 Card.
667 380 993 423 Alexandrinum.
1006 386 1181 432 suntque
1197 394 1306 422 num.

348 447 437 484 233.
475 448 649 484 Reeusae
673 448 768 483 sunt
797 448 837 483 et
874 445 1114 495 posteriores
1144 445 1243 484 istae
1268 446 1305 483 in

347 509 439 546 edit.
466 507 584 558 supra
606 506 786 545 indicata.

405 571 470 608 llis
493 569 678 608 omnibus
714 569 894 621 adiungit
926 571 1104 609 Mafi'eius
1134 570 1307 621 (Verona

347 631 492 670 lllustr.
510 632 602 682 11,p.
620 632 668 680 3.)
686 630 957 684 Epistolarum
972 630 1120 670 librum
1135 633 1202 670 III
1212 632 1304 671 edit.

347 695 482 732 Venet..
502 693 617 733 1502.
640 694 675 732 1.
693 694 814 733 Extat
827 694 930 745 apud
949 706 1010 732 me
1032 696 1307 733 vetustissima

344 767 510 806 operum
531 758 656 795 Bossii
681 757 800 795 editio
828 758 913 795 sine
938 757 1021 796 loco
1045 761 1085 795 et
1109 769 1212 796 anno
1236 759 1308 796 im-

343 820 620 868 pressionis‚in
639 831 717 870 qua
733 821 1001 859 eontinentur.
1017 821 1072 859 De
1089 819 1305 860 tolerandis

343 881 527 921 aduersis
563 881 714 933 dialoqz·
748 882 835 921 duo,
883 883 940 920 De
973 882 1143 933 yerendo
1178 882 1304 933 Mayl-

341 945 745 997 stratu.justitiaque
765 944 924 984 colenda
948 946 1116 985 libellus,
1138 946 1238 984 Item
1254 957 1302 984 ue

339 1006 534 1058 foeminea
570 1011 801 1047 ornamenta
838 1007 1148 1047 Bononiensibus
1185 1008 1302 1047 resti-

343 1073 510 1108 tuantur
528 1070 582 1108 ad
601 1070 878 1109 Bessarionem
911 1070 1022 1109 card.
1045 1069 1216 1121 leqatum
1238 1081 1299 1108 co-

340 1131 522 1171 hortatio.
543 1134 645 1172 Tum
668 1134 851 1184 sequitur
866 1133 962 1172 liber
980 1134 1134 1172 illarum
1155 1133 1300 1184 episto-

340 1196 494 1246 larum,
519 1207 620 1247 quae
654 1197 804 1247 priores
836 1195 1025 1235 dicuntur
1054 1196 1091 1233 in
1127 1195 1297 1234 editione

339 1261 486 1298 Bonon.
510 1258 624 1299 1627.
650 1259 727 1298 Sed
759 1260 861 1299 facta
885 1260 988 1298 inter
1015 1262 1189 1309 utramq.
1217 1258 1299 1298 edi-

339 1323 511 1371 tionem,
528 1324 701 1373 priorem
722 1334 866 1373 nempe
890 1322 994 1360 illam
1013 1322 1217 1372 antiquam
1234 1351 1242 1371 ,
1258 1325 1298 1359 et

339 1384 439 1423 hanc
456 1386 714 1435 posteriorem
738 1385 945 1423 collatione
960 1384 1132 1434 comperi
1156 1383 1297 1422 deesse

340 1458 377 1484 in
403 1447 520 1497 priori
539 1458 679 1486 omnes
702 1447 889 1498 epistolas
911 1451 1001 1497 post
1023 1446 1073 1486 17
1096 1457 1224 1496 usque
1248 1445 1297 1485 ad

337 1509 398 1546 30.
414 1513 501 1547 tum
518 1513 558 1547 et
578 1510 674 1548 alias
694 1510 867 1559 reliquas
888 1513 978 1560 post
1001 1510 1117 1559 epist.
1134 1509 1220 1548 112.
1239 1509 1297 1547 vi-

336 1572 471 1609 cissim
495 1575 628 1610 autem
662 1575 822 1610 vetusta
847 1572 912 1609 illa
931 1575 1110 1622 geminas
1134 1571 1296 1610 exhibet

335 1633 470 1672 literas
495 1635 533 1671 in
558 1635 762 1684 posteriori
784 1635 977 1682 omissaS,
1003 1634 1141 1672 ambae
1165 1633 1214 1672 ad
1238 1634 1297 1672 Si-

339 1701 451 1734 xtum
464 1697 524 1734 lv.
543 1698 653 1735 Pont.
672 1697 906 1747 diriguntur.
919 1698 1167 1746 signanturq.
1185 1707 1294 1734 num.

339 1760 387 1797 30
409 1764 449 1797 et
470 1760 511 1798 31
543 1764 721 1810 rogantq.
743 1759 990 1807 Pontificem,
1006 1763 1051 1796 ut
1069 1759 1295 1797 Monialium

335 1823 610 1860 Genuensium
630 1821 890 1872 petulantiam
914 1825 1105 1860 coerceat.
1115 1821 1194 1860 Has
1210 1821 1297 1859 lite-

334 1895 402 1923 ras
423 1885 631 1935 scripsisse
650 1895 692 1922 se
708 1884 757 1922 ad
777 1883 1006 1923 Pontificem
1027 1884 1190 1923 Bossius
1210 1885 1293 1936 ipse

336 1950 374 1986 in
405 1959 465 1999 ep.
498 1948 547 1988 42
580 1952 805 1998 postremae
829 1946 920 1985 edit.
947 1946 996 1985 ad
1030 1947 1292 1986 Fortunatum

336 2010 542 2059 significat.
581 2011 870 2060 Antiquissima
907 2009 1005 2047 haec
1035 2010 1291 2060 epistolarum

337 2072 527 2109 collectio.
547 2073 723 2109 continet
739 2083 797 2121 ep.
817 2071 892 2109 102
917 2071 1109 2109 volumen
1130 2070 1292 2108 tandem

337 2133 508 2182 complet
530 2132 662 2170 Oratio
678 2132 857 2170 eiusdem
874 2133 998 2170 Bossii
1019 2131 1059 2169 in
1081 2143 1205 2169 caena
1221 2132 1294 2169 Do-

338 2194 458 2241 *mini⁷
483 2205 584 2244 quae
621 2195 767 2244 pariter
791 2195 826 2230 in
862 2193 954 2231 edit.
980 2205 1042 2232 an.
1069 2193 1171 2233 1627
1189 2204 1295 2231 com—

340 2261 462 2307 paret.

396 2319 904 2366 &stitwinusBOSSUTUS7
918 2319 1132 2357 Monachus
1147 2323 1186 2358 et
1197 2319 1299 2357 Can-

338 2389 397 2421 tor
416 2383 605 2422 Abbatiae
629 2383 872 2421 villariensis
897 2383 934 2419 in
967 2382 1174 2420 Brabantia
1193 2411 1201 2426 ,
1225 2382 1297 2419 Or-

338 2445 441 2483 dinis
464 2446 740 2485 Cisterciensis
763 2445 866 2483 cirea
888 2443 1049 2482 Annum
1077 2444 1177 2482 1230
1203 2445 1298 2482 scri-

339 2509 416 2558 psit
458 2508 582 2546 Vitam
615 2506 776 2546 Abunde·
804 2507 984 2546 Monachl
1027 2511 1067 2544 et
1101 2505 1302 2558 Arnulplzt'

339 2569 604 2618 Cornibautii,
618 2572 716 2609 Laici
734 2570 915 2608 conversi
927 2570 1183 2607 villariensis.
1202 2570 1297 2609 Vide

338 2633 538 2671 Oudinum
561 2638 655 2671 tom.
681 2633 756 2677 Ill,
782 2643 868 2683 pag.
896 2630 983 2671 107.

390 2694 585 2733 Johannes
600 2694 860 2734 BOSTONUS
873 2726 883 2743 ,
906 2695 1121 2734 Monachus
1136 2694 1296 2734 Ordinis

339 2759 376 2797 S.
406 2758 606 2797 Benedicti
643 2759 679 2796 in
711 2757 906 2797 Coenobio
938 2757 1129 2796 Buriensi‘
1154 2759 1191 2797 S.
1219 2758 1298 2797 Ed—

340 2822 475 2860 inundi
505 2833 564 2872 ap.
592 2822 870 2861 Suffolcienses
894 2822 933 2858 in
953 2820 1105 2871 Anglia.
1131 2821 1296 2872 Scripsit

342 2883 572 2934 catalogum
591 2884 839 2935 Scriptorum
856 2881 1066 2931 Ecclesiae,
1083 2881 1199 2933 cujus
1214 2888 1296 2921 tres

340 2947 504 2985 Codices
528 2947 633 2985 MSS.
655 2949 816 2984 exstant
841 2946 879 2983 in
904 2944 1044 2996 Anglia
1068 2946 1147 2983 triti
1181 2945 1298 2983 Usse-

343 3011 422 3056 rio,
448 3009 616 3048 Seldeno
637 3038 644 3055 ⁷
666 3009 796 3046 Galeo.
823 3008 878 3046 Ac
908 3018 1000 3059 spes
1026 3008 1130 3046 illius
1155 3005 1295 3045 edendi

346 3072 443 3110 iacta
467 3073 539 3110 An.
566 3072 667 3111 1723
692 3083 713 3109 a
737 3072 778 3108 T.
819 3072 1025 3120 Tannero,
1049 3081 1141 3109 cum
1174 3069 1298 3109 Anto-

346 3134 434 3170 nius
468 3134 602 3172 llallus
625 3134 764 3172 Oxonii
796 3134 897 3173 1722
927 3135 949 3171 8
983 3132 1189 3185 vulgasset
1225 3135 1298 3171 Bo-

347 3196 447 3230 stoni
472 3194 588 3233 liuius
612 3195 820 3247 Speculum
852 3195 1155 3236 Coenobitarum
1188 3196 1296 3235 libris

347 3256 411 3294 ΙΙΙ.
433 3255 526 3293 vide
544 3258 638 3295 Aeta
659 3259 913 3298 Eruditorum
938 3264 1032 3298 tom.
1057 3261 1112 3298 IX
1134 3257 1300 3309 Supple-

349 3318 470 3356 menti
496 3328 580 3367 pag.
608 3320 693 3358 181.
727 3322 886 3361 Praeter
909 3322 1004 3361 haec
1028 3322 1106 3363 duo
1130 3323 1299 3372 scripta,

1158 185 1538 227 BOSSU'I‘US

1381 260 1502 298 etiam
1514 257 1656 299 librum
1671 260 1718 300 de
1730 260 1852 301 rebus
1868 261 1936 301 sui
1949 262 2136 304 Coenobii
2149 270 2341 306 memorat

1381 322 1524 361 Baleus
1544 323 1705 364 Centur.
1731 325 1799 364 VII
1823 336 1906 377 cap.
1933 326 1985 365 47
2006 331 2047 366 et
2069 339 2119 366 ex
2142 329 2259 368 Baleo
2282 330 2342 368 Pi-

1380 389 1494 425 tseus
1514 397 1599 438 pag.
1625 389 1700 428 593
1724 389 1791 440 qui
1811 387 1885 428 An.
1908 390 2009 430 1110
2030 401 2123 431 eum
2146 391 2338 431 claruisse

1381 451 1567 489 testatur.

1431 511 1619 554 Nicolaus
1651 515 1940 563 BOTHERUS,
1972 516 2136 566 Gallus,
2175 517 2338 559 Ordinis

1378 574 1712 626 Praedicatorum‚
1734 575 1850 628 cujus
1874 577 2168 631 Confessionale
2190 580 2239 619 ad
2263 581 2338 620 Ca-

1379 638 1506 677 rolum
1529 639 1679 679 Ducem
1717 640 2020 680 Aurelianorum
2044 642 2147 681 circa
2171 641 2332 682 Annum

1381 701 1482 739 1440
1506 703 1795 753 compositum,
1820 704 1897 742 MS.
1922 704 1961 754 in
1986 703 2228 744 Bibliotheca
2263 705 2336 744 Re-

1380 763 1440 813 gis
1463 763 1802 804 Christianissimi.
1823 764 1920 804 Vide
1940 764 2142 804 Oudinum
2157 770 2251 804 tom.
2271 767 2337 815 ΙΙΙ,

1378 838 1464 877 pag.
1491 828 1605 867 2168.
1635 829 1790 869 Nullam
1830 827 1951 878 hujus
1974 827 2133 866 Botheri
2171 829 2338 866 mentio-

1377 900 1468 927 nem
1492 890 1582 928 faeit
1605 891 1774 929 Jacobus
1797 890 2006 930 Eehardus
2027 891 2068 927 in
2096 889 2337 930 Bibliotheca

1374 962 1446 990 sua
1469 952 1593 991 divite
1612 958 1652 990 et
1667 954 1887 1003 conquIsita
1910 951 2213 1004 diligentissime
2233 953 2336 993 Scri-

1372 1019 1531 1066 ptorum
1558 1017 1918 1054 Dominicanorum.

1427 1077 1646 1117 Guilelmus
1679 1078 1940 1128 BOTONER,
1965 1079 2096 1118 Pitseo
2130 1090 2220 1130 pag.
2244 1079 2333 1118 648.

1371 1140 1611 1180 Brittonerus
1635 1141 1686 1178 W
1689 1142 1966 1180 orcestriensis
1983 1142 2143 1192 :Rogeri
2167 1144 2335 1182 Baeonis

1370 1208 1410 1241 et
1444 1204 1636 1242 Johannis
1673 1203 1867 1243 Waltheri
1916 1205 2108 1243 insistens
2149 1206 2333 1257 vestigiis

1370 1267 1502 1305 clarus
1526 1268 1629 1305 circa
1666 1265 1828 1306 Annum
1865 1266 1980 1306 1170.
2004 1265 2104 1319 Ejus
2133 1268 2336 1319 praeclara

1371 1330 1518 1380 scripta
1533 1330 1571 1368 in
1588 1330 1806 1381 Anglorum
1827 1330 2080 1369 Bibliothecis
2102 1342 2225 1371 manu
2241 1342 2335 1370 exa-

1371 1397 1454 1431 rata
1472 1397 1703 1441 servantur,
1722 1391 2007 1445 polyandrium
2024 1392 2331 1443 Ooeoniensz‘um,

1370 1455 1418 1493 de
1443 1456 1543 1494 Viris
1567 1456 1788 1495 illustribus
1812 1456 2048 1496 Academiae
2069 1457 2195 1496 Oxon.
2225 1455 2333 1496 Veri-

1365 1518 1497 1569 ficatio
1521 1519 1693 1558 omnium
1716 1518 1924 1558 stellarum
1943 1519 2129 1571 fixarum
2152 1517 2199 1558 de
2217 1517 2330 1558 Anno

1371 1582 1490 1620 1440.
1514 1581 1635 1621 Varia
1662 1581 1950 1621 Astronomica.
1974 1583 2030 1621 De
2059 1580 2332 1622 Sam-amentis

1368 1643 1645 1684 Declicationis.
1674 1645 1775 1684 Acta
1797 1646 1842 1684 D.
1867 1644 2032 1684 Joaunis
2064 1643 2254 1697 Falstolfi.
2278 1645 2335 1683 De

1369 1706 1464 1756 aqrt'
1485 1706 1772 1760 Norfolciensz's
1793 1706 1960 1760 familiis
1983 1706 2159 1760 antiquis
2171 1718 2335 1758 ,qenero-

1368 1769 1437 1809 sis.
1461 1769 1559 1808 Vide
1579 1770 1781 1810 Oudinum
1802 1775 1909 1808 tomo
1926 1770 2002 1819 III,
2019 1781 2105 1821 pag.
2123 1770 2239 1810 2613.
2257 1768 2335 1808 Sed

1369 1837 1409 1871 et
1431 1833 1575 1872 Baleus
1603 1834 1691 1872 VIII
1716 1833 1766 1873 27
1797 1837 1970 1872 testatur
1993 1844 2036 1872 se
2072 1832 2223 1873 vidisse
2246 1831 2334 1883 ejus

1366 1894 1656 1948 Antiquitatum
1689 1895 1951 1947 Anqlicarum
1973 1896 2094 1935 libros
2116 1896 2183 1935 III.
2211 1894 2335 1936 Colle-

1367 1957 1511 1999 etz'ones
1539 1957 1804 1998 Mediclnales.
1834 1957 2162 1998 Abbreviatlones
2194 1958 2331 1997 Docto-

1365 2031 1469 2058 rum.
1494 2022 1550 2059 De
1572 2019 1810 2071 astroloqiae
1837 2019 1993 2069 valore,
2018 2019 2122 2071 quod
2161 2020 2328 2058 fortasse

1366 2083 1533 2119 Bacenis
1556 2087 1618 2120 est
1642 2084 1800 2133 potius,
1825 2087 1864 2121 et
1888 2080 2101 2132 Epistolas.

1420 2142 1552 2180 BOVO
1575 2143 1830 2194 Gallo-Belga
1854 2142 1986 2182 Abbas
2014 2142 2174 2182 Ordinis
2202 2145 2327 2183 Bene-

1370 2204 1463 2243 dict.
1482 2206 1705 2243 Monasterii
1731 2205 1971 2245 Sithivensis
1992 2206 2031 2243 in
2047 2207 2208 2245 Morinis
2225 2208 2328 2245 circa

1371 2267 1532 2307 Annum
1551 2268 1665 2307 1060.
1691 2268 1814 2307 Cuius
1838 2269 2008 2306 narratio
2029 2267 2077 2307 de
2100 2269 2328 2307 inventione

1370 2335 1409 2368 et
1433 2331 1653 2369 elevatione
1682 2331 1854 2380 corporis
1879 2330 1916 2368 S.
1955 2329 2110 2369 Bertini
2139 2329 2327 2380 Abbatis,

1369 2393 1418 2430 ob
1452 2393 1767 2431 Normannorum
1799 2395 1951 2430 metum
1989 2392 2203 2442 reconditi,
2229 2394 2332 2433 facta

1371 2454 1431 2493 An
1469 2454 1571 2493 4052
1596 2453 1700 2492 edita
1725 2465 1747 2492 a
1781 2454 2001 2495 Mabillonio
2035 2455 2122 2494 Sec.
2148 2455 2213 2494 111.
2242 2454 2330 2495 Act.

1374 2517 1440 2555 SS.
1467 2516 1668 2555 Benedict.
1690 2527 1776 2567 pag.
1804 2516 1892 2556 153.

1423 2577 1703 2627 BOUSLAUS,
1730 2579 1815 2616 sive
1838 2578 2135 2619 BOHUSLAUS
2157 2579 2205 2619 de
2227 2581 2331 2620 Has-

1371 2639 1560 2690 sensum,
1586 2641 1631 2688 a)
1657 2642 1756 2680 Baro
1785 2652 1808 2680 a
1837 2641 2079 2689 Lockewitz,
2102 2643 2329 2694 Bohemus‚

1369 2703 1432 2740 vir
1449 2704 1630 2752 egregius
1645 2707 1684 2741 et
1701 2703 1855 2742 amoeni
1875 2704 2038 2754 ingenii,
2056 2703 2269 2744 defunctus
2286 2698 2329 2744 in

1370 2776 1460 2804 arce
1481 2766 1740 2804 Hassenstein
1766 2777 1869 2804 anno
1892 2767 2006 2806 1510.
2030 2767 2203 2806 Exstant
2239 2766 2327 2817 ejus

1371 2826 1664 2867 lucubrationes
1687 2827 1897 2868 oratoriae
1917 2829 1952 2877 b)
1973 2840 2065 2869 cum
2085 2831 2168 2869 vita
2187 2841 2209 2869 a
2228 2829 2329 2868 Tho-

1425 2933 1457 2972 ε)
1476 2932 1722 2973 Gundlingiana
1745 2935 1797 2965 XV
1814 2942 1889 2974 pag.
1912 2934 1974 2966 400
1996 2943 2065 2975 seq.
2084 2933 2227 2966 sacobus
2243 2936 2330 2965 Bur-

1365 2984 1466 3015 ckard
1485 2985 1518 3014 in
1537 2985 1733 3015 Germaniae
1750 2986 1861 3024 equite
1875 3007 1885 3022 ‚
1905 2984 2124 3016 humanitatis
2143 2991 2332 3024 propugna-

1368 3037 1438 3063 lore
1458 3041 1531 3073 pag.
1550 3033 1591 3064 58
1610 3041 1677 3073 seq.
1695 3033 1864 3064 Burchard
1881 3033 2032 3065 Gotthels
2045 3034 2196 3064 Struvius
2215 3035 2330 3065 Fasci-

1363 3082 1437 3113 culo
1454 3084 1505 3111 vii
1523 3091 1597 3123 pag.
1615 3083 1634 3113 5
1650 3091 1688 3114 ex
1697 3083 1852 3122 Epistolis
1868 3084 1960 3113 MStis
1969 3085 2003 3114 B.
2021 3074 2133 3114 Jacobi
2148 3081 2329 3115 Thomasii:

1365 3140 1443 3171 prae
1460 3136 1598 3164 caeteris
1621 3136 1732 3163 autem
1754 3134 1897 3163 loannes
1911 3132 2169 3172 christophorus
2189 3132 2329 3164 Colerus

1364 3183 1398 3212 iii
1421 3184 1575 3213 Memoria
1600 3182 1752 3214 Bohuslai
1790 3183 2029 3213 Hassensteinli
2053 3182 2240 3220 illustrata,
2262 3184 2332 3214 Wi-

1364 3231 1518 3272 tebergae
1543 3232 1622 3263 1710
1638 3237 1670 3265 et
1687 3231 1766 3263 1721
1791 3231 1822 3263 4.
1846 3232 2078 3273 Bibliotheque
2102 3234 2328 3274 Germanique

1368 3285 1448 3313 toin.
1474 3284 1542 3313 xiv
1556 3308 1565 3322 ‚
1584 3291 1659 3323 pag.
1675 3281 1726 3314 68.

1430 3333 1464 3372 b)
1488 3334 1567 3365 vtae
1585 3334 1765 3366 Clarissimi
1786 3333 1970 3366 Heumanni
1990 3334 2185 3366 Orationem
2203 3331 2251 3373 de·
2265 3334 2330 3366 trt-
