2500 3841
868 194 1258 234 ALFREDUS
1998 192 2050 231 65

81 264 142 303 fol.
171 266 210 302 et
232 260 335 313 apud
363 261 682 312 Speelmannium
713 267 740 301 t.
771 265 785 301 I
815 264 1018 304 Concilior.

80 325 300 366 Britanniae
315 319 406 375 pag.
433 324 527 373 354,
548 325 623 362 364
644 325 709 363 ubi
728 328 768 363 et
787 327 948 377 antiqua
961 339 1025 366 ea-

80 398 169 425 rum
190 387 320 424 versio
339 386 475 424 Latina
494 397 579 436 pag.
601 384 676 425 375
705 390 744 425 et
767 388 862 427 aliae
885 389 933 427 ab
959 388 1026 427 Al-

79 447 200 486 vredo
223 451 263 486 et
286 448 492 487 Guthurno
509 448 610 487 latae
630 459 715 499 pag.
738 448 813 487 375
833 461 881 488 ex
897 452 1023 488 veteri

78 509 214 548 Latina
236 510 417 548 versione
441 510 479 547 in
499 509 689 549 Chronico
708 511 868 549 Joannis
891 513 1024 550 Brom-

77 571 186 622 ptoni
198 601 208 619 ‚
224 570 385 610 Abbatis
398 572 417 609 J
422 571 665 616 ornallensis.
683 583 783 622 quae
794 572 896 623 apud
912 574 1025 611 Lom-

78 633 244 676 bardum
266 632 550 672 desiderantur.
579 632 861 671 Testamentum
876 632 1024 672 Alfredi

79 695 199 746 hujus
214 696 253 733 in
269 693 355 745 ejus
370 696 452 732 vita
465 695 609 745 scripta
624 695 672 733 ab
689 695 846 734 Asserio
861 707 946 747 pag.
959 696 1021 735 22.

130 755 391 796 ALFREDUS
429 756 468 793 in
492 756 755 796 Glastoniensi
792 759 1022 796 Monasterio

77 820 284 868 educatus,
307 823 427 869 atque
447 818 537 857 inde
558 831 607 858 ex
625 819 775 858 Abbate
790 817 1024 858 Malmesbu-

74 881 200 921 riensi
232 881 451 932 Episcopus
492 882 531 919 in
568 881 707 932 Anglia
732 879 948 922 Cridiensis
983 881 1021 920 in

75 943 302 984 westsexia
326 944 502 982 Devonia
541 942 721 993 Angliae,
762 943 892 981 clarus
920 942 1022 979 circa

74 1005 235 1046 Annum
245 1005 318 1043 980
335 1005 492 1055 scripsit
507 1003 627 1044 libros
647 1004 693 1044 de
707 1003 863 1043 naturis
872 1013 1019 1050 rerum,

74 1073 116 1108 et
138 1067 184 1107 cle
207 1065 328 1106 rebus
346 1065 531 1107 Coenobii
549 1065 840 1114 Glastoniensis,
857 1068 897 1103 et
919 1063 966 1102 de
979 1064 1018 1103 S.

72 1128 284 1170 Aldhelmo.
325 1128 422 1168 Vide
445 1130 621 1167 Pitseum
643 1139 729 1178 pag.
756 1126 830 1166 179
868 1137 950 1175 seq.
980 1128 1021 1163 et

71 1192 291 1231 Johannem
312 1191 448 1229 Prince
470 1191 515 1228 10·
530 1190 632 1230 Viris
656 1188 874 1229 illustribus
895 1188 1022 1225 Devo-

73 1254 299 1303 niensibus,
327 1253 394 1291 the
418 1252 610 1292 worthies
637 1251 679 1289 of
698 1252 853 1299 Devon,
880 1249 1019 1288 Exonii

75 1314 170 1354 1701
200 1315 263 1353 fol.
283 1313 383 1353 Acta
403 1313 558 1355 Erudit.
581 1312 682 1352 1702
706 1323 742 1362 p.
767 1312 856 1351 282.

122 1376 382 1418 ALFREDUS
395 1374 543 1414 Nothus
551 1405 562 1424 ,
578 1375 688 1414 Osvii
703 1375 819 1425 Regis
834 1373 1021 1413 Nordam-

69 1439 326 1479 humbrorum
340 1437 615 1476 exconcubina
629 1436 752 1485 filius,
766 1436 858 1475 exul
875 1437 912 1473 in
930 1435 1021 1473 Sco-

68 1502 140 1550 tia,
163 1504 265 1539 teste
285 1499 422 1538 eodem
438 1499 566 1537 Pitseo
584 1509 669 1549 pag.
696 1498 770 1537 115
795 1496 935 1535 studiis
958 1495 1021 1534 lit-

68 1566 242 1602 terarum
263 1572 305 1600 se
328 1564 456 1599 totum
472 1559 596 1609 dedit,
613 1559 783 1610 obiitque
799 1558 913 1598 Anno
928 1557 1016 1597 705.

66 1624 129 1664 Ex
166 1623 321 1674 scriptis
361 1620 468 1672 ejus,
499 1632 668 1672 quorum
708 1621 883 1672 plurium
912 1621 1018 1670 ipsos

67 1687 187 1725 etiam
208 1685 345 1724 titulos
382 1685 436 1723 ait
477 1683 741 1732 intercidisse,
788 1682 883 1720 nihil
911 1680 1018 1720 aliud

66 1750 367 1795 commemorat,
383 1757 502 1796 quam
521 1743 738 1796 Epistulam
752 1743 805 1782 ad
818 1742 1016 1784 Adaman-

65 1820 161 1847 ‘num
178 1808 391 1847 colludium
415 1818 552 1855 suum,
576 1807 770 1855 aliamque
785 1804 839 1843 acl
854 1804 1013 1843 Hildam

64 1868 332 1918 Abbatissam,
357 1872 397 1908 et
418 1866 562 1907 librum
584 1866 851 1918 Epistularum
873 1866 927 1905 ad
943 1866 1014 1906 Co-

68 1931 292 1971 lemannum
311 1934 353 1969 et·
368 1940 470 1971 suos.

114 1993 371 2033 ALFRICUS.
396 2003 531 2042 supra,
555 1990 827 2031 AELFRICUS.

117 2055 380 2100 ALFRICUS,
400 2052 532 2093 Abbas
554 2054 594 2092 S.
618 2051 779 2102 Albani,
795 2052 1013 2092 Benedicti-

65 2130 160 2168 nus,
181 2116 296 2168 cujus
317 2114 557 2167 Liturqiam,
581 2126 702 2166 quam
725 2114 779 2154 ad
800 2125 916 2153 usum
931 2115 1013 2154 Mo-

64 2180 226 2220 chorum
246 2189 410 2220 suorum
431 2176 662 2228 composuit,
686 2176 819 2217 laudat
849 2177 1015 2215 Mattha-

61 2254 134 2282 eus
155 2242 263 2281 Paris
286 2244 326 2279 et
345 2251 395 2278 ex
421 2250 466 2278 00
489 2240 646 2278 Ρ1150115
666 2250 750 2290 pag.
776 2239 855 2278 825
882 2249 927 2277 30
943 2240 1014 2277 Β3-

63 2305 150 2343 10115
169 2304 332 2344 Centur.
352 2303 390 2344 X
409 2312 447 2352 p.
469 2302 532 2340 38.

113 2367 169 2405 De
187 2366 273 2405 aliis
294 2363 522 2404 ALFRICIS
547 2375 665 2414 supra
688 2365 727 2401 in
750 2361 992 2402 AELFRICO.

113 2427 374 2477 ALFRIDUS,
413 2427 498 2466 sive
532 2423 730 2477 Altfridus
770 2424 1014 2475 Mimigarde-

64 2489 272 2538 fordensis,
294 2490 379 2528 sive
400 2488 720 2529 Monaster-iensis
743 2487 783 2524 in
803 2486 1014 2536 Westpha-

64 2551 114 2591 lia
133 2551 350 2600 Episcopus
365 2551 413 2588 ab
436 2549 550 2588 Anno
569 2549 644 2586 839
671 2548 719 2586 ad
743 2549 831 2585 849.
852 2548 1014 2597 Scripsit

64 2611 113 2650 ad
135 2610 342 2650 Monachos
371 2609 553 2649 Coenobii
573 2610 610 2647 S.
643 2609 857 2647 Salvatoris
889 2607 1013 2649 Vitam

64 2674 105 2712 S.
128 2669 314 2722 Liudqeri
332 2671 447 2721 primi
470 2669 518 2708 ab
534 2668 647 2708 Anno
670 2669 757 2709 802.
773 2668 1015 2718 Mimigarde-

67 2732 259 2773 fordensis
281 2732 482 2782 Episcopi,
502 2742 603 2780 quae
636 2733 766 2768 exstat
790 2731 895 2769 notis
929 2730 1015 2770 illu-

67 2799 191 2835 strata
213 2796 252 2835 in
275 2792 387 2833 Actis
422 2794 655 2832 Sanctorum
689 2791 738 2830 26
762 2792 885 2830 Martii
920 2795 1012 2829 tom.

67 2858 121 2897 111
162 2867 249 2908 pag.
280 2856 355 2895 626
378 2858 418 2897 01
458 2855 497 2892 10
537 2853 745 2892 Mabillonii
770 2851 932 2892 Saeculo
965 2853 1014 2891 IV

67 2916 258 2961 Actorum
279 2916 623 2958 Benedictinorum
644 2925 728 2964 pag.
751 2911 818 2965 452,
847 2912 1014 2963 denique

68 2980 216 3023 auctior
238 2983 278 3018 et
298 2978 540 3018 emendatior
573 2988 621 3014 ex
659 2976 765 3014 MSto
787 2974 1016 3024 Gvelferby-

68 3045 160 3084 1300
177 3041 216 3078 10
230 3040 408 3084 Leibnitii
434 3037 696 3089 Scriptoribus
719 3036 1016 3075 Brunsviceusi-

70 3103 144 3141 bus
167 3103 296 3140 tom.l
325 3113 410 3153 pag.
437 3102 485 3140 85
509 3111 586 3139 1103
615 3110 706 3137 cum
743 3101 925 3147 excerpto
965 3108 1014 3135 cx

71 3164 216 3203 litaniis
239 3163 474 3214 rhythmicis
494 3164 616 3200 vitam
641 3161 678 3199 S.
700 3159 864 3209 Ludgeri
893 3159 1014 3196 conti-

71 3224 276 3274 nentibus,
300 3224 534 3264 Wcrthinae
569 3223 734 3273 scriptis.
774 3219 1014 3259 Conferenda

73 3286 153 3327 vita
174 3285 340 3337 Ludgeri
379 3286 538 3336 vulgata
568 3295 590 3324 a
623 3282 898 3334 Christophcro
925 3283 1016 3321 Bro-

1096 278 1206 307 wero
1226 266 1263 305 S.
1285 266 1318 303 J.
1335 265 1373 302 in
1392 261 1588 302 sideribus
1605 260 1817 300 illustrium
1835 264 1875 299 et
1894 268 2048 301 sancto—

1096 340 1183 366 rum
1206 328 1378 365 vitorum
1401 326 1649 370 Germaniae,
1674 324 1843 373 Mogunt.
1870 324 1984 371 1616,
2008 326 2041 362 4.

1148 389 1396 435 ALGERUS,
1418 388 1503 426 aliis
1525 384 1761 434 Adellierus,
1791 386 1855 424 vel
1883 385 2046 438 Adelye-

1094 464 1182 501 rus,
1205 453 1400 490 Diaconus
1422 454 1464 487 et
1497 448 1762 487 scholasticus
1794 447 2042 497 Leodiensis,

1095 514 1234 552 deinde
1258 512 1470 552 Monachus
1508 510 1778 549 Cluniacensis
1818 510 2043 549 Benedicti-

1096 587 1193 624 nus,
1218 579 1262 613 ut
1284 577 1439 613 constat
1458 583 1507 610 ex
1526 570 1656 620 Algeri
1681 571 1814 620 elogio,
1836 571 1938 620 quod
1958 573 2041 623 ipso

1095 637 1306 688 superstite
1331 635 1487 684 scripsit
1510 633 1685 682 aequalis
1714 631 1800 681 ejus
1829 633 2015 672 Nicolaus
2032 665 2041 681 ,

1095 699 1314 737 Canonicus
1331 695 1572 739 LeodiensiS,
1585 693 1783 743 ediditque
1800 694 2043 734 Mabillonius

1095 764 1186 797 torn.
1213 757 1423 796 IAnalect.
1452 767 1531 806 par.
1572 755 1647 793 303
1685 754 1893 803 (editionis
1918 769 2042 796 novae

1094 832 1179 870 pag.
1202 820 1314 867 129.)
1336 817 1433 868 Ejus
1462 815 1583 855 libros
1605 816 1672 854 III
1705 815 1750 853 de
1790 817 2043 857 Sacramento

1097 879 1284 931 Corporis
1313 883 1351 918 et
1369 878 1582 930 Sanquinis
1621 878 1815 917 DOMINI
1851 879 2044 918 adversus

1093 942 1371 991 Berengarium
1408 941 1587 991 vulgavit
1615 941 1823 988 Erasmus,
1859 939 2044 979 Antwer-

1093 1004 1178 1054 piae
1199 1004 1299 1042 1536
1318 1015 1409 1042 cum
1433 1003 1687 1050 praefatione,
1702 1014 1821 1052 quam
1837 1003 1939 1040 inter
1953 1003 2044 1052 Epi—

1094 1065 1215 1104 stolas
1240 1066 1395 1104 Erasmi
1418 1065 1581 1104 XXVIII
1606 1065 1653 1103 10
1692 1076 1727 1114 p.
1755 1064 1866 1103 1657.
1896 1064 2044 1102 Londi—

1094 1138 1239 1166 nenses
1267 1127 1464 1166 exhibent.
1507 1128 1648 1165 Recusi
1682 1130 1776 1165 sunt
1809 1126 1948 1164 deinde
1993 1138 2043 1164 ex

1093 1190 1113 1227 J
1117 1191 1254 1228 oannis
1268 1190 1485 1229 Vlimmerii
1500 1189 1747 1236 recensione,
1764 1190 1922 1227 Lovanii
1940 1190 2035 1227 1561

1091 1263 1183 1290 cum
1191 1251 1400 1300 Paschasii,
1412 1251 1666 1289 Lanfranciet
1675 1250 1906 1289 Gvitmundi
1923 1252 2043 1301 scrip-

1092 1315 1143 1352 tis
1166 1313 1214 1352 de
1236 1312 1373 1352 eodem
1393 1317 1636 1363 argumento.
1653 1312 1674 1334 *²
1697 1313 1747 1351 Et
1767 1314 1805 1350 in
1829 1312 2039 1351 Bibliothe-

1092 1376 1148 1413 cis
1169 1377 1330 1414 Patrum
1351 1376 1470 1413 Paris.
1497 1374 1598 1413 1575
1622 1378 1726 1412 101110
1746 1375 1797 1413 IV
1819 1372 1893 1412 An.
1917 1374 2039 1420 1589,

1093 1438 1210 1484 1644,
1234 1437 1435 1476 16541010
1453 1437 1503 1474 VI
1538 1436 1670 1476 Colon.
1696 1437 1796 1475 1618
1832 1440 1937 1474 101110
1966 1437 2038 1474 XII

1090 1504 1131 1539 et
1150 1500 1271 1550 Lugd.
1297 1497 1398 1538 1677
1418 1502 1523 1536 tomo
1545 1498 1652 1536 XXI.

1143 1562 1302 1600 Librum
1325 1561 1567 1611 tripartitum
1589 1558 1635 1598 cle
1657 1558 1948 1607 misericordia,
1970 1560 2040 1611 Ju-

1089 1623 1212 1673 stitia,
1237 1626 1276 1662 et
1291 1622 1337 1662 de
1356 1621 1454 1670 illis,
1479 1620 1550 1672 qui
1571 1625 1692 1660 ecctra
1715 1620 1957 1670 Ecclesiam(
1973 1633 2039 1659 ex—

1089 1685 1400 1734 communicatis,
1417 1683 1631 1731 damnatis,
1648 1683 1931 1731 schismaticis,
1948 1682 2039 1721 hae-

1089 1747 1244 1796 reticis)
1274 1747 1425 1797 primus
1447 1756 1497 1783 ex
1520 1745 1646 1783 tribus
1669 1745 1878 1784 Codicibus
1900 1745 2039 1795 vulga-

1086 1809 1144 1846 vit
1164 1806 1400 1847 Edmundus
1422 1807 1598 1844 Martene
1623 1810 1728 1845 tomo
1752 1808 1889 1856 quinto
1912 1805 2040 1844 Anec-

1084 1869 1263 1908 dotorum
1285 1879 1370 1919 pag.
1396 1867 1510 1914 1020,
1527 1868 1719 1916 premisso
1742 1868 1860 1906 etiam
1888 1867 2033 1906 Nicolai

1084 1930 1328 1979 Leodiensis,
1349 1929 1453 1980 quod
1473 1927 1554 1978 jam
1576 1929 1791 1968 memoravi
1820 1929 1967 1979 elogio,
1991 1932 2032 1966 01

1083 1990 1214 2043 Algeri
1232 1992 1488 2043 praefatione,
1508 2004 1628 2043 quam
1643 1992 1766 2029 solam
1781 1991 2027 2029 Mabillonius

1083 2055 1316 2105 vulgaverat
1342 2058 1448 2092 tomo
1471 2055 1486 2093 Ι
1519 2053 1798 2093 Analectorum
1826 2063 1911 2103 pag.
1944 2052 2032 2090 307.

1087 2116 1294 2166 (editionis
1314 2127 1442 2154 novae
1460 2127 1545 2167 pag.
1573 2116 1659 2156 130.
1678 2115 1686 2163 )

1139 2178 1287 2217 Eodem
1303 2178 1457 2217 Nicolao
1474 2182 1575 2216 teste
1591 2176 1796 2228 antiquam
1810 2175 2036 2227 diqnitatem

1086 2240 1312 2278 Leodiensis
1349 2238 1552 2278 Ecclesiae
1579 2237 1769 2277 relatione
1805 2241 1843 2276 et
1876 2238 2037 2289 scriptis

1085 2302 1276 2354 majorem
1298 2301 1395 2340 adeo
1430 2300 1635 2352 diliyeuter
1657 2298 1796 2338 habuit
1820 2300 2037 2350 coynitam,

1085 2367 1131 2403 ut
1156 2374 1242 2403 eam
1262 2367 1381 2402 totam
1403 2362 1458 2402 ad
1471 2361 1690 2402 subsidium
1709 2360 1920 2400 memoriae
1933 2361 2037 2400 scri-

1079 2429 1191 2476 ptam
1212 2424 1434 2477 reliquerit.
1464 2424 1542 2464 Sed
1579 2435 1653 2462 non
1686 2424 1814 2462 lucem
1848 2423 1946 2461 vidit
1974 2424 2037 2462 illa

1086 2488 1302 2537 lucubratio
1320 2516 1328 2535 ,
1347 2488 1451 2525 sicut
1475 2497 1547 2524 nec
1570 2484 1801 2525 Carminum
1820 2484 1928 2528 liber,
1946 2496 2036 2522 nam

1086 2552 1125 2586 et
1153 2559 1270 2586 versu
1293 2548 1484 2594 valuisse,
1510 2547 1749 2584 Trithemius
1771 2557 1853 2595 cap.
1884 2545 1958 2583 328
1988 2545 2037 2586 de

1087 2611 1125 2648 S.
1149 2610 1193 2648 E.
1216 2613 1256 2647 et
1276 2609 1339 2647 lib.
1361 2609 1394 2646 II
1418 2619 1501 2658 cap.
1523 2608 1572 2645 90
1598 2607 1645 2646 de
1669 2607 1888 2645 illustribus
1912 2608 2036 2644 Benc-

1087 2669 1246 2708 dictinis
1265 2674 1328 2707 est
1349 2673 1532 2707 testatus.

1139 2730 1329 2770 Libellum
1353 2729 1398 2768 de
1418 2728 1554 2779 =qratia
1578 2732 1615 2767 et
1633 2728 1753 2767 libero
1772 2726 1953 2778 arbitrio,
1969 2740 2036 2767 cu-

1082 2792 1149 2843 jus
1169 2793 1408 2830 mentionem
1435 2791 1525 2828 facit
1548 2790 1805 2837 Trithcmius,
1846 2789 2036 2833 debemus

1086 2856 1175 2893 Viro
1204 2853 1427 2892 Clarissimo
1448 2852 1644 2890 Bernardo
1672 2853 1765 2901 Pez,
1789 2853 1856 2901 qui
1883 2863 1933 2890 ex
1962 2852 2023 2890 Co.

1086 2916 1171 2955 dice
1205 2914 1504 2954 Uffenbachiano
1530 2914 1638 2953 illum
1662 2913 1823 2964 protulit
1851 2917 1955 2952 tomo
1985 2914 2035 2952 IV

1087 2976 1376 3025 Anccdotorum
1401 2977 1512 3014 Parte
1537 2976 1568 3013 11
1594 2986 1677 3026 pag.
1701 2976 1788 3014 113.

1139 3098 1151 3111 ·
1174 3097 1346 3131 Lanu-anci
1364 3102 1396 3130 et
1413 3100 1609 3136 Gvitmundi.
1622 3100 1755 3140 scriptis
1774 3098 1927 3138 Algerum
1946 3105 2042 3138 prac-

1080 3147 1142 3179 sert
1164 3150 1278 3178 Petrus
1300 3148 1538 3179 cluniacensis.
1561 3150 1706 3180 Antonio
1730 3149 1833 3187 Pugio
1864 3149 1963 3179 ctiam
1983 3149 2040 3187 J'u-

1080 3197 1153 3228 dice
1176 3196 1217 3227 ad
1240 3200 1372 3228 Annum
1399 3195 1479 3228 1152
1506 3206 1598 3236 num.
1624 3197 1661 3229 18
1687 3205 1782 3228 nemo
1808 3197 1943 3235 melius,
1977 3197 2041 3229 cla-

1078 3247 1146 3277 rius
1160 3268 1169 3283 ‚
1192 3245 1399 3286 eloquentius
1421 3248 1596 3279 materiam
1615 3246 1654 3279 de
1673 3248 1704 3278 S.
1727 3246 1937 3279 Eucharistiu
1972 3251 2044 3278 tra-

1086 3297 1206 3328 elavit.

1539 3338 1559 3371 9
