2500 3841
922 217 1261 260 FAUs‘TUS

104 284 179 322 bus
198 315 209 333 ,
236 288 280 322 ut
305 284 454 323 faciunt
478 284 715 324 sirmondus
739 285 925 327 historiae
939 290 1054 328 Prae-

104 345 372 386 destinatiana
387 357 421 385 c.
437 346 473 385 8.
499 350 593 386 tom.
616 348 651 386 4.
670 348 844 400 Operum
860 362 946 402 pag.
966 352 1054 400 420,

106 419 190 458 seq.
217 412 258 447 et
276 408 460 447 Ruardus
475 410 678 460 Tapperus
693 412 797 462 apud
812 413 1001 453 Baelium:
1023 416 1057 462 a)

107 471 173 510 vel
214 474 323 509 certe
370 471 587 522 resipuisse
621 475 895 515 statuentibus
920 508 929 526 ,
966 476 1058 516 vIde

103 532 396 572 Sammarthani
443 534 611 574 Galliam
649 536 920 577 Christianam
959 544 1056 578 tom.

103 595 220 634 tertio
243 606 331 646 pag.
353 595 444 634 936.
468 597 598 636 Etiam
624 610 693 649 pro
715 599 859 638 Sancto
880 601 1056 640 habenti-

103 657 178 697 bus
208 659 437 707 nonnullis,
463 660 511 699 de
549 661 695 711 quibus
731 662 920 703 laudatus
943 665 1060 703 Tille-

102 721 279 759 montius
313 732 399 773 pag.
431 723 532 772 434,
573 735 657 775 seq.
697 725 843 776 scripta
872 727 1004 765 Fausti
1036 738 1058 766 a

108 782 315 822 Gennadio
343 795 428 835 cap.
457 786 508 824 85
538 792 755 826 memorata
786 787 883 827 haec
907 793 1031 827 sunt:

157 847 191 886 4.
217 844 338 885 Liber
359 845 406 886 de
435 847 591 899 Spiritu
614 850 756 888 Sancto
778 881 788 899 ,
810 852 878 900 qui
899 851 1060 890 videtur

107 908 372 957 intercidisse,
397 911 474 949 nisi
494 922 587 950 cum
612 911 768 951 Oudino
792 916 887 952 tom.
914 914 948 952 4.
973 925 1058 964 pag.

106 970 210 1010 4304
233 1000 242 1020 ,
281 982 365 1022 seq.
391 976 432 1011 et
457 973 559 1012 4339
575 1005 586 1022 ,
619 985 702 1024 seq.
727 975 830 1014 velis
861 975 1058 1014 affirmare

103 1034 239 1073 Fausti
257 1045 348 1073 esse
371 1034 492 1074 libros
513 1035 614 1075 duos
639 1035 688 1075 de
710 1037 859 1088 Spiritu
884 1037 1029 1076 Sancto
1049 1029 1073 1087 ,'

104 1096 170 1146 qui
196 1106 220 1134 a
256 1096 434 1148 Gregorii
466 1099 596 1150 Magni
615 1098 698 1149 Jam
722 1099 971 1150 temporibus
1005 1099 1059 1138 fe-

103 1162 250 1198 runtur
277 1158 354 1198 sub
382 1161 542 1199 nomine
571 1160 861 1210 PASCHASII,
899 1162 1058 1200 Diaconi

105 1221 284 1260 Romani.

157 1284 195 1323 2.
220 1284 332 1335 Opus
355 1282 402 1322 de
427 1283 572 1323 Gratia
598 1286 696 1323 DEI
721 1297 806 1338 qua
835 1286 1058 1335 salvamur,

105 1350 143 1386 et
171 1344 322 1385 liberae
364 1346 506 1386 mentis
542 1347 744 1396 arbitrio,
784 1350 869 1388 slve
894 1354 939 1389 ut
976 1350 1060 1400 ipse

104 1410 306 1456 Faustus,
336 1407 383 1447 de
412 1409 600 1448 tenuitate
643 1409 763 1450 liberi
796 1409 975 1450 arbitrii.
1014 1413 1060 1450 Hi

105 1475 201 1511 sunt
229 1471 316 1510 libri
352 1471 431 1511 duo
469 1472 543 1511 hoc
581 1473 630 1512 de
662 1479 924 1525 argumento,
960 1485 1062 1524 quos

104 1534 300 1574 habemus
321 1563 330 1581 ,
349 1538 490 1574 contra
515 1534 708 1574 Lucidum
728 1538 865 1587 scripti
891 1536 966 1575 An.
985 1535 1062 1575 475

104 1608 231 1636 suasu
255 1597 509 1647 Synodorum
537 1599 786 1637 Arelatensis
823 1604 863 1638 et
901 1599 1064 1650 Lugdu-

105 1660 255 1699 nensis.
276 1659 375 1699 Vide
395 1660 653 1700 Sirmondum
674 1665 769 1699 tom.
792 1662 827 1701 2.
853 1661 1060 1702 Concilior.

106 1723 256 1762 Galliae
278 1735 318 1775 p.
343 1723 434 1774 447,
465 1724 555 1763 452.
584 1722 832 1763 Ludovicum
859 1724 1064 1762 Thomasi-

107 1797 205 1835 num
230 1790 325 1824 tom.
352 1787 366 1825 4
397 1785 447 1824 ad
470 1786 675 1835 Concilia,
708 1785 803 1825 diss.
839 1786 945 1825 XIII.
977 1797 1063 1837 pag.

110 1848 210 1897 435,
231 1858 316 1897 seq.
346 1850 387 1886 et
411 1847 711 1886 Tillemontium
734 1852 831 1886 tom.
850 1849 953 1887 XVI.
972 1859 1057 1898 pag.

109 1911 198 1950 425.
219 1911 264 1948 In
285 1909 360 1948 hoc
387 1920 506 1960 opere
529 1908 650 1960 docet,
674 1914 720 1949 ut
743 1910 935 1961 estssapud
959 1910 1063 1948 Gen-

109 1972 269 2012 nadium
285 2003 297 2020 ,
323 1970 509 2010 Gratiam
531 1971 628 2009 DEI
646 1983 801 2024 semper
825 1975 863 2010 et
892 1972 1064 2011 invitare

108 2038 147 2074 et
156 2035 310 2087 Juvare
333 2034 370 2083 b)
395 2033 634 2073 voluntatem
658 2037 838 2073 nostram
854 2066 864 2082 ,
893 2037 932 2072 ct
956 2034 1065 2086 quic-

109 2095 207 2149 quid
219 2095 308 2147 ipsa
322 2094 488 2136 libertas
511 2094 680 2134 arbitrii
703 2094 839 2135 labore
854 2096 948 2147 piae
962 2107 1066 2134 mer-

109 2158 216 2199 cedis
242 2157 474 2210 acqisierit,
499 2170 576 2196 non
608 2169 693 2197 esse
709 2157 922 2210 proprium
945 2157 1064 2196 meri-

109 2225 204 2273 tum,
245 2220 315 2260 sed
351 2220 516 2260 Gratiae
553 2219 709 2259 donum.
745 2222 902 2260 Primus
941 2220 1064 2259 edidit

105 2286 279 2324 Joannes
322 2282 518 2323 Heroldus
559 2284 599 2321 in
644 2282 1062 2334 orthodoxographis,

106 2347 284 2386 Basileae
323 2347 426 2385 4555
447 2375 456 2393 ,
499 2346 563 2384 fol.
607 2356 771 2385 recusos
809 2346 849 2383 in
893 2344 1064 2383 editione

110 2409 212 2449 4569
243 2412 284 2447 et
313 2409 354 2446 in
382 2407 640 2447 Bibliothecis
669 2409 832 2446 Patrum
862 2407 1065 2446 universis

110 2476 151 2512 et
179 2472 218 2517 in
261 2471 479 2523 novissima
524 2469 782 2522 Lugdunensi
825 2472 920 2507 tom.
964 2468 1062 2507 VIII.

110 2546 201 2587 pag.
233 2534 322 2573 525.

163 2597 186 2635 3
217 2594 425 2636 Adversus
459 2594 634 2635 Arianos
681 2598 720 2633 et
762 2592 1065 2633 Macedoniams

110 2670 261 2711 parvus
289 2659 447 2698 libellus
465 2688 474 2707 ,
498 2663 539 2697 et
559 2658 662 2697 alius
678 2655 876 2695 adversus
895 2666 978 2704 eos,
999 2667 1065 2706 qui

112 2721 251 2761 dicunt
270 2732 353 2760 esse
377 2720 418 2760 in
455 2719 658 2759 creaturis
695 2716 852 2769 aliquid
891 2716 1068 2769 incorpo-

111 2795 236 2823 reum.
262 2784 368 2823 Haec
402 2782 583 2822 creditur
606 2793 698 2820 esse
731 2779 909 2830 Epistola
929 2779 977 2817 ad
1003 2790 1071 2817 ne-

117 2848 199 2886 scio
239 2858 360 2898 quem
388 2844 774 2886 Reverendissimum
795 2840 1070 2887 Sacerdotem,

113 2920 234 2960 quam
272 2921 293 2948 a
322 2913 438 2960 parte
475 2908 671 2946 anteri0re
712 2906 963 2956 integriorem
994 2904 1070 2954 pri-

114 2983 206 3010 mus
231 2972 412 3023 vulgavit
435 2971 632 3010 Henricus
653 2968 852 3015 Canisius,
873 2965 1066 3004 decimam

169 3110 206 3151 a)
221 3109 328 3152 Baelii
348 3111 556 3142 Dictionaire
582 3112 614 3141 in
638 3110 773 3147 Topper
786 3131 795 3138 -
817 3110 895 3137 nota
913 3108 948 3136 F.

172 3160 208 3199 b)
226 3162 276 3192 na
289 3159 400 3192 Codex
414 3161 627 3192 Veronensis.
648 3161 683 3188 In
702 3158 799 3188 editis
819 3169 825 3187 :
848 3160 880 3187 et
904 3156 1072 3195 invitare,

114 3215 147 3243 et
165 3211 380 3252 praecedere
410 3215 443 3241 ee
462 3210 647 3249 adjuvare.
667 3211 750 3239 Sanc
767 3215 844 3238 vcro
863 3208 984 3237 mirum
1001 3212 1071 3237 crat

110 3261 377 3302 praecedentem
399 3260 567 3292 Gratiam
587 3257 856 3290 commendatam
874 3257 923 3287 vel
953 3266 969 3288 a
989 3259 1075 3287 Gen-

111 3311 212 3344 nadio
227 3311 315 3344 vela
339 3313 464 3341 Fausto
479 3333 489 3348 ‚
523 3317 623 3348 quam
645 3312 681 3338 ut
711 3309 822 3338 minus
854 3308 1074 3338 necessariam

113 3362 331 3402 praeteritam
349 3367 368 3391 a
382 3362 467 3391 Semi
487 3359 674 3397 pelagianis
694 3361 740 3388 est
761 3356 983 3386 notissimum.

2003 238 2074 266 001

1127 295 1283 331 sextam
1306 304 1444 332 earum
1473 305 1574 345 quas
1602 295 1725 334 edidit
1765 301 1858 336 tom.
1885 297 1929 336 V.
1950 298 2083 338 lectio—

1131 365 1227 392 num
1257 356 1512 406 antiquarum
1542 358 1647 406 (torn.
1680 360 1716 397 4.
1747 359 1931 398 editionis
1957 373 2082 401 novae

1130 417 1399 467 Rasnagianae
1435 430 1518 469 pag.
1559 419 1659 468 362.)
1698 432 1882 460 recusam
1923 423 2012 461 inde
2044 426 2081 462 in

1130 478 1381 518 Bibliothecis
1404 481 1591 529 Patrum,
1619 486 1661 521 ut
1698 483 1953 534 Lugdunensi
1988 489 2084 524 tom.

1131 541 1232 579 VIII.
1263 553 1348 592 pag.
1375 543 1465 582 548.
1490 543 1618 594 Hujus
1646 545 1847 595 Epistolae
1868 547 1973 597 prior
1992 559 2084 599 pars

1131 608 1268 642 contra
1284 604 1451 643 Arianos
1475 604 1652 656 disputat
1674 609 1821 655 (contra
1841 609 2086 649 Macedonia-

1133 676 1205 704 nos
1230 667 1268 704 in
1294 666 1357 705 illa
1382 679 1432 706 ne
1456 664 1539 716 yps)
1566 670 1785 709 Posteriore
1809 676 1920 721 parte
1955 673 2086 725 Ange-

1132 727 1191 765 los
1214 733 1255 766 et
1280 730 1434 768 animas
1471 731 1700 781 corporibus
1737 732 1936 772 adscribit.
1975 736 2084 775 Hanc

1133 790 1262 828 tribus
1297 790 1406 829 libris
1440 791 1488 830 de
1526 794 1658 832 anima
1682 795 1905 834 confutavit
1935 797 2085 837 CLAU-

1132 851 1319 891 DlAMJS
1354 854 1592 901 Mamertus,
1623 852 1655 903 a)
1689 856 1834 905 quibus
1869 858 2082 908 subjuncta

1131 914 1251 953 etiam
1276 918 1339 953 est
1368 926 1390 953 a
1414 916 1529 967 Casp.
1569 916 1728 956 Barthio
1763 930 1848 969 pag.
1873 921 1962 959 ⁶214.
1988 926 2027 960 et
2048 924 2084 960 in

1131 976 1523 1029 Orthodoxographis
1567 984 1687 1030 atque
1729 981 1981 1021 Bibliothecis
2019 986 2088 1023 Pa-

1133 1043 1241 1078 trum
1257 1071 1268 1091 ,
1290 1045 1382 1079 ante
1404 1042 1609 1081 Canisium
1630 1044 1791 1094 saepius
1808 1044 1928 1084 edita.
1945 1046 2088 1085 Confer

1133 1102 1390 1142 Sirmondum
1416 1104 1463 1143 ad
1486 1104 1635 1144 Sidonii
1661 1107 1723 1145 IV.
1746 1107 1781 1144 3.
1806 1111 1900 1145 tom.
1928 1109 1942 1146 4
1971 1137 1978 1156 ,
1999 1119 2086 1159 pag.

1133 1165 1223 1204 934.
1248 1169 1288 1204 et
1310 1166 1605 1206 Tillemontium
1631 1172 1727 1206 tom.
1753 1169 1863 1217 XVI,
1887 1180 1974 1220 pag.
1998 1170 2087 1210 449,

1134 1227 1222 1266 778.

1189 1291 1210 1329 4
1234 1290 1412 1343 Epistola
1441 1290 1498 1330 ad
1529 1291 1725 1341 Gratum,
1762 1294 1981 1332 Diaconum
2015 1295 2090 1333 Ne-

1135 1355 1355 1393 storianum
1378 1366 1522 1405 ,quem
1549 1355 1748 1394 Graccum
1771 1356 1835 1394 alii
1852 1355 2086 1407 Gressorium

1135 1417 1346 1467 appellant.
1372 1417 1488 1455 Edita
1513 1428 1534 1456 a
1559 1419 1673 1456 Petro
1703 1418 1862 1456 Pithoeo
1890 1431 1970 1457 una
1995 1430 2088 1458 cum

1136 1480 1222 1518 aliis
1233 1479 1472 1529 quibusdam
1486 1481 1619 1518 Fausti
1636 1481 1794 1531 scriptis
1807 1481 1844 1519 in
1859 1482 2089 1520 collectione

1137 1546 1321 1581 veterum
1343 1542 1492 1592 aliquot
1515 1542 1662 1580 Galliae
1687 1542 1974 1593 Theologorum
1994 1573 2001 1592 ,
2020 1545 2090 1584 Pa-

1137 1605 1243 1642 risiis
1271 1604 1386 1643 4586.
1410 1604 1445 1642 4.
1464 1603 1647 1642 Biblioth.
1685 1606 1847 1643 Patrum
1871 1609 1966 1643 tom.
1988 1606 2087 1644 VIII.

1136 1677 1222 1716 pag.
1248 1667 1337 1714 553,
1362 1667 1418 1704 De
1442 1666 1591 1705 Graeco
1618 1667 1706 1715 illo,
1737 1668 1822 1706 sive
1850 1668 1970 1706 Grato
1997 1667 2089 1706 vide
2116 1686 2120 1690 ·

1137 1728 1432 1766 Tillemontium
1454 1732 1550 1766 tom.
1570 1730 1658 1768 XVI
1675 1761 1685 1777 ,
1704 1741 1790 1780 pag.
1810 1730 1896 1769 442.
1923 1741 2006 1780 seq.
2032 1731 2090 1768 in-

1133 1790 1214 1838 fra,
1239 1790 1467 1829 GRAECUS.

1191 1854 1214 1891 5
1235 1853 1291 1891 De
1308 1853 1548 1904 poenitentia
1577 1857 1612 1891 et
1632 1853 1770 1893 timore
1790 1854 1887 1892 DEI
1906 1855 1955 1894 ad
1984 1854 2084 1893 Feli-

1138 1926 1244 1963 cem,
1265 1917 1513 1955 Praefectum
1530 1921 1569 1955 et
1593 1918 1783 1956 Patriciae
1803 1917 2006 1968 dignitatis
2032 1919 2091 1955 vi-

1139 1990 1254 2027 rum,
1278 1979 1457 2030 Epistola
1485 1980 1524 2016 in
1548 1979 1688 2018 eadem
1709 1981 1813 2018 Petri
1839 1980 1988 2019 Pithoei
2009 1980 2090 2030 syl-

1139 2041 1224 2092 loge
1248 2042 1397 2092 aliquot
1418 2046 1600 2081 veterum
1617 2042 1764 2081 Galliae
1787 2042 2088 2093 Theologorum‚

1139 2106 1297 2143 Parisiis
1321 2106 1423 2144 4586
1450 2106 1484 2143 4.
1510 2109 1550 2143 et
1579 2110 1672 2143 tom.
1700 2106 1798 2144 VIII.
1824 2105 2090 2144 Bibliothecae

1139 2168 1301 2206 Patrum
1326 2167 1608 2218 Lugdunensis
1633 2179 1719 2218 pag.
1749 2169 1838 2207 552.

1192 2231 1354 2269 Praeter
1378 2230 1475 2268 haec
1497 2241 1517 2268 a
1539 2230 1746 2269 Gennadio
1785 2235 2006 2270 memorata
2029 2241 2097 2269 ex-

1139 2297 1259 2331 stant.

1194 2357 1216 2393 6
1240 2356 1453 2408 Responsio
1477 2355 1532 2394 acl
1565 2354 1717 2408 obJecta
1741 2354 1938 2406 quaedam
1963 2354 2008 2393 de
2028 2367 2096 2393 ra-

1141 2417 1240 2456 tione
1265 2417 1382 2456 Fidei
1404 2417 1656 2466 Catholicae,
1678 2420 1715 2455 in
1742 2417 1881 2456 eadem
1904 2419 2008 2456 Petri
2037 2419 2097 2456 Pi-

1141 2481 1245 2518 thoei
1270 2481 1436 2531 sylloge.

1194 2543 1218 2581 7
1242 2544 1299 2581 De
1316 2542 1446 2582 variis
1462 2542 1762 2594 quaestionibus
1779 2543 1827 2581 ad
1842 2541 2091 2581 Bcncdictum

1142 2604 1379 2653 Paulinum,
1416 2605 1622 2644 diversum
1656 2617 1678 2644 a
1720 2605 1880 2644 Paulino
1920 2605 2093 2645 Nolano.

1138 2667 1220 2718 jam
1241 2667 1428 2707 defuncto
1444 2667 1517 2706 An.
1536 2669 1623 2706 434.
1648 2667 1746 2706 Vide
1770 2667 1972 2705 Oudinum
1997 2672 2091 2705 tom.

1145 2732 1179 2777 47
1200 2742 1286 2781 pag.
1309 2731 1421 2769 4302.
1438 2735 1478 2768 et
1496 2730 1791 2769 Tillemontium
1823 2734 1917 2767 tom.
1942 2730 2030 2768 XVI
2056 2742 2093 2781 p.

1147 2793 1234 2831 446.
1259 2793 1390 2831 Etiam
1412 2792 1485 2831 hoc
1513 2793 1705 2843 scriptum
1727 2792 1871 2842 publici
1907 2791 2010 2843 juris
2041 2793 2094 2830 fa-

1144 2860 1254 2894 ctum
1279 2860 1341 2894 est
1361 2867 1383 2894 a
1408 2856 1521 2894 Petro
1547 2855 1705 2893 Pithoeo
1742 2856 1778 2892 in
1820 2855 1977 2893 laudata
2013 2854 2093 2904 syl-

1144 2919 1253 2970 loge,
1283 2924 1323 2957 et
1347 2930 1534 2958 recusum
1575 2923 1667 2956 tom.
1698 2918 1797 2955 VIII.
1830 2917 2091 2955 Bibliotheca<—

1144 2983 1303 3020 Patrum
1324 2981 1601 3032 Lugdunensis
1617 2991 1702 3031 pag.
1721 2979 1810 3018 550.

1199 3045 1222 3081 8
1246 3044 1454 3082 Sermones
1478 3044 1574 3081 varii
1596 3044 1697 3080 inter
1716 3053 1784 3080 eos
1803 3073 1810 3090 .
1830 3042 1895 3090 qui
1914 3041 1988 3079 sub
2006 3041 2092 3079 EU-

1144 3106 1279 3144 GENII
1296 3110 1335 3143 et
1351 3106 1552 3144 EUSEBII
1575 3105 1765 3142 Emeseni
1786 3104 1942 3141 nomine
1962 3103 2092 3142 ferun-

1144 3173 1234 3215 tur,
1266 3168 1498 3218 pracsertim
1531 3167 1592 3205 ille
1618 3165 1663 3204 (le
1693 3168 1732 3203 S.
1762 3165 2091 3204 ,tsaoe1·1nidoces-

1145 3231 1243 3269 soris
1264 3232 1323 3268 sui
1365 3227 1573 3267 laudibus:
1603 3229 1692 3266 vido
1718 3229 1899 3267 Vossium
1924 3228 1972 3267 de
1998 3228 2088 3267 hisi.

1199 3353 1231 3391 a)
1255 3356 1357 3392 Supra
1376 3355 1443 3382 lom
1477 3351 1486 3381 1
1509 3360 1582 3392 pag,
1606 3350 1696 3382 1047.
