2500 3841
819 155 1370 196 ALEMANNICUS

140 231 373 273 Alexander
388 229 758 272 ALEMANMCVS.
777 229 877 270 inira
895 228 1053 269 ALEX-

95 295 276 336 ANDER.

145 355 459 397 ALEXANDER
472 356 501 395 I.
521 355 744 405 Episcopus
757 354 867 392 Rom.
878 353 926 392 ab
940 351 1055 391 Anno

90 419 245 459 CHristi
288 420 364 459 408
409 418 459 458 ad
499 416 587 458 447.
630 415 758 466 Hujus
796 417 945 454 nomini
974 418 1055 454 tres

88 479 289 534 'Epistolae
312 482 360 521 ab
379 481 528 521 Isidoro
551 481 766 519 Mercatore
795 478 1024 516 tribuuntur
1044 505 1052 526 ‚

91 555 192 595 quas
216 545 303 584 falsi
325 545 455 595 arguit
475 541 706 582 Blondellus
729 542 769 579 in
797 539 1054 579 Pseudo-Isi-

90 607 184 646 doro
199 619 286 659 pag.
308 608 383 647 459
405 618 487 656 seq.
504 605 591 645 Alia
606 605 660 643 illi
674 604 878 655 supposita
897 601 1055 642 decreta

91 672 153 720 (ut
175 681 276 720 quae
299 670 448 710 Canoni
470 669 612 707 Missae
636 667 684 706 ab
704 678 749 705 eo
773 665 906 705 addita
918 665 1054 704 scribit

92 731 513 771 librumPontificaIem
530 734 695 769 secutus
711 728 950 779 Anonymus
964 727 1057 766 Mel-

97 794 258 834 Iicensis
297 795 424 846 capite
447 794 514 843 Vl)
546 791 672 843 rejicit
695 793 837 830 Petrus
865 791 1060 831 Constant

93 857 134 895 in
156 857 347 908 Epistolis
369 857 636 895 Romanorum
652 854 889 893 Pontificum
906 865 991 904 pag.
1010 852 1061 891 52

101 920 170 970 qui
192 919 312 958 etiam
338 919 511 958 fabulam
535 928 624 956 esse
648 916 781 966 docet⁷
802 914 907 967 quod
928 918 1064 954 auctor

100 981 389 1022 Praedestinati
411 981 477 1020 lib.
499 982 515 1020 I
538 991 622 1032 cap.
655 980 704 1020 46
733 982 866 1018 narrat
894 976 1067 1016 Alexan-

102 1044 238 1094 drum,
278 1044 501 1084 Siculorum
533 1043 818 1094 Episcoporum
856 1043 995 1090 rogatu
1024 1037 1070 1078 Ζί-

101 1105 220 1146 brum
243 1108 452 1158 scripsisse
471 1105 668 1146 adversus
682 1102 977 1152 Heracleonem,
1000 1104 1069 1152 qui

108 1175 272 1222 peccata
290 1171 501 1221 baptizatis
521 1168 618 1206 nihil
647 1167 787 1206 obesse
810 1165 1068 1216 praedicavit:

104 1244 198 1272 cum
219 1232 437 1272 Heracleon
476 1229 676 1270 Colorbasi
699 1232 740 1267 et
762 1229 880 1267 Marci
900 1227 1072 1280 discipu-

107 1294 171 1334 lus
190 1293 416 1334 Alexandro
440 1293 558 1332 fuerit
576 1289 725 1341 junior,
749 1294 789 1328 et
809 1290 930 1329 alium
953 1292 1074 1331 Hera-

108 1356 288 1395 cleonem
312 1357 512 1406 ignorent,
534 1354 601 1404 qui
630 1352 679 1392 de
699 1353 910 1392 haereticis
930 1358 1076 1394 tracta-

106 1423 213 1458 runt.
238 1417 464 1457 Ludovicus
483 1416 654 1456 Jacobus
682 1427 706 1455 a
744 1416 782 1456 S.
814 1416 951 1455 Carolo
981 1418 1076 1456 Car-

107 1481 244 1520 melita
262 1481 302 1518 in
321 1479 564 1518 Bibliotheca
600 1478 803 1518 Pontificia
832 1490 918 1529 pag.
951 1480 974 1517 6
1003 1492 1073 1531 pro

105 1541 321 1582 Alexandri
334 1540 456 1592 hujus
470 1541 659 1593 Epistolis
674 1542 771 1580 citat
778 1542 816 1580 S.
829 1542 1074 1592 Cyprianum

103 1605 265 1658 Apolog.
286 1604 311 1644 2
326 1605 454 1655 Epist.
477 1604 499 1642 3
521 1608 562 1643 et
582 1605 620 1643 S.
641 1605 848 1643 Justinum
860 1605 1075 1655 Martyrem

104 1667 267 1720 Apolog.
287 1667 312 1707 2
333 1667 383 1706 ad
402 1666 725 1706 Antoninum.At
740 1667 847 1706 enim
865 1668 902 1705 in
921 1668 1078 1706 Justino

105 1735 147 1770 et
164 1730 362 1781 Cypriano
382 1728 430 1768 de
451 1728 668 1768 Alexandri
690 1730 880 1780 Epistolis
904 1741 953 1768 ne
976 1725 1059 1779 γρὶο.

159 1790 476 1832 ALEXANDER
492 1792 527 1830 II
547 1793 651 1842 Papa
678 1790 727 1831 ab
751 1791 867 1830 Anno
897 1793 992 1831 4064
1012 1822 1020 1842 ,
1051 1794 1065 1832 4

108 1853 292 1895 Octobris
314 1852 363 1892 ad
388 1853 508 1904 4073,
533 1854 583 1893 20
611 1854 769 1905 Aprilis.
793 1853 892 1904 Ejus
920 1854 1076 1906 Episto—

109 1915 171 1956 lae
193 1915 293 1955 XLV
302 1926 395 1954 cum
418 1915 649 1967 fragmentis
668 1916 818 1967 aliquot
834 1918 874 1955 in
890 1918 1075 1957 Conciliis

109 1978 252 2019 Labbei
274 1982 382 2016 tomo
405 1978 462 2017 IX
481 1982 522 2016 et
547 1980 765 2018 novissima
785 1980 910 2019 Coleti
938 1980 1077 2019 editio-

110 2053 161 2081 ne
178 2041 331 2080 Veneta
358 2043 454 2078 tom.
478 2041 564 2079 XII.
590 2042 873 2093 Inscriptiones
903 2043 1077 2095 sIngula-

109 2116 202 2144 rum
220 2102 311 2145 dedi
330 2107 426 2142 tom.
446 2104 503 2142 XI
524 2103 789 2144 Bibliothecae
805 2105 977 2145 Graecae
993 2118 1079 2157 pag.

115 2167 205 2206 585.
229 2165 452 2216 Epistolam
474 2165 530 2205 ad
548 2165 761 2207 Monachos
783 2166 1076 2220 Rivipullenses

112 2227 275 2267 exhibet
292 2226 502 2279 Agvirrius
520 2232 628 2268 tomo
648 2230 700 2269 III
730 2230 993 2270 Conciliorum
1014 2232 1081 2271 Hi-

113 2290 274 2341 spaniae
293 2301 380 2341 pag.
401 2289 472 2330 23⁴
500 2295 541 2329 et
561 2290 619 2330 ad
635 2290 867 2343 Aquilinum
885 2292 1081 2332 Abbatem

113 2353 341 2392 Monasterii
363 2353 403 2391 S.
423 2354 443 2391 J
452 2354 592 2392 oannis
610 2354 863 2394 Pinnatensis
882 2357 922 2394 in
937 2355 1085 2407 Arago-

113 2414 203 2463 nia,
222 2425 310 2466 pag.
331 2415 421 2454 245.
442 2416 651 2456 Praetereo
671 2415 759 2468 ejus
787 2419 957 2457 Decreta
979 2417 1085 2470 apud

118 2476 365 2525 Gratianum,
375 2478 551 2528 Ivonem,
565 2477 785 2519 Antonium
799 2480 1084 2532 Augustinum‚

120 2536 393 2588 Augustinum
414 2539 626 2579 Barbosam
647 2542 823 2592 aliosque
841 2543 966 2581 obvia.
988 2543 1091 2582 Con-

125 2599 393 2648 stitutionem,
413 2612 491 2650 qua
513 2600 588 2640 An.
614 2604 716 2642 4062
736 2605 967 2656 approbavit
991 2604 1091 2644 Con-

118 2658 392 2712 9re9ationem
416 2661 782 2704 Camaldulensium
808 2665 952 2717 Campi
969 2664 1090 2705 Ama-

123 2720 213 2761 bilts
231 2751 240 2771 ,
283 2721 376 2762 Ord.
419 2723 460 2763 S.
503 2726 725 2775 Benedicti,
767 2728 928 2766 exhibet
960 2729 1087 2767 Laert.

123 2783 376 2825 CherubInus
399 2788 494 2824 tom.
526 2787 541 2825 1
565 2786 720 2827 bullarii
745 2800 782 2839 p.
808 2790 870 2828 54.

183 2846 342 2886 *Huius
352 2848 538 2898 epistolas
551 2849 648 2888 alias
663 2852 701 2889 in
720 2862 807 2889 meo
826 2851 1090 2891 Conciliorum

125 2908 403 2960 supplemento
423 2914 516 2949 tom.
544 2913 558 2951 4
588 2923 673 2963 pag.
700 2913 802 2952 4346
826 2913 997 2952 exhibui.
1027 2914 1089 2953 Ex

125 2970 188 3009 his
208 2981 329 3010 unam
354 2970 403 3010 de
426 2972 613 3023 gradibus
637 2976 940 3025 propinquitatis
962 2986 1033 3025 ogo
1067 2988 1089 3013 e

125 3033 204 3072 MS.
225 3031 368 3072 Codice
395 3034 570 3086 vulgavi.
596 3036 846 3087 Quamquam
875 3048 967 3075 vera
998 3036 1094 3075 haec

128 3093 330 3134 Pontificis
351 3107 495 3135 nomen
520 3098 674 3137 nullum
692 3099 782 3148 fert,
804 3104 844 3138 et
863 3099 1090 3150 ambiguum

129 3155 238 3194 haesi
256 3167 351 3195 num
374 3157 423 3196 ad
446 3158 717 3200 Alexandrum
741 3164 967 3213 pertineret.
985 3161 1093 3200 Alte-

130 3217 214 3256 rius
253 3217 519 3270 fragmentum
561 3224 618 3263 De
663 3224 832 3277 quodam
876 3223 1090 3263 Sacerdote

56 3297 59 3300 ⁴
134 3277 236 3318 mzle
260 3279 439 3322 ordinato
453 3296 502 3325 ex
518 3287 594 3327 MS.
621 3288 762 3328 Codice
799 3286 952 3338 protuli.
973 3286 1095 3338 Equi-

2038 154 2089 193 55

1125 228 1216 268 dem
1240 228 1338 268 haec
1362 232 1425 267 est
1449 228 1570 267 etiam
1594 227 1632 265 in
1654 226 1839 266 Gratiano
1863 224 1952 265 dist.
1984 225 2033 265 52
2057 236 2090 263 c.

1127 290 1367 341 Sollicitudo,
1383 290 1452 330 sed
1469 293 1678 329 contracta
1694 293 1734 329 et
1745 288 1990 339 interpolata.
2007 286 2093 326 Alia

1128 358 1191 393 est
1214 354 1262 393 ad
1284 353 1558 393 Burchardum
1602 351 1998 398 Halberstadensem,
2027 350 2095 400 qui

1129 421 1170 455 et
1193 416 1377 455 laudatur
1397 420 1437 455 et
1460 416 1578 455 Pallio
1606 414 1789 453 donatur.
1810 413 1936 453 Eruta
1955 416 2018 451 est
2045 423 2096 450 ex

1129 479 1283 530 Lunigii
1320 478 1504 529 Spicileg.
1538 478 1645 517 Eccl.
1662 478 1701 515 in
1723 474 1903 528 Append.
1918 485 2006 526 pag.
2031 474 2095 513 20.

1127 543 1332 581 Postrema
1343 540 1515 590 denique
1545 544 1608 578 est
1627 539 1674 578 ad
1685 539 1836 578 clerum
1851 542 1892 577 et
1907 536 2097 589 populum

1129 605 1371 652 Lucensem,
1391 612 1510 651 quam
1534 613 1604 652 per
1629 604 1766 651 partes
1790 604 1939 639 sectam
1956 603 1996 638 et
2009 598 2102 636 hinc

1130 665 1221 704 inde
1245 668 1474 714 excerptam
1501 662 1612 701 dedit
1632 663 1845 702 Gratianus
1873 673 1923 700 ex
1947 671 1979 699 c.
2000 657 2103 698 mul-

1133 727 1182 767 tis
1207 725 1450 778 temporibus
1477 727 1518 764 4.
1545 725 1567 763 3
1589 729 1629 764 et
1653 736 1703 763 ex
1728 725 1795 762 illo
1815 723 2006 763 LabbeuS.
2038 723 2102 761 In-

1133 795 1288 841 tegram
1312 801 1362 827 ex
1386 788 1464 827 MS.
1489 787 1622 826 codice
1649 787 2103 837 Lucensirepraesentat

1135 852 1402 892 Florentinius
1417 849 1607 890 Memorio
1628 847 1731 888 della
1747 851 1925 887 contessa
1942 845 2104 887 Matilcle

1138 915 1177 953 in
1187 912 1354 965 append.
1381 917 1461 952 vet.
1482 910 1913 962 monum.pag1429,ex
1936 920 2103 961 quoego.

1193 975 1508 1016 ALEXANDER
1527 975 1579 1014 lII
1602 976 1704 1025 Papa
1724 973 1772 1013 ab
1800 971 1910 1012 Anoo
1933 973 2052 1022 4459,
2075 970 2100 1009 7

1143 1039 1390 1090 Septembris
1417 1037 1468 1077 ad
1498 1038 1618 1086 4484,
1643 1037 1694 1076 25
1723 1036 1906 1087 Augusti.
1937 1035 2104 1086 Scripsit

1143 1100 1190 1140 de
1204 1103 1398 1153 potestate
1417 1099 1721 1148 Ecclesiastico,
1745 1103 1785 1137 et
1806 1097 2008 1149 Epistolas
2036 1098 2110 1135 De-

1144 1164 1313 1203 cretales
1337 1164 1399 1202 sui
1419 1164 1636 1214 temporis,
1657 1173 1757 1212 quas
1776 1162 1815 1199 in
1840 1171 1966 1199 unum
1995 1158 2111 1199 Codi-

1144 1238 1232 1265 cem
1252 1225 1434 1265 redactas
1456 1224 1647 1265 Consulta
1659 1222 1890 1263 Aleaeandri
1904 1222 2030 1262 voluit
2046 1233 2114 1272 ap-

1145 1289 1296 1341 pellari.
1320 1287 1546 1328 Secundum
1573 1286 1767 1340 quosdam
1791 1298 1880 1325 eum
1902 1283 2113 1336 scripsisse

1148 1350 1305 1403 reperio
1329 1350 1602 1403 Epv'stolarum
1625 1349 1679 1389 ad
1699 1349 1899 1398 diversos,
1915 1347 2038 1387 libros
2055 1345 2114 1386 vi-

1146 1415 1249 1467 9inti
1268 1413 1380 1453 duos.
1402 1415 1506 1453 Haec
1528 1413 1754 1453 Ludovicus
1773 1412 2026 1451 jacobusaS.
2041 1411 2115 1449 Ca-

1150 1480 1231 1518 rolo
1253 1479 1292 1516 in
1317 1477 1559 1517 Bibliotheca
1581 1476 1784 1515 Pontificia
1802 1487 1887 1526 pag.
1913 1475 1949 1512 8.
1975 1475 2020 1513 In
2056 1476 2115 1510 to-

1149 1543 1226 1581 mis
1246 1542 1511 1582 Conciliorum
1539 1544 1635 1578 tom.
1664 1540 1714 1578 X.
1745 1538 1888 1577 Labbei
1916 1549 1953 1588 p.
1985 1538 2026 1576 44
2039 1536 2111 1583 35,

1152 1606 1272 1651 4488,
1298 1604 1399 1644 4854
1420 1607 1582 1643 exstant
1605 1601 1728 1652 hujus
1743 1600 1943 1640 Pontificis
1963 1597 2116 1640 Consti-

1155 1667 1323 1707 tationes
1347 1671 1387 1706 et
1417 1664 1618 1717 Epistolae
1643 1663 1842 1705 CCCXLI.
1886 1662 1934 1701 de
1975 1661 2118 1712 quibus

1155 1731 1246 1770 vide
1263 1735 1357 1769 tom.
1368 1732 1423 1769 XI
1434 1728 1697 1769 Bibliothecae
1705 1727 1877 1766 Graecae
1886 1737 1924 1777 p.
1941 1725 1984 1763 64
1995 1726 2018 1764 5
2033 1736 2115 1774 seq.

1151 1794 1214 1833 Ex
1239 1793 1303 1831 his
1325 1793 1405 1831 LVI
1430 1791 1608 1830 ediderat
1628 1789 1862 1830 Sirmondus
1890 1788 1939 1828 ad
1967 1787 2118 1826 calcem

1148 1856 1252 1895 Petri
1273 1855 1487 1904 Cellensis,
1507 1853 1770 1892 Parisiis463l
1788 1852 1835 1898 ,4
1857 1862 1997 1890 recusa
2015 1849 2109 1889 4674

1151 1919 1172 1957 4
1194 1921 1234 1957 et
1256 1923 1362 1956 tomo
1384 1916 1559 1956 secundo
1586 1914 1785 1955 Sirmondi
1809 1915 1996 1965 Operum.
2026 1913 2120 1962 Epi-

1150 1981 1273 2019 stolas
1301 1980 1476 2019 XXXIX
1496 1979 1544 2018 ad
1565 1979 1761 2029 Hispanos
1788 1976 1931 2026 repetit
1952 1973 2119 2024 Agvirre

1150 2047 1257 2081 tomo
1280 2043 1332 2081 III
1357 2041 1621 2082 Conciliorum
1665 2039 1880 2090 Hispaniae
1914 2048 1999 2088 pag.
2031 2036 2119 2074 373.

1152 2116 1262 2156 seqq.
1283 2104 1391 2143 Alias
1410 2103 1457 2143 ad
1488 2104 1584 2143 aIIos
1605 2101 1775 2141 ineditas
1808 2099 1904 2138 dant
1933 2098 2120 2137 Baluzius

1152 2172 1180 2206 t.
1202 2169 1236 2206 II
1257 2168 1468 2208 Miscellan.
1499 2178 1586 2218 pag.
1608 2164 1685 2205 227
1723 2169 1818 2202 tom.
1842 2164 1893 2202 IV
1913 2173 2000 2213 pag.
2034 2161 2121 2199 466.

1154 2231 1371 2271 Dacherius
1390 2236 1498 2270 tomo
1517 2231 1549 2270 V
1570 2228 1771 2281 Spicilegii
1797 2237 1885 2277 pag.
1908 2223 1984 2264 572
2005 2228 2046 2262 et
2065 2228 2125 2261 to-

1156 2306 1221 2334 mo
1241 2296 1293 2334 III
1311 2294 1496 2333 editionis
1517 2303 1643 2331 novae
1663 2302 1749 2342 pag.
1767 2290 1856 2329 538.
1877 2289 1922 2328 H.
1938 2286 2125 2326 Wartho-

1160 2369 1238 2397 nus
1261 2358 1394 2395 tomoI
1414 2355 1577 2407 Angliae
1588 2356 1732 2394 Sacrae
1751 2364 1838 2404 pag.
1860 2350 1928 2391 474
1951 2349 2127 2389 etGalic-

1161 2421 1314 2469 sonius7
1333 2420 1401 2470 qui
1416 2423 1499 2457 tres
1513 2416 1728 2457 Alexandri
1749 2416 1802 2454 lII
1816 2413 2016 2465 Epistolas
2030 2422 2124 2449 cum

1162 2494 1242 2522 una
1266 2482 1407 2521 Leonis
1430 2482 1499 2519 VII
1520 2484 1561 2518 et
1579 2477 1798 2518 Innocentii
1818 2477 1870 2515 III
1894 2485 1973 2513 una
1986 2472 2126 2522 vulga-

1163 2546 1223 2583 vit
1247 2544 1470 2583 Turonibus
1492 2542 1593 2581 4694
1614 2551 1784 2591 quarum
1803 2538 2039 2588 argumenta
2058 2545 2126 2572 ex-

1163 2610 1318 2658 ponunt
1340 2603 1614 2656 ephemerides
1637 2601 1883 2641 eruditorum
1912 2598 2020 2637 Paris
2047 2596 2122 2634 An.

1166 2669 1267 2708 4695
1288 2679 1375 2718 pag.
1402 2668 1490 2706 398.
1512 2669 1642 2717 Longe
1661 2665 1796 2716 plures
1811 2665 1945 2700 autem
1965 2658 2123 2698 edidere

1163 2728 1402 2769 Edmundus
1439 2729 1614 2767 Martene
1634 2730 1674 2764 et
1698 2725 1866 2764 Ursinus
1884 2720 2044 2761 Durand
2066 2725 2125 2758 to-

1165 2802 1229 2830 mo
1251 2791 1264 2828 I
1285 2789 1578 2828 Anccdotorum
1602 2798 1688 2838 pag.
1712 2787 1786 2825 455
1824 2796 1934 2834 seqq.
1963 2787 2004 2821 et
2032 2783 2121 2821 569.

1164 2851 1391 2904 Βθῃίείνιιηι
1412 2848 1684 2903 Epi'stolarum
1703 2858 1779 2899 pro
1817 2844 1999 2886 Rcmensi
2025 2846 2124 2883 Pro-

1163 2913 1295 2953 vincia
1313 2913 1564 2964 complexum
1584 2911 1620 2949 E
1615 2909 1782 2963 pt'stolas
1792 2909 1823 2949 0
1827 2909 1858 2948 0
1862 2909 1892 2948 0
1898 2907 1995 2948 CXC
2003 2907 2053 2946 Vl
2057 2918 2126 2944 ex-

1166 2981 1247 3015 stat
1285 2977 1321 3014 in
1352 2980 1457 3013 tomo
1477 2973 1652 3013 secundo
1689 2984 1815 3012 novae
1858 2970 2125 3016 Collectionis,

1166 3050 1285 3090 quam
1316 3037 1453 3076 iisdem
1474 3037 1685 3087 praeclaris
1706 3036 1802 3073 viris
1822 3033 2013 3072 debemus
2035 3042 2121 3082 pag.

1168 3101 1392 3139 634-4014.
1413 3099 1556 3138 Confer
1584 3103 1735 3137 tomum
1753 3097 1843 3136 XIII
1861 3094 2123 3134 Conciliorum

1167 3162 1349 3200 editionis
1373 3172 1498 3199 novae
1521 3156 2065 3208 VenetaeffltConstitutiones
2077 3156 2128 3194 ῙΧ

1169 3221 1510 3273 liujusAchandri
1525 3223 1576 3261 llI
1597 3221 1701 3273 apud
1712 3223 1838 3260 La’ert.
1854 3218 2125 3261 Cherubinum

1169 3290 1262 3325 tom.
1285 3284 1470 3326 Ibullarii
1495 3295 1579 3336 pag.
1607 3283 1667 3323 67.
1695 3294 1779 3334 sqq.
