2500 3841
882 222 1285 261 EYNARDUS

155 295 363 334 Volumina
393 294 627 333 Sermonum
658 293 703 332 de
733 297 902 346 tempore
930 295 1045 335 Anno

103 357 217 397 4366.
245 358 303 396 De
323 355 480 396 Sanctis
496 355 571 394 An.
594 358 708 395 4373.

154 420 210 458 De
232 420 386 470 Loqzca,
405 417 452 456 de
470 418 679 471 principiis
714 418 985 467 naturalibus,
1005 424 1048 458 et

101 493 143 520 tn
173 480 321 520 librum
349 481 379 518 I.
405 480 664 532 Physicorum
687 481 909 522 Aristotelis
931 482 980 521 ad
1004 483 1044 520 F.

99 543 320 583 Arnaldum
357 542 406 581 de
443 543 632 592 Fedaria,
664 544 824 584 Ordinis
847 544 1050 583 Praedica-

101 611 245 645 torum.

153 667 426 708 EYNARDUS
453 699 460 718 ,
499 680 618 720 supra
642 699 650 718 ‚
692 668 1019 709 EGINHARDUS
1043 699 1051 718 ,

100 742 187 782 pag.
220 731 310 769 496.

152 793 432 833 EYNWICUS
449 825 459 843 ‚
486 795 572 832 sive
604 794 862 834 AINWICUS
890 795 1054 845 Praepo-

99 857 202 895 situs
225 856 424 896 Canoniae
449 858 488 896 S.
511 857 678 896 Floriani
699 858 738 895 in
759 856 933 904 Austria,
949 856 1054 894 dioe—

99 920 203 957 cesis
236 919 522 958 Laureacensis
547 920 596 958 ab
618 918 691 957 An.
721 919 821 958 4289
846 919 892 958 ad
921 918 1052 962 4343,

99 986 140 1021 et
162 986 280 1021 antea
302 982 647 1022 Confessionarius
687 980 906 1032 Wilburqis
930 981 1054 1030 Virgi—

98 1044 174 1081 nis.
198 1044 325 1093 Hujus
349 1044 424 1083 An.
449 1045 552 1084 4289
575 1044 786 1084 defunctae
811 1043 935 1083 vitam
959 1043 1055 1081 scri—

98 1106 204 1157 psit⁷
227 1117 350 1156 quam
375 1117 466 1146 cum
492 1107 772 1146 dissertatione
803 1107 997 1157 isagogica
1021 1105 1054 1153 a)

97 1172 138 1207 et
153 1170 258 1207 notis
277 1168 461 1220 vulgavit
485 1169 712 1208 Bernardus
738 1171 826 1218 PeZ‚
850 1167 1055 1219 Augustae

96 1226 395 1271 vindelicorum
424 1231 526 1271 4745
551 1233 587 1270 in
613 1233 648 1270 4.

151 1292 317 1351 EZELO
335 1294 553 1334 Monachus
566 1327 577 1343 ,
603 1295 727 1343 infra,
747 1295 877 1334 GILO.

297 1508 651 1573 LIBER
726 1510 843 1575 VI.

135 1680 384 1768 Conradus
420 1727 467 1767 de
491 1728 723 1769 FABARIA.
740 1730 839 1769 Vide
862 1742 984 1782 supra
1014 1732 1052 1770 in

94 1790 333 1830 CONRADO
357 1796 453 1829 tom.
476 1794 511 1830 4.
532 1803 620 1842 pag.
647 1793 739 1832 380.

148 1851 362 1892 Conradus
385 1853 548 1892 FABER
567 1883 575 1900 ‚
595 1853 824 1893 haereticus
849 1855 924 1893 sub
950 1855 1056 1894 deci-

95 1916 150 1954 mi
189 1916 318 1966 quinti
350 1916 499 1954 saeculi
529 1916 663 1966 initia,
688 1915 736 1955 de
770 1929 848 1967 quo
882 1919 1055 1958 Joannes

94 1977 256 2016 Gottlob
293 1978 467 2016 Hornius
490 1978 529 2016 in
555 1979 639 2017 vita
664 1978 853 2017 Friderici
877 1979 1054 2019 bellicosi

92 2040 292 2080 Electoris
317 2041 410 2080 Sax.

149 2101 273 2141 Felioe
302 2102 468 2141 FABER
497 2103 737 2153 Tigurinu5‚
776 2101 912 2142 Ordin.
943 2105 1056 2143 Prae-

96 2165 212 2204 dicat.
238 2164 344 2216 apud
368 2164 580 2203 Ulmenses
603 2193 610 2211 ‚
635 2176 715 2204 una
745 2168 786 2203 et
817 2165 941 2204 altera
978 2166 1052 2206 An.

98 2227 199 2268 4479
223 2232 264 2266 et
288 2228 404 2267 4483.
428 2227 744 2278 Hierosolymam
776 2232 964 2279 suscepta
988 2241 1056 2280 pe-

95 2289 363 2341 regrinatione
399 2289 595 2336 celebris,
632 2291 792 2340 scripsit
825 2289 898 2329 An.
937 2292 1052 2330 4489.

98 2351 301 2392 Historiae
325 2352 548 2392 Svevorum
571 2351 693 2390 libros
718 2352 751 2390 ΙΙ
771 2381 780 2400 ,
813 2353 999 2403 vulgatos
1032 2365 1054 2393 a

96 2413 284 2454 Goldasto
301 2415 339 2452 in
356 2425 491 2453 rerum
513 2413 778 2453 Svevicarum
795 2416 1053 2466 scriptoribus

97 2477 275 2516 Francof.
302 2478 431 2524 4605,
468 2477 502 2515 4.
528 2477 667 2516 Ulmae
693 2476 816 2525 4727,
852 2477 917 2516 fol.
953 2478 1052 2529 Ejus

97 2538 394 2591 Hodoeporicon
413 2540 500 2578 sive
524 2539 738 2591 descriptio
761 2541 914 2578 itineris
947 2541 1052 2591 quod

98 2614 190 2642 cum
223 2602 425 2643 Bernardo
453 2602 754 2641 Breitenbachio
782 2603 815 2650 a)
846 2603 884 2640 in
921 2602 1054 2641 Palae—

99 2667 247 2705 stinam
269 2666 459 2716 suscepit,
478 2664 585 2704 edita
605 2676 683 2703 non
702 2665 839 2703 Latine
863 2663 932 2703 sed
958 2665 1054 2704 Ger-

100 2730 254 2768 manice
277 2740 299 2768 a
322 2729 404 2767 Jac.
428 2729 718 2780 Eysengreinio
741 2728 817 2767 An.
842 2729 958 2768 4560.
982 2731 1054 2768 Pe-

99 2790 410 2843 reyrinationem
429 2791 546 2830 aliam
569 2790 772 2840 ineditam,
793 2791 918 2841 ipsius
942 2791 1054 2830 Fabri

99 2858 304 2895 exaratam
329 2865 453 2893 manu
469 2885 481 2903 ,
508 2854 631 2893 fuisse
654 2852 758 2903 apud
786 2853 1052 2903 Heinzelium,

104 2917 315 2956 Patricium
345 2915 654 2968 Augustanum,
683 2919 794 2954 notat
825 2915 1054 2955 Goldastus.

100 2980 284 3018 Fortasse
299 2975 374 3018 hoc
389 2983 452 3018 est
468 2979 573 3018 illius
586 2977 888 3028 hamtonam,
904 2977 1052 3017 lectum

102 3041 268 3080 Martino
292 3041 438 3080 Zeilero
460 3071 470 3088 ‚
495 3040 544 3078 de
569 3051 647 3090 quo
684 3040 856 3077 Joannes
891 3039 1057 3079 Frideri-

102 3113 175 3142 cus
209 3103 388 3142 Fellerus
413 3103 433 3141 ὃ
457 3099 670 3154 μακαρίτης
712 3102 749 3138 in
793 3103 1054 3141 semestribus

104 3176 140 3215 p.
168 3165 243 3205 444
268 3165 333 3204 ubi
358 3167 477 3204 etiam
505 3163 725 3204 Clzronicon
747 3163 922 3202 Ulmensc
942 3176 962 3204 a
985 3167 1056 3204 Fe-

105 3226 166 3265 lici
191 3227 314 3266 Fabro
349 3228 542 3278 scriptum
568 3226 805 3276 suspicatur.
832 3225 940 3265 ldem
965 3228 1054 3266 Gol-

162 3358 194 3392 ει)
219 3361 299 3390 Acta
321 3357 536 3390 Eruditorum
560 3361 595 3388 Α.
622 3356 711 3387 1716,
737 3365 809 3395 pag.
832 3357 904 3388 437.

1120 294 1261 333 dastus
1281 296 1485 345 praeterea
1516 292 1687 331 ineditos
1713 292 1868 342 ejusde
1895 294 2082 347 Offenhu—

1119 368 1214 395 sano
1229 355 1476 396 monasterio
1498 357 1767 395 cementarios
1782 365 2082 398 commemorat.

1120 420 1217 459 Vide
1246 419 1439 459 Jacobum
1465 419 1614 464 Quetif.
1647 423 1741 457 tom.
1769 421 1802 458 4.
1828 431 1915 471 pag.
1941 420 2030 461 874.

1171 484 1341 521 Joannes
1367 481 1536 521 FABER
1557 511 1565 528 ,
1592 481 1922 531 Burdegalensis‚
1952 483 2085 535 Engo-

1122 544 1238 583 limae
1263 546 1349 583 sive
1373 544 1688 595 Angolismensis
1717 543 1923 593 dioecesis,
1953 545 2082 584 medio

1125 608 1285 646 saeculo
1324 607 1426 654 XlV,
1468 617 1618 656 suppar
1646 606 1830 655 Bartoio‚
1864 618 2010 646 causas
2045 608 2083 646 in

1131 670 1212 707 foro
1236 680 1328 708 cum
1353 670 1527 718 egisset,
1548 670 1621 707 Jus
1640 668 1774 707 docuit
1797 680 1843 708 ea
1867 669 1983 708 laude
2003 702 2014 719 ‚
2038 674 2086 709 ut

1126 732 1307 770 Doctoris
1349 729 1537 778 subtilis,
1573 735 1613 769 et
1643 731 2010 782 perspicacissimi,
2044 737 2085 771 et.

1124 790 1433 844 fundamentalis
1462 792 1587 842 elogia
1618 794 1821 831 meruerit.
1859 794 1957 833 Vide
1986 795 2086 833 Mar-

1126 866 1218 893 cum
1238 856 1439 893 Mantuam
1464 865 1556 904 pag.
1584 855 1658 893 472
1683 860 1723 893 et
1748 856 2010 895 Pancirollum
2036 856 2084 895 de

1127 918 1277 968 Legum
1311 916 1604 967 Interpretibus
1632 917 1697 955 lib.
1723 918 1759 955 2.
1786 928 1870 967 cap.
1901 919 1962 958 64.
1987 918 2086 970 Ejus

1127 979 1449 1018 Commentarius
1472 978 1513 1016 in
1533 978 1806 1017 Institutiones
1823 980 1843 1017 J
1849 981 1931 1018 uris
1947 981 2085 1019 Civilis

1128 1041 1272 1092 prodiit
1310 1042 1447 1078 venet.
1488 1042 1614 1089 4488,
1657 1042 1719 1079 fol.
1757 1041 1831 1080 hoc
1868 1043 1983 1081 titulo
2007 1047 2020 1080 ς·
2049 1043 2084 1090 b)

1132 1103 1238 1154 Opus
1263 1102 1589 1142 eoecellentissimi
1618 1103 1732 1142 Juris
1767 1107 1980 1156 utriusque
2002 1106 2085 1144 Mo—

1130 1164 1306 1203 narchae
1328 1166 1483 1204 Domini
1508 1167 1670 1204 „ioannis
1695 1167 1806 1205 Fabri
1830 1178 1952 1218 super
1968 1167 2097 1207 Insti-.

1130 1226 1371 1275 tuitionibus,
1410 1228 1496 1266 sine
1533 1240 1610 1280 quo
1652 1230 1797 1280 Leyum
1838 1229 2084 1269 incunabula

1128 1290 1330 1329 incassum
1344 1290 1589 1341 juvenculus
1607 1291 1769 1330 animus
1792 1292 1958 1343 assequi
1977 1291 2065 1331 labo

1126 1356 1206 1390 rat.
1231 1353 1282 1391 Et
1302 1352 1349 1391 ad
1373 1353 1523 1391 calcem
1546 1354 1788 1392 voluminis:
1810 1354 2087 1394 Famosissimi

1125 1413 1337 1466 utriusque
1357 1414 1469 1452 luris
1495 1414 1685 1454 Consulti
1703 1417 1867 1455 Joannis
1889 1418 2058 1457 Runcini
2077 1449 2085 1466 ,

1124 1476 1221 1514 dicti
1236 1477 1347 1514 Fabri
1363 1477 1501 1515 Gallici
1521 1488 1642 1529 super
1663 1476 1763 1516 libro
1785 1479 2082 1518 Institutionum

1128 1538 1418 1578 Commentarii
1439 1538 1600 1590 finiunt,
1629 1552 1655 1577 α
1684 1539 1938 1580 celeberrimo
1967 1543 2082 1582 Juris

1130 1600 1315 1641 Consulto
1338 1603 1450 1640 Petro
1476 1602 1700 1652 Albignano
1726 1605 1864 1642 Trecio
1885 1605 2087 1656 castiyati,

1129 1670 1205 1703 etc.
1243 1664 1437 1715 Ejusdem
1480 1665 1666 1704 laudatur
1702 1666 1960 1706 Breviarium
1997 1671 2083 1707 sive

1128 1727 1263 1765 brevis
1285 1727 1324 1765 in
1349 1727 1531 1767 Codicem
1551 1730 1885 1769 Commentarius.

1185 1788 1205 1810 ’ἱ
1223 1789 1280 1827 De
1305 1789 1428 1827 Fabro
1450 1789 1522 1828 hoc
1548 1789 1742 1840 judicium
1773 1793 1867 1831 tulit
1897 1792 2087 1844 Aegidius

1130 1850 1347 1890 Bellamera
1369 1852 1508 1889 consil.
1536 1854 1622 1892 440.
1661 1854 1833 1893 Joannes
1863 1854 1994 1893 Fabri
2019 1856 2091 1907 qui

1128 1911 1211 1964 fuit
1248 1913 1375 1964 ma9is
1411 1916 1620 1965 practicus
1649 1927 1770 1966 quam
1798 1916 2084 1967 speculativus.

1129 1975 1189 2014 An
1221 1976 1430 2014 consilium
1462 1976 1569 2015 istud
1592 1978 1835 2018 Bellamerae
1860 1982 1969 2031 typis
2005 1981 2087 2020 edi-

1132 2043 1217 2076 tum
1248 2040 1299 2076 sit
1337 2039 1483 2088 ignoro.
1524 2040 1606 2090 Ego
1649 2052 1697 2078 ex
1727 2042 1804 2080 MS.
1835 2041 1931 2080 Cod.
1962 2044 2086 2082 Felini

1129 2102 1277 2151 accepi.

1183 2163 1354 2201 Joannes
1389 2163 1551 2202 FABER
1588 2166 1823 2203 parisiensis
1844 2195 1853 2211 ‚
1879 2166 1918 2203 in
1958 2167 2085 2205 Patria

1129 2226 1390 2265 Decretorum
1409 2227 1569 2276 Doctor,
1594 2231 1634 2264 et
1657 2238 1706 2265 ex
1730 2227 1924 2266 Monacho
1947 2228 2083 2267 Ordin.

1129 2288 1330 2327 Benedict.
1358 2289 1604 2328 Tornusiano
1628 2289 1822 2329 dioecesis
1848 2291 2086 2330 Cabilonen-

1129 2352 1184 2389 sis
1208 2351 1282 2390 An.
1307 2350 1421 2390 4379.
1447 2351 1578 2390 Abbas
1604 2353 1643 2390 S.
1665 2352 1825 2391 Vedasti
1848 2352 2085 2392 Atrebaten-

1129 2414 1208 2461 sis,
1236 2425 1280 2452 ac
1305 2413 1477 2464 denique
1501 2414 1758 2453 Carnotensis
1780 2415 2006 2465 Episcopus
2030 2415 2080 2453 ab

1126 2476 1200 2514 An.
1229 2474 1330 2514 4379
1355 2476 1403 2514 ad
1429 2476 1544 2515 4390.
1571 2478 1643 2515 Pro
1667 2477 1872 2515 Clemente
1890 2477 1956 2514 VII
1977 2507 1987 2524 ,
2012 2475 2082 2514 ad-

1128 2549 1272 2576 versus
1293 2538 1496 2577 Urbanum
1518 2538 1586 2576 Vll
1607 2567 1615 2585 ,
1636 2539 1796 2588 scripsit
1815 2537 2016 2588 dialoyum
2036 2537 2083 2576 de

1121 2599 1287 2651 planctu
1312 2598 1502 2637 bonorum
1525 2629 1532 2646 ‚
1562 2601 1639 2639 MS.
1663 2602 1701 2637 in
1729 2600 1970 2639 Bibliotheca
1996 2602 2084 2641 Col-

1126 2663 1298 2707 bertina,
1328 2667 1367 2699 et
1390 2664 1614 2712 oppositum
1638 2663 1802 2700 Joannis
1825 2661 1874 2700 de
1907 2664 2081 2713 Lignano

1128 2724 1226 2763 libro
1249 2735 1369 2774 quem
1395 2725 1470 2763 An.
1497 2724 1597 2763 4379
1632 2723 1678 2762 de
1697 2723 1794 2774 fletu
1817 2723 2020 2764 Ecclesiae
2045 2728 2079 2775 c)

1128 2787 1327 2825 emiserat.
1349 2786 1535 2825 Diarium
1555 2798 1695 2825 rerum
1708 2791 1915 2838 qestarum
1934 2786 1986 2825 ab
2005 2788 2078 2827 An.

1130 2850 1224 2888 4384
1273 2847 1329 2887 ad
1361 2849 1462 2888 4388
1500 2850 1693 2900 scriptum
1733 2849 1893 2899 Gallice,
1929 2861 1978 2888 ex
2002 2862 2080 2900 quo

1129 2912 1278 2962 passim
1303 2911 1339 2958 d)
1370 2910 1563 2961 quaedam
1581 2912 1691 2950 affort
1711 2912 1896 2950 Baluzius
1917 2912 1954 2949 in
1978 2913 2081 2950 notis

1128 2973 1175 3012 ad
1201 2974 1308 3011 vitas
1333 2976 1527 3024 l‘aparum
1555 2973 1908 3012 Avenionensium.
1942 2973 2080 3025 Expo-

1184 3112 1218 3151 ο)
1243 3114 1322 3144 Vide
1344 3121 1443 3153 supra
1468 3117 1547 3144 tom.
1579 3113 1587 3142 l
1615 3122 1688 3154 pag.
1713 3113 1786 3144 592.
1807 3120 1875 3152 seq.

1182 3162 1217 3192 bv
1236 3162 1335 3192 index
1355 3161 1514 3193 librorum
1531 3165 1621 3194 Sacc.
1639 3165 1701 3194 XV.
1721 3165 1959 3202 impressorum
1972 3185 1981 3196 .
1999 3171 2082 3203 quos

1122 3212 1269 3250 possidet
1282 3213 1318 3242 v.
1332 3211 1583 3243 C.Cliristianus
1598 3212 1742 3243 Goulieb
1758 3212 1974 3244 schwartzius
1986 3223 2017 3253 p.
2029 3214 2081 3244 78.

1184 3260 1216 3298 c)
1234 3260 1342 3292 BaluZ.
1362 3262 1441 3300 Pap.
1461 3263 1685 3293 Avenionens.
1706 3267 1784 3293 tom.
1808 3261 1820 3291 1
1842 3270 1904 3303 pag
1937 3263 2013 3294 1401
2031 3273 2080 3303 sq.

1123 3314 1151 3340 ct
1185 3309 1276 3342 1085.

1184 3359 1221 3397 (1)
1237 3360 1354 3391 Confer
1372 3359 1540 3391 oudinum
1559 3365 1639 3391 toni.
1659 3361 1676 3391 3
1697 3369 1771 3399 pag.
1792 3360 1880 3392 1107.
1906 3371 1953 3401 sq.
