2500 3841
852 202 1349 243 CHLODULPHI
1676 222 1685 229 -
2032 198 2110 237 325

111 277 307 317 marthani
332 279 437 312 tomo
462 275 477 312 I
501 273 651 312 Galliae
675 273 953 323 Christianae,
983 286 1070 325 pag.

111 340 199 378 404.
219 338 285 376 ubi
307 341 347 375 et
369 337 500 386 ipsum
519 335 765 385 epitaphium
791 341 941 386 exstat,
966 336 1071 386 quod

109 400 296 451 quoniam
314 399 436 436 breve
458 402 544 446 est,
570 399 689 436 etiam
716 398 788 436 hoc
812 400 895 437 loco
912 403 1071 437 exstare

107 462 215 500 volui
236 474 244 499 :

119 522 288 554 Ecclesiae
311 522 485 562 speculum
504 544 512 560 ‚
539 523 670 560 patriae
693 523 790 562 vigor
805 545 815 561 ,
839 530 896 553 ara
918 529 1075 559 reorum,

160 574 203 603 Et
223 575 319 611 pater
343 576 374 603 et
396 572 543 603 Medicus
560 594 570 609 ,
593 573 713 602 Pastor
740 579 903 611 amorque
933 573 1055 611 gregis.

122 623 331 653 GERMANUS
357 623 483 653 virtute
501 646 511 659 ,
540 621 604 652 fide
618 646 627 659 ‚
653 621 752 653 corde
769 647 779 660 ‚
798 629 855 652 ore
879 622 996 652 beatus

157 671 264 702 Carne
287 674 381 701 tenet
405 670 575 701 tumulum
591 694 600 708 ‚
625 673 748 702 mentis
776 671 904 701 honore
932 670 1055 709 polum.

118 722 178 752 Vir
200 721 255 751 eui
278 719 363 750 dura
386 720 473 750 nihil
511 724 702 751 nocuerunt
724 719 792 750 sata
818 719 987 759 sepulchri
1007 741 1016 757 ,

158 771 250 801 Vivit
265 772 354 801 enim
372 795 382 808 ‚
400 778 480 801 nam
496 778 585 800 mors
602 793 611 807 ‚
631 777 730 808 quem
754 768 855 807 tulit,
874 771 945 808 ipsa
968 772 1075 799 timet.

119 819 235 851 Crevit
252 818 363 851 adhuc
382 821 494 858 potius
509 821 618 859 Justus
636 823 710 858 post
727 818 863 856 funera,
881 826 959 849 nam
976 817 1034 857 qul

157 869 276 901 Fictile
294 877 350 900 vas
367 868 475 900 fuerat
491 891 500 906 ,
516 876 648 907 gemma
663 868 808 908 superba
826 869 939 900 micat.

115 920 219 959 Hujus
236 926 333 959 opem
348 926 386 951 ac
401 919 560 949 meritum
579 920 683 949 mutis
697 917 774 948 data
785 917 886 948 verba
902 917 1097 956 loquuntur,

153 967 313 999 Redditus
331 971 363 998 et
381 969 490 999 coecis
509 967 682 1007 praedicat
701 976 757 998 ore
773 967 858 998 dies,

114 1019 174 1049 Hic
190 1019 241 1048 vir
253 1017 462 1057 Apostolicus
481 1019 614 1056 rapiens
637 1018 676 1049 de
696 1020 804 1047 morte
821 1015 1022 1055 trophaeum

154 1070 232 1102 Jure
249 1067 446 1106 triumphali
465 1067 618 1098 considet
636 1075 714 1098 arce
732 1066 813 1105 poli.

152 1136 243 1174 Vita
266 1136 304 1173 S.
331 1135 645 1174 CHLODULPHI
666 1135 853 1184 Episcopi
874 1135 978 1171 circa
991 1130 1072 1169 An-

101 1209 199 1236 num
224 1198 312 1235 666.
333 1199 547 1246 Metensis,
572 1201 692 1247 atque
732 1196 822 1234 inde
852 1197 1071 1234 Trevcren-

100 1261 155 1297 sis
178 1258 501 1309 Archiepiscopi,
526 1263 698 1297 occurrit
728 1259 766 1295 in
793 1258 933 1296 iisdem
957 1256 1069 1296 Actis

99 1322 167 1360 SS.
190 1320 434 1359 Benedictin.
462 1322 547 1360 Sec.
573 1322 612 1359 2.
636 1331 724 1370 pag.
750 1321 867 1359 1043.

151 1381 345 1421 Ιῗοόσνῐιιε
373 1381 420 1420 (le
444 1382 772 1429 CIIORCEONE,
804 1382 890 1419 sive
921 1381 1071 1419 CIIOR-

99 1443 222 1491 CON,
245 1444 332 1482 aliis
356 1443 406 1481 de
428 1443 625 1483 CURSON
640 1474 651 1491 ,
676 1443 740 1481 vel
776 1442 1041 1482 CURTONUS
1060 1472 1068 1491 ,

97 1505 272 1553 Anglus,
291 1505 515 1555 Theologus
532 1505 767 1544 Parisiensis
784 1535 792 1553 ,
812 1504 1066 1543 adversarius

94 1567 395 1617 Albigensium,
420 1571 461 1605 et
481 1567 530 1605 ab
553 1567 670 1605 Anno
695 1568 811 1606 1211.
831 1566 1066 1615 Cardinalis‚

94 1629 315 1667 Innocentii
339 1629 405 1667 ΙΙΙ.
429 1633 551 1679 atque
583 1630 740 1668 Honorii
780 1629 845 1666 111.
886 1639 956 1678 per
976 1627 1067 1665 Gal-

96 1692 188 1730 liam
213 1693 384 1741 Legatus
401 1719 410 1734 ‚
434 1691 529 1729 obiit
550 1693 587 1729 in
611 1691 832 1729 Palaestina
850 1689 924 1729 An.
953 1690 1065 1728 1218.

97 1752 264 1802 Scripsit
278 1754 485 1791 Summam
499 1751 767 1803 Theolofsicam
783 1751 1066 1801 quaijStam

96 1815 250 1854 evolvit
273 1816 489 1865 praeloque
510 1815 787 1864 dignissimam
808 1817 924 1852 vocat
946 1812 1068 1851 Oudi-

97 1887 174 1915 nus
195 1881 291 1915 tom.
319 1878 366 1915 II.
388 1888 476 1927 pag.
499 1875 615 1915 1715.
646 1877 708 1914 Ex
744 1876 849 1913 illius
879 1875 1067 1913 Summae

101 1939 291 1977 Tractatio
329 1938 375 1977 de
416 1937 658 1989 poenitentia
701 1936 898 1987 quaedam
939 1937 1069 1986 capita

97 2002 296 2051 excerpsit
315 2000 518 2050 ediditque
527 2001 545 2037 J
551 1999 697 2038 acobus
707 1999 858 2037 Petitus
876 2002 964 2048 post
979 2010 1069 2048 poe-

99 2063 308 2101 nitentiale
333 2062 529 2100 Theodori
554 2063 843 2110 Cantuar.pag.
871 2060 958 2098 367.
977 2060 1067 2098 376.

95 2125 254 2163 Parisiis
279 2124 408 2172 1679,
437 2125 471 2162 [1.
494 2125 638 2162 Baleus
663 2125 730 2162 ΙΙΙ.
754 2122 817 2161 79.
849 2123 884 2160 ei
914 2127 1068 2173 praete-

95 2198 163 2226 rea
184 2187 322 2226 tribuit
343 2185 490 2224 lzbrum
525 2185 571 2223 de
601 2184 821 2223 salvatione
856 2184 1064 2235 Oriyenz's,

97 2252 136 2286 et
171 2247 344 2286 lecturas
381 2247 571 2286 solennes.
607 2246 761 2292 Quibus
798 2247 955 2284 Pitseus
978 2257 1066 2296 pag.

95 2310 185 2350 293.
207 2314 248 2348 et
271 2310 316 2348 G.
340 2309 539 2360 Josephus
559 2310 667 2359 Eggs
690 2310 728 2346 in
750 2319 926 2358 purpura
950 2308 1065 2346 docta

96 2382 134 2421 p.
159 2372 248 2410 435.
273 2370 453 2420 adjungit
478 2369 628 2408 librum
648 2369 695 2408 de
716 2373 863 2419 septem
883 2369 1064 2419 septenis.

151 2431 483 2470 CHRISTIANUS
499 2430 550 2483 ab
573 2430 803 2482 Aquitania,
821 2431 853 2478 a)
875 2432 941 2480 qui
962 2430 1066 2480 apud

99 2495 292 2543 Gangium
313 2497 470 2543 praeter
491 2503 575 2530 rem
596 2503 616 2530 a
637 2491 864 2531 Christiano
880 2492 1068 2529 DRUTII-

96 2554 235 2594 MARO
257 2554 524 2592 Grammatico
548 2552 827 2602 distinguitur.
850 2552 1065 2590 Monachus

107 2615 359 2665 Corbejensis
380 2644 388 2662 ,
408 2614 568 2652 Ordinis
603 2613 848 2652 Benedictini
873 2613 908 2661 h)
927 2642 935 2659 ,
966 2615 1067 2652 Con-

99 2682 247 2729 gregat.
278 2678 305 2714 F
310 2676 552 2714 lor-incensis.
588 2675 746 2724 scripsit
781 2673 1064 2724 expositionem

100 2740 259 2790 dignam
284 2738 388 2775 lectu
409 2737 441 2784 0)
467 2736 507 2773 z'n
528 2734 789 2784 Evctnqelinm
806 2734 1068 2773 Matthaeidi-

97 2803 226 2839 visam
252 2801 290 2837 in
315 2799 442 2849 capita
472 2799 570 2836 LXI.
609 2797 657 2835 ad
691 2796 902 2834 Monachos
927 2796 1069 2836 Stabu-

100 2863 233 2901 lenses
257 2861 293 2909 d)
320 2864 361 2899 ct.
383 2859 753 2898 Malmandariensis
777 2858 1065 2898 Coenobiorum

160 3003 194 3043 a)
217 3003 410 3041 sigebertus
436 3011 508 3042 cap.
536 3003 588 3033 7⁵2.

157 3054 193 3092 b)
226 3053 429 3084 'trithemius
452 3059 526 3091 cap.
550 3052 623 3081 ⁰250.
647 3049 686 3080 de
710 3048 934 3088 scriptoribus
958 3049 1069 3081 Eccle-

96 3105 261 3140 siasticiS‚
285 3106 317 3133 et
348 3104 387 3133 ll.
418 3102 469 3133 67.
496 3101 678 3132 illustrium
702 3098 1010 3130 Benediciinorum.

157 3152 188 3191 c)
211 3151 294 3184 Vide
328 3151 532 3183 Richardum
571 3153 739 3181 Simonem
765 3148 825 3179 lib.
847 3148 879 3177 δ.
907 3149 1072 3179 Historiae

104 3202 245 3232 criticae
266 3202 346 3232 Novi
372 3202 575 3232 Testamenti
601 3208 674 3238 cap.
698 3199 751 3228 213.
780 3205 855 3235 pag.
878 3196 953 3227 570.
977 3205 1069 3236 seqq.

163 3249 198 3288 d)
225 3250 274 3281 De
298 3249 439 3283 Stavelo
467 3250 547 3281 dans
575 3249 618 3280 les
653 3247 824 3278 Ardennes
848 3254 891 3276 au
915 3246 1069 3276 niort-ese

100 3298 141 3329 de
164 3297 276 3338 Licge.
299 3300 380 3332 Vide
402 3299 569 3332 Labbeum
593 3302 673 3330 toni.
699 3300 708 3327 I
736 3295 776 3327 dc
802 3297 831 3326 S.
858 3297 893 3326 E.
925 3304 956 3334 p.
979 3295 1052 3327 755.

1146 283 1183 320 S.
1224 282 1327 320 Petri
1366 280 1442 319 sub
1480 289 1557 318 uno
1594 277 1746 316 Abbate
1783 276 2053 314 consistentes
2078 277 2116 312 in

1144 344 1322 382 Dioecesi
1348 342 1569 381 Leodiensi.
1595 341 1749 378 Primus
1774 349 1866 377 cum
1889 337 1977 386 ejus
1998 336 2118 387 epito-

1143 405 1262 443 matc's
1286 405 1325 442 in
1349 405 1496 442 Lucam
1520 406 1557 440 et
1583 400 1801 439 Johamzem
1821 411 1872 437 ex
1894 400 2015 438 MStis
2040 400 2114 437 Co-

1143 467 1297 505 dicibus
1312 466 1615 505 ediditJacohus
1632 463 1981 513 Wimphelingius,
2003 471 2114 511 prae-

1145 528 1222 566 fixo
1246 529 1451 579 privilegio
1482 529 1623 577 Imper.
1654 525 1905 564 Maximiliani
1925 537 1932 561 :
1957 528 1998 561 et
2021 524 2115 561 Leo-

1144 590 1206 627 nis
1222 592 1259 628 X
1291 589 1525 639 insignibus,
1547 588 1697 637 primae
1721 588 1885 636 paginae
1905 585 2109 636 appositis,

1143 651 1395 702 Argentorati
1425 650 1538 687 1511.
1559 649 1621 686 fol.
1647 647 1780 685 addita
1800 649 1919 685 etiam
1944 656 2114 685 censura

1144 713 1278 751 Jacobi
1295 711 1456 749 Oessler
1476 711 1508 747 J.
1528 710 1571 747 U.
1593 710 1638 746 D.
1654 720 1725 758 per
1741 709 1956 758 Imperium
1972 710 2114 746 Roma-

1146 785 1242 812 num
1277 774 1374 811 artis
1411 771 1689 821 impressoriac
1713 769 1901 807 Censoris
1926 775 1965 807 et
1990 772 2114 819 Supe-

1145 834 1411 873 rattendentis
1440 831 1657 870 Generalis.
1690 831 1794 867 llaec
1829 831 1947 867 editio
1984 833 2114 869 neuti-

1146 907 1266 946 quam
1297 895 1466 933 conficta
1495 893 1544 932 ad
1573 891 1789 931 Edmundo
1818 892 2022 929 Alhertino
2051 894 2112 940 a),

1144 957 1214 995 sed
1239 957 1354 994 obvia
1376 957 1414 994 in
1438 955 1718 1001 Bibliothecis,
1748 957 1793 991 ut
1822 953 1970 991 GaIlIae
2000 953 2100 1002 apud

1144 1019 1350 1057 Dallaeum
1366 1018 1420 1067 b),
1437 1016 1603 1067 Angliae
1619 1016 1652 1064 c)
1671 1015 1776 1065 apud
1797 1015 2020 1052 Johannem
2039 1016 2111 1051 Te—

1145 1082 1380 1128 nissonum,
1405 1079 1643 1117 Germaniae
1668 1077 1772 1127 apud
1805 1078 1998 1114 Joannem
2035 1077 2110 1113 Lu—

1144 1142 1335 1193 dolphum
1374 1143 1695 1180 Biinemannum.
1726 1140 1762 1187 d)
1802 1138 2107 1188 Deprehensum

1143 1216 1301 1254 qnoque
1326 1208 1389 1242 est
1414 1207 1454 1241 et
1479 1206 1674 1240 testatum
1699 1201 1840 1239 eadem
1865 1201 1940 1250 legi
1972 1200 2010 1235 in
2042 1199 2106 1236 illa

1143 1267 1366 1315 antiquiore
1391 1264 1584 1312 editione,
1610 1274 1712 1313 quae
1739 1263 1776 1299 in
1794 1262 1967 1300 editione
1986 1262 2110 1309 Hagn-

1143 1328 1282 1365 noensi
1306 1326 1351 1365 A.
1379 1327 1493 1365 4530.
1526 1327 1562 1364 8.
1588 1337 1610 1363 a
1634 1324 1821 1363 Menardo
1844 1323 2036 1362 Molthero
2067 1325 2107 1359 et

1142 1388 1321 1427 Johanne
1345 1388 1502 1426 Secerio
1521 1401 1527 1424 :
1554 1388 1645 1425 licet
1668 1388 1806 1425 Sixtus
1831 1385 2023 1424 Senensis
2045 1384 2108 1421 lib.

1141 1452 1204 1490 VI.
1224 1450 1491 1489 Bibliothecae
1516 1460 1652 1486 sacrae
1677 1453 1770 1485 nota
1798 1449 1884 1488 112.
1910 1446 2108 1496 quaedam

1142 1514 1292 1565 profert
1315 1524 1336 1550 0
1361 1513 1437 1550 MS.
1464 1513 1820 1549 Franciscanorum
1846 1509 2105 1559 Lugdunensi

1141 1575 1273 1623 aliter,
1295 1584 1416 1624 quam
1438 1574 1475 1610 in
1498 1572 1747 1622 Ilaganoiinsi
1764 1572 1969 1621 leguntur,
1986 1581 2106 1620 quam

1141 1638 1352 1688 repetitam
1375 1638 1533 1674 constat
1563 1635 1602 1671 in
1632 1633 1887 1672 Bibliothecis
1912 1634 2099 1680 Pati-um,

1140 1699 1376 1746 Parisiensi,
1417 1696 1671 1743 Coloniensi,
1706 1698 1746 1732 et
1777 1695 1994 1732 novissima
2032 1695 2108 1730 Lu-

1138 1760 1335 1810 gdunensi
1360 1762 1468 1796 tomo
1492 1758 1563 1796 XV
1586 1768 1673 1807 pag.
1701 1757 1789 1795 165.
1814 1756 1955 1793 Joanni
1982 1756 2105 1792 Oeco-

1142 1820 1338 1871 lampadio
1378 1820 1485 1857 illam
1523 1818 1737 1856 editionem
1764 1818 1902 1854 tribuit
1928 1816 2108 1853 Labbeus

1141 1887 1247 1920 tomo
1272 1883 1286 1920 Ι
1308 1893 1394 1932 pag.
1531 1879 1608 1918 Sed
1635 1880 1718 1929 ipse
1744 1879 1781 1916 id
1808 1882 1998 1915 retractat
2018 1888 2105 1926 pag.

1141 1945 1231 1984 751.
1255 1943 1365 1982 Idem
1386 1941 1638 1992 Typographi
1661 1942 1757 1978 vitio
1779 1938 2013 1977 ,Iloltserwn
2039 1949 2108 1975 vo-

1141 2010 1205 2045 cat
1228 2017 1297 2056 pro
1313 2004 1523 2051 Molthero,
1548 2007 1588 2040 et
1612 2014 1680 2052 pro
1706 2003 1862 2040 Secerio
1887 2000 2107 2040 Senerz'um.

1139 2068 1352 2107 Profitetur
1368 2065 1636 2104 Druthmarus
1654 2075 1696 2102 se
1714 2063 1919 2102 studuisse
1936 2062 2030 2113 plus
2050 2061 2108 2099 ln·-

1141 2129 1333 2168 storz'cum
1370 2137 1529 2165 sensum
1564 2125 1680 2177 sequi
1707 2136 1829 2176 quam
1862 2123 2106 2175 spiritalem:

1141 2188 1418 2230 irrationabile
1435 2188 1536 2226 enim
1552 2186 1633 2226 sibi
1645 2187 1792 2235 videri,
1810 2185 2033 2237 spiritalem
2049 2184 2108 2222 in-

1141 2252 1395 2303 telle’gyentt'am
1433 2262 1474 2289 m
1510 2249 1611 2288 libro
1650 2249 1784 2300 atiquo
1816 2258 2038 2300 quaerere,
2073 2249 2111 2283 et·

1141 2314 1374 2353 historicum
1388 2312 1548 2365 penitus
1573 2313 1786 2363 morare,
1819 2322 1908 2349 cum
1938 2308 2108 2347 historia

1139 2375 1442 2428 fundamentum
1457 2374 1582 2412 omnis
1600 2372 1876 2423 z'ntelllqentiae
1891 2371 1954 2417 sit,
1966 2374 2003 2407 et
2021 2370 2108 2419 ipsa

1135 2437 1323 2488 primitus
1344 2435 1577 2487 quaerenda
1601 2439 1638 2473 et
1651 2432 1921 2484 complananda
1930 2463 1940 2480 ,-
1964 2435 2001 2468 et
2021 2430 2106 2468 sine

1140 2499 1227 2549 ipsa
1246 2497 1422 2549 perfecte
1445 2496 1499 2534 acl
1516 2496 1640 2534 celiam
1660 2506 1735 2532 non
1758 2494 1887 2545 possit
1915 2489 2098 2529 transiri.

1140 2560 1249 2597 Idem
1266 2559 1450 2596 brevitati
1469 2557 1624 2596 studuit
1641 2561 1681 2593 et
1697 2554 1983 2605 perspicuitati,
2004 2561 2103 2600 quo-

1142 2622 1246 2658 niam
1264 2621 1347 2669 ipso
1361 2618 1497 2668 judice
1516 2616 1803 2667 stzcltt'loqm'mn
1815 2618 1873 2652 est
1894 2614 1932 2651 ιή
1949 2611 2108 2662 eayiosc'-

1419 1905 1508 1920 nist-ltd-

1199 2751 1234 2790 a)
1261 2749 1342 2782 Vide
1366 2749 1575 2780 Alberiinum
1598 2749 1636 2779 de
1660 2750 1691 2777 S.
1715 2746 1928 2778 Eucharistia
1950 2751 2024 2784 pag.
2041 2744 2115 2774 935.

1140 2806 1170 2832 ct
1194 2800 1267 2832 86¹.

1201 2849 1237 2888 b)
1264 2849 1430 2880 Joliaunes
1454 2847 1645 2886 lindolphus
1675 2847 1858 2876 Westcnius
1901 2852 1976 2884 pag.
2000 2844 2051 2875 79.
2074 2844 2114 2874 ad

1137 2901 1322 2938 origenem
1349 2902 1466 2928 contra
1481 2898 1714 2933 Marcionitas,
1738 2899 1879 2926 testatur
1894 2904 1926 2924 se
1944 2893 2115 2933 Wiinphe‘

1136 2951 1325 2987 lingianam
1341 2956 1358 2977 a
1378 2948 1488 2986 capite
1506 2946 1546 2977 ad
1564 2946 1689 2978 calcem
1705 2953 1781 2976 cum
1796 2944 2015 2974 moltheriana
2030 2951 2114 2973 con-

1135 2999 1273 3034 tuIIsse,
1309 3004 1417 3036 neque
1448 2995 1645 3026 Molthcrum
1668 2996 1852 3034 quicquam
1887 2994 2078 3031 corrupisse
2099 3015 2109 3028 ‚

1135 3047 1192 3079 sed
1214 3047 1279 3077 alio
1303 3054 1400 3077 usum
1425 3046 1545 3076 Codice
1580 3046 1694 3074 varias
1723 3045 1894 3073 Lectiones
1918 3043 2079 3080 quasdam
2097 3065 2105 3078 ,

1139 3099 1172 3127 in
1200 3095 1301 3127 rebus
1326 3096 1406 3134 ipsis
1425 3099 1537 3125 tamen
1561 3093 1646 3125 nibil
1663 3093 1842 3124 alteratum
1860 3092 1988 3122 Lectori
2012 3090 2114 3121 obtu-

1133 3146 1220 3177 lisse.

1195 3195 1225 3231 c)
1253 3196 1380 3225 cavens
1407 3194 1446 3224 dc
1474 3193 1697 3232 scriptoribus
1714 3191 1960 3223 Ecclesiasticis
1983 3188 2024 3219 ad
2046 3192 2113 3219 An-

1139 3254 1217 3277 num
1234 3243 1308 3274 sio.

1198 3294 1232 3333 d)
1257 3297 1337 3325 Acta
1362 3293 1579 3324 Krounoi-uni
1602 3296 1629 3322 t.
1657 3293 1694 3322 X.
1717 3289 1946 3330 supplementi
1969 3297 2002 3328 p.
2025 3288 2088 3319 552
2103 3311 2110 3318 .

1681 3359 1703 3397 Ι,
1709 3359 1729 3396 Ῑι,
