2500 3841
853 226 1331 268 FULGENTIUS

100 293 280 335 simundo
318 296 445 345 Rege,
478 294 621 332 librum
663 295 748 331 sive
787 295 1054 336 Commonito-

26 387 34 393 ,
100 359 202 397 rium
245 356 294 395 de
332 356 484 406 Spiritu
521 355 666 394 Sancto
701 353 756 392 ad
792 354 1054 407 Abrayzlam,

99 419 200 459 duos
219 418 268 457 de
284 416 436 468 jejunio
461 420 501 455 et
525 417 702 455 oratione
724 415 845 454 libros
879 417 934 455 ad
962 419 1059 457 Pro-

103 479 195 520 bam
215 481 410 530 scriptos,
438 479 658 530 Epistolam
683 477 738 516 ad
757 478 1061 530 Carthayinien-

100 553 188 592 ses,
212 541 428 594 pluresque
449 541 638 591 epistolas
661 544 702 578 et
725 540 799 578 alia
820 541 967 591 scripta
984 552 1060 578 non

101 604 274 655 amplius
298 614 513 654 superesse
536 606 716 650 constet,
742 613 914 652 quorum
952 614 1064 642 recu-

101 664 367 716 perandorum
392 676 487 716 spes
510 669 580 704 aut
603 664 712 703 nulla
738 667 811 703 aut
834 664 978 714 exigua
998 675 1065 714 ap-

78 721 239 778 paret,
263 726 538 778 praeclarede
561 727 663 765 bono
688 726 846 776 publico
866 727 1063 765 meruisse

101 788 267 828 dubium
292 800 370 827 non
395 793 476 837 est,
502 799 672 840 quorum
696 787 874 827 studium
900 792 942 826 et
967 788 1065 837 vigi-

102 852 255 901 lantia,
286 862 336 889 ne
371 855 412 889 et
453 851 606 900 reliqua
645 850 894 888 sanctissimi
923 853 964 887 et
993 860 1065 888 sua

103 917 235 952 aetate
280 912 504 951 doctissimi
552 911 759 950 Antistitis
804 915 1066 949 monumenta

102 973 387 1013 interciderent
401 1004 413 1022 ,
444 974 661 1024 praecavit.

156 1038 201 1075 In
243 1035 307 1074 his
334 1033 560 1074 Bilibaldus
600 1032 961 1086 Pirckheymerus‚
997 1035 1065 1083 qui

102 1097 332 1149 exemplum
356 1107 522 1148 operum
547 1098 588 1135 B.
615 1097 812 1146 Fulgentii
845 1097 967 1135 mirae
997 1107 1067 1133 ve-

103 1160 270 1200 tustatis
284 1189 297 1208 ,-
326 1170 377 1197 ex
405 1158 586 1208 reliquiis
615 1158 884 1196 Bibliothecae
913 1157 1068 1195 Trithe-

105 1221 261 1260 mianae
275 1219 323 1259 ad
342 1231 384 1258 re
399 1219 640 1268 delatum‚et
651 1218 854 1258 aJohanne
873 1217 1065 1259 Cochlaeo

103 1294 174 1334 pro
189 1282 360 1322 librariis
382 1281 514 1333 operis
546 1281 793 1332 descriptum
819 1280 883 1319 edi
909 1281 1066 1319 curavit

103 1356 196 1384 eum
220 1346 279 1383 Jo.
296 1345 509 1392 Maxentio,
522 1347 796 1394 oppugnatore
813 1342 1066 1390 Arianorum7

106 1407 316 1457 Haganoae
347 1406 462 1445 ⁴520.
489 1406 513 1443 f.
540 1405 734 1456 impensis
748 1404 1066 1455 Kobergerorum

103 1468 279 1508 Norimb.
293 1466 494 1507 ,Iohannes
511 1466 781 1515 Ulimmerius,
800 1465 918 1516 cujus
935 1465 1067 1504 studio

106 1531 302 1582 Fulgentii
341 1541 459 1581 opera
497 1534 588 1580 post
616 1529 832 1568 editionem
863 1529 1067 1579 Mogunti-

105 1604 196 1632 nam
223 1592 329 1631 Anni
357 1593 483 1639 45⁴5,
509 1592 788 1633 Coloniensem
813 1590 918 1629 Anni
951 1590 1065 1629 4546.

103 1659 144 1694 et
181 1654 270 1693 aliis
308 1654 567 1705 Ant-werpiae
603 1652 719 1692 Anno
757 1653 871 1692 ⁴574.
910 1653 947 1691 8.
991 1663 1069 1691 una

102 1729 194 1757 cum
217 1715 406 1754 Iohannis
423 1715 575 1756 Molani
596 1715 889 1766 prolegomenis
912 1726 960 1753 ex
987 1715 1070 1752 offi-

107 1781 197 1818 cina
219 1779 470 1818 Plantiniana
492 1777 752 1829 prodierunt·⁷
775 1775 975 1815 Henricus
1002 1776 1071 1815 Ju-

102 1844 209 1890 stus,
234 1841 302 1891 qui
340 1840 460 1879 telam
486 1850 509 1878 a
535 1838 762 1879 Christiano
805 1838 952 1878 Urtisio
982 1849 1072 1877 coe-

104 1907 216 1954 ptam
239 1902 468 1954 pertexuit,
493 1906 534 1940 et
557 1901 673 1940 Anno
694 1902 854 1940 CHristi
887 1900 1004 1941 4587.
1036 1901 1072 1938 8.

104 1966 304 2016 Fulgentii
341 1975 487 2015 opera,
518 1963 652 2003 addito
688 1965 800 2002 Petri
836 1963 997 2002 Diaconi
1025 1962 1074 2000 de

106 2028 378 2066 incarnatione
401 2030 442 2064 et
466 2027 590 2077 gratia
615 2025 764 2075 libello,
784 2026 986 2075 Basileae,
1007 2024 1070 2063 ubi

107 2091 229 2128 etiam
245 2088 328 2139 jam
351 2087 469 2127 Anno
493 2089 527 2138 a)
546 2087 662 2128 4566.
684 2088 720 2126 8.
743 2088 980 2138 Fulgentius
1004 2098 1075 2125 ex-

105 2161 231 2190 cusus
252 2151 400 2197 fuerat,
425 2150 648 2189 Sebastiam
678 2150 942 2200 Henricipetri
968 2150 1074 2199 typis

106 2211 366 2263 exprimenda
388 2211 519 2261 dedit3
543 2210 717 2250 Jacobus
754 2210 1012 2260 sirmondus,
1038 2211 1073 2259 b)

106 2275 174 2324 qui
198 2272 314 2311 Anno
349 2273 504 2312 CHristi
541 2274 658 2313 46⁴2.
684 2273 883 2324 Fulgentii
926 2273 1073 2311 librum

106 2335 156 2374 de
176 2335 245 2374 SS.
267 2335 463 2374 Trinitate
483 2335 533 2373 ad
562 2335 735 2374 Felicem
759 2335 973 2374 Notarium
994 2363 1002 2379 ,
1032 2335 1077 2372 li-

107 2397 222 2436 brum
247 2400 386 2435 contra
409 2407 639 2435 sermonem
671 2396 903 2445 Fastidiosi,
929 2397 1077 2447 episto—

108 2459 187 2498 lam
210 2457 261 2498 ad
283 2458 531 2497 Ferrandum
564 2457 613 2496 de
643 2458 842 2509 baptismo
873 2457 1077 2508 AEthiopis

107 2520 352 2568 moribundi,
371 2520 528 2570 aliaque
557 2520 753 2570 Fulgentii
779 2520 1005 2571 opuscula,
1036 2523 1077 2557 et

76 2628 80 2631 ¹
108 2583 252 2622 iterum
288 2582 366 2622 An.
400 2583 692 2624 CHrist111653.
727 2583 999 2633 fragmentum
1025 2593 1076 2620 ex

107 2643 289 2694 ejusdem
324 2645 435 2684 libris
473 2649 611 2684 contra
649 2644 867 2684 Fabianum
899 2656 921 2683 e
965 2649 1077 2684 tene—

109 2706 191 2745 bris
206 2708 428 2758 protraxit3
455 2705 675 2746 Guilelmus
701 2706 966 2747 Camerarius
984 2708 1078 2746 Sco-

110 2772 209 2818 tus,
247 2770 316 2819 qui
350 2768 470 2809 Anno
507 2770 660 2809 CHristi
689 2769 806 2808 4634.
845 2769 907 2808 42.
955 2770 1075 2808 Paris.

107 2831 304 2882 Fulgentii
327 2832 632 2882 responsionem
663 2830 712 2870 ad
738 2833 1076 2882 interrogationes

107 2892 281 2932 Scarilae
303 2892 353 2932 de
386 2895 579 2943 mysterio
617 2893 932 2943 incarnationis,
954 2898 994 2932 et
1017 2894 1077 2931 vi-

85 2948 88 2956 '
110 2952 207 2992 lium
223 2954 554 2994 animalculorum
573 2955 759 3003 authore,
778 2966 856 2994 una
875 2966 967 2995 cum
989 2955 1076 2994 aliis

106 3015 347 3064 quibusdam
382 3021 564 3055 veterum
597 3018 758 3056 Patrum
797 3018 1073 3056 monumentis

107 3076 345 3127 publicavit3
386 3077 617 3131 Theophilus
646 3078 922 3131 Raynaudus,
963 3079 1002 3117 S.
1038 3080 1072 3115 J.

165 3196 200 3236 a)
221 3196 270 3228 Ad
289 3197 376 3230 hanc
399 3197 582 3231 editionem
606 3200 856 3232 observationes
880 3201 988 3231 Latini
1014 3202 1079 3230 La-

105 3247 182 3278 tinii
206 3248 240 3278 in
264 3248 334 3286 ejus
357 3247 562 3281 Bibliotheca
585 3249 838 3288 sacro-profana
864 3259 897 3289 p.
921 3249 1034 3279 35-89.

167 3295 203 3334 b)
226 3297 470 3331 Praelationem
511 3298 585 3330 vide
609 3301 642 3329 in
668 3299 834 3330 Sirinondi
863 3298 1026 3338 Operibus
1052 3303 1074 3328 t.

54 3327 58 3331 ’
111 3343 140 3375 4,
166 3353 243 3385 pag.
265 3345 340 3377 (515.

1998 236 2076 274 (523

1126 300 1191 348 qui
1215 300 1334 348 Lugd.
1362 301 1480 339 46:33.
1509 305 1550 339 et
1576 302 1689 340 4652.
1717 303 1778 340 sol.
1801 306 1833 352 a)
1859 306 1894 342 in
1917 305 2084 356 heptade

1128 361 1358 400 Praesulum
1376 393 1386 410 ,
1418 362 1611 413 Fulgentii
1635 374 1774 414 opera,
1797 365 1860 404 80.
1895 370 2086 405 sermoni-

1130 420 1204 459 bus
1233 425 1272 459 et
1302 422 1387 460 aliis
1411 425 1710 463 accessionibus
1736 426 2017 478 locupletavit,
2047 434 2084 467 et

1134 481 1236 518 Petr.
1263 483 1406 521 Franc.
1434 484 1656 534 Chifletius.
1683 488 1720 526 S.
1745 489 1778 525 J.
1802 490 1868 539 qui
1894 489 1938 528 A.
1965 492 2079 530 4649.

1136 542 1170 579 4.
1195 553 1286 581 cum
1307 545 1494 594 operibus
1512 548 1696 585 Ferrandi
1718 549 1792 587 sub
1810 551 2001 602 Fulgentii
2020 565 2088 591 no-

1136 604 1241 642 mine
1274 605 1416 644 librum
1451 618 1523 657 pro
1563 608 1638 646 lide
1674 610 1863 650 catholica
1892 613 2087 653 adversus

1136 665 1270 714 Pinta,
1295 671 1334 703 et
1363 666 1407 704 Α.
1446 668 1558 706 16ἵὸ6.
1585 670 1619 706 4.
1645 672 1804 720 triginta
1841 685 1984 713 novem
2016 688 2087 714 ex-

1136 730 1271 775 cerpta
1291 738 1340 764 cx
1363 728 1471 765 libris
1495 729 1686 779 l'ulgentii
1703 738 1836 772 eontra
1860 736 2084 775 Fabianum.

1136 791 1177 824 et
1212 787 1405 826 tredecim
1447 789 1666 839 fragmenta
1690 803 1738 830 ex
1764 794 1859 833 libro
1898 798 2086 844 Fuigentii

1138 846 1187 885 ad
1211 850 1465 897 quaestiones
1487 850 1680 900 Scarilae,
1706 865 1782 892 una
1811 866 1901 894 cum
1931 844 2083 897 Alcuini

1139 908 1387 947 confessione
1412 909 1528 958 fidei,
1558 912 1702 950 Rabani
1740 915 1859 952 Mauri
1900 917 1994 956 libro
2023 920 2089 957 ad-

1140 980 1284 1008 versus
1311 970 1498 1018 Judacos,
1546 978 1586 1010 et
1628 977 1813 1024 anonymi
1848 986 2086 1019 commenta-

1142 1030 1236 1068 riolo
1279 1031 1326 1069 de
1369 1031 1623 1072 damnatione
1653 1037 1898 1087 Berengurii,
1928 1041 2089 1079 Divione

1141 1092 1228 1130 luce
1252 1092 1406 1143 publica
1429 1094 1602 1133 donavit.

1195 1153 1436 1205 Quanquam
1455 1168 1548 1195 vero
1566 1168 1609 1196 ea
1629 1159 1821 1210 l¹'ulgentii
1842 1173 1970 1212 opera,
1991 1175 2091 1213 quae

1143 1215 1364 1265 Sirmondi,
1390 1218 1631 1268 Camerarii‚
1656 1221 1858 1271 Raynaudi
1880 1228 1920 1262 et
1951 1225 2092 1264 Chisse-

1141 1279 1184 1315 tii
1214 1278 1344 1317 studio
1366 1280 1507 1330 publici
1529 1280 1631 1330 juris
1653 1282 1753 1322 facta
1777 1290 1895 1333 sunt,
1915 1285 2087 1336 junctim

1141 1339 1382 1379 exhibentur
1419 1343 1455 1379 in
1492 1343 1730 1384 Bibliotheca
1752 1347 1910 1386 Patrum
1936 1349 2092 1399 Lugdu—

1142 1403 1257 1440 nensi
1296 1403 1370 1442 An.
1412 1403 1514 1442 4677
1546 1409 1640 1443 tom.
1679 1407 1746 1455 IX,
1780 1413 1912 1447 tamen
1951 1417 2090 1460 operae

1145 1465 1321 1515 pretium
1362 1470 1423 1503 est
1449 1467 1579 1505 visum
1620 1479 1721 1506 novo
1761 1469 1823 1507 illa
1862 1471 2003 1518 studio,
2046 1473 2092 1511 ad

1143 1526 1259 1565 fidem
1286 1528 1570 1577 impressorum
1593 1534 1632 1567 et
1656 1533 2012 1582 manuscriptorum
2029 1545 2093 1572 co-

1141 1587 1273 1627 dicum
1295 1589 1435 1628 collata
1471 1600 1678 1629 recensere
1701 1594 1933 1643 proprioque
1957 1600 1996 1633 et
2026 1607 2093 1646 pe-

1143 1650 1280 1689 euliari
1330 1652 1535 1690 volumine
1580 1654 1814 1703 complecti:
1853 1655 1958 1694 unde
1990 1669 2092 1696 nova

1146 1713 1339 1764 Fulgentii
1365 1713 1484 1752 editio
1510 1719 1625 1762 nata,
1650 1715 1765 1766 eujus
1785 1722 1942 1756 autores
1958 1729 2000 1756 se
2017 1730 2092 1757 non

1146 1776 1335 1826 exiguam
1380 1776 1416 1813 in
1452 1777 1712 1827 repurgandis
1754 1778 1909 1817 mendis
1937 1791 2093 1830 operam

1145 1838 1364 1877 collocasse
1386 1838 1637 1888 profitentur.
1673 1840 1941 1879 Accesserunt
1965 1843 2094 1881 variae

1146 1900 1347 1948 lectiones,
1364 1905 1404 1938 et
1429 1912 1715 1951 nonnunquam
1733 1902 1830 1940 aliae
1846 1905 2096 1942 annotatiun-

1149 1963 1260 2001 culae
1284 1962 1330 2001 ad
1357 1964 1590 2013 paginarum
1615 1964 1764 2002 calcem
1802 1969 1842 2002 et
1879 1967 2092 2016 marginem

1146 2037 1215 2077 pro
1260 2025 1497 2063 illustrando
1544 2026 1750 2077 Fulgentio
1792 2026 1992 2076 adjectae7
2034 2030 2095 2067 cui

1145 2088 1264 2126 etiam
1294 2098 1343 2125 ex
1377 2087 1588 2137 partitione
1617 2088 1803 2137 capitum,
1828 2089 1876 2126 ob
1905 2090 2098 2128 confusio—

1148 2160 1238 2187 nem
1267 2150 1304 2185 in
1336 2149 1531 2198 prioribus
1556 2148 1793 2188 editionibus
1813 2149 2098 2200 deprehensam

1147 2211 1360 2261 aliquoties
1385 2214 1565 2257 mutata,
1596 2221 1700 2248 nova
1731 2211 1798 2249 lux
1828 2214 2007 2250 accessit.
2029 2214 2101 2250 To-

1155 2275 1236 2312 tius
1266 2273 1397 2323 operis
1428 2276 1518 2322 post
1554 2272 1839 2323 praefationem
1867 2273 1915 2311 de
1939 2273 2101 2321 ordine,

1152 2336 1361 2373 occasione
1375 2338 1411 2372 et
1430 2338 1664 2385 argumento
1685 2335 1921 2384 scriptorum
1939 2336 2103 2385 Fulgen-

1155 2397 1210 2444 tii,
1229 2407 1356 2434 novae
1380 2395 1499 2445 hujus
1519 2395 1702 2434 editionis
1724 2397 1904 2434 instituto
1924 2397 2020 2435 haec
2040 2403 2101 2436 est

1154 2458 1280 2496 series
1303 2470 1310 2495 ς

1204 2520 1243 2558 S.
1281 2517 1485 2569 Fulyentii
1519 2518 1705 2571 Episcopi
1734 2518 1946 2570 Ruspensis
1976 2519 2057 2557 vita
2080 2533 2102 2559 a

1151 2581 1323 2632 quodam
1349 2580 1436 2631 ejus
1460 2581 1664 2632 discipulo,
1689 2582 1754 2631 qui
1781 2581 1980 2619 nonnullis
2005 2582 2102 2620 Fer-

1149 2642 1305 2682 randus
1336 2644 1540 2683 Ecclesiae
1562 2643 1884 2693 Carthaginensis
1905 2644 2100 2682 Diaconus

1152 2705 1338 2753 videtur,
1363 2707 1600 2756 conscript-a.

1205 2766 1320 2806 Libri
1343 2772 1424 2806 tres
1449 2766 1503 2805 acl
1526 2766 1737 2806 Monimum
1758 2767 1791 2811 b)
1816 2777 1936 2804 unum
1954 2777 1974 2803 e
1992 2777 2101 2815 prac—

1150 2831 1280 2881 eipuis
1305 2830 1499 2880 Fulgentii
1524 2830 1673 2877 amieis,
1697 2829 1758 2866 cui
1778 2826 1840 2865 lib.
1865 2829 1877 2866 l
1911 2827 1956 2865 ad
1982 2839 2099 2876 quae—

1151 2893 1302 2931 stiones
1333 2890 1379 2929 de
1413 2890 1563 2941 duplici
1594 2888 1980 2941 praedestinatione.
2020 2900 2097 2926 uua

1143 2954 1335 2992 bonorum
1373 2952 1422 2990 ad
1456 2952 1632 3002 gloriam,
1671 2952 1792 2989 altera
1828 2951 2017 2988 malorum
2049 2949 2095 2986 nd

1149 3026 1330 3065 poenam,
1360 3012 1460 3051 libro
1483 3015 1507 3051 2
1536 3013 1583 3050 (le
1610 3012 1800 3063 sacrificii
1821 3010 2020 3057 oblacione,
2050 3009 2097 3047 (le

1147 3075 1331 3113 missione
1354 3073 1530 3123 Spiritus
1553 3073 1712 3114 sancti,
1734 3078 1772 3110 et
1810 3072 1856 3109 de
1889 3083 2095 3122 supereru-

1143 3136 1299 3187 „vatione
1320 3136 1365 3172 D.
1393 3134 1513 3171 Pauli
1529 3134 1574 3171 ad
1598 3136 1631 3172 ⁴.
1658 3133 1831 3172 Corinth.
1857 3135 1944 3176 wi,
1970 3134 2019 3170 *255
2039 3144 2097 3171 re-

1199 3309 1229 3329 a*
1256 3302 1333 3330 Vide
1359 3300 1524 3331 Lubbeuin
1549 3305 1570 3331 t.
1591 3299 1627 3332 ⁹2.
1650 3301 1690 3331 «ξε
1713 3304 1742 3330 s.
1771 3302 1805 3329 Ι·“.-
1833 3310 1863 3339 p.
1887 3299 1958 3330 522⁸.

1199 3349 1232 3385 li)
1259 3348 1380 3378 Filium
1407 3349 1618 3380 rarissimum
1643 3355 1735 3381 vocat
1753 3350 1955 3386 Fulgentius.
