2500 3841
956 193 1192 232 FABER

98 269 254 298 versatus
270 272 327 297 ore
344 267 393 296 est
408 277 416 296 ι
436 270 570 303 unaque
587 270 652 295 vox
671 264 733 296 ruit
745 289 754 301 ‚

136 318 220 347 Laus
235 322 301 347 uua
319 314 492 350 cni-istus,
515 314 710 353 cautioque.

136 367 178 396 Et
193 364 344 397 dubitem
362 363 452 395 huuc
469 361 590 395 adiisse
608 363 737 395 coelum
755 366 770 395 i>

83 437 238 488 Scripta
257 435 370 476 Fabri
395 436 647 487 Stapulensis
671 441 794 476 sunt:

136 497 381 538 psalterium
404 497 650 550 quincupleoe
666 530 676 550 ‚
699 499 893 540 Gallicum
914 530 922 549 ‚
960 501 1034 539 Ro-

81 571 273 610 manum,
296 559 559 609 Hebraicum,
584 562 729 608 VetuS‚
754 563 1030 611 Cone-filiatum,

80 635 171 663 cum
195 623 310 662 Fabri
344 622 393 662 ad
424 624 602 675 singulos
625 625 803 663 Psalmos
840 625 1030 664 brevibus

81 686 197 725 notis.
218 686 338 725 Paris.
359 687 460 725 4509
478 691 518 725 et
533 688 546 726 4
559 688 648 733 543,
668 687 730 726 sol.
751 688 807 726 De
824 687 897 726 hoc
913 698 1031 738 opere

79 747 280 788 videndus
299 748 481 788 Richard.
504 748 638 787 Simon
659 753 754 788 tom.
773 751 806 789 4.
827 750 1032 789 Censurae

78 811 228 852 Gallice
251 811 381 852 editae
409 813 450 850 in
477 813 575 852 Bibl.
598 813 923 853 Ecclesiasticam
954 813 1033 851 Du-

77 875 279 926 pinianam
320 886 407 927 pag.
439 875 528 923 562,
566 886 625 926 sq.
665 880 706 914 ct
731 876 829 915 Bibl.
859 875 1031 914 selectae

77 941 174 976 tom.
215 940 251 978 4.
275 949 361 989 cap.
392 940 429 977 5.
469 938 699 977 Editionem
738 938 1030 978 Cadomensem

25 1003 27 1005 ’
75 999 151 1039 An.
170 1001 238 1040 454
251 1001 274 1039 5
290 1004 450 1051 praeter
463 1001 681 1051 Dupinium
697 1004 892 1039 memorat
907 1000 1027 1039 etiam

77 1061 248 1101 Jacobus
293 1061 329 1100 le
366 1063 474 1114 Long
507 1074 595 1114 pag.
629 1062 722 1102 749.
765 1062 1030 1102 Bibliothecae

75 1123 261 1164 Biblicae.

130 1185 417 1227 commentarii
440 1185 652 1226 initiatorii
661 1186 701 1226 in
709 1190 883 1240 quatuor
897 1187 1031 1226 Evan-

71 1247 191 1300 yelia‚
210 1248 349 1288 Meldis
374 1249 490 1297 4522,
515 1249 578 1288 fol.
604 1250 708 1301 apud
738 1251 938 1289 Simonem
957 1250 1031 1290 Co-

75 1312 255 1359 lineum,
277 1313 320 1349 et
356 1311 541 1350 Coloniae
569 1311 675 1363 apud
698 1313 745 1351 M.
771 1311 1029 1351 Godefridum

76 1373 321 1424 Hittorpium
346 1374 433 1412 sine
456 1375 552 1413 anni
576 1379 669 1413 nota
693 1376 732 1412 in
759 1375 781 1413 4
815 1378 855 1413 et
878 1374 1029 1424 absque

74 1437 160 1476 loco
185 1436 302 1484 4526,
327 1436 391 1475 fol.
417 1436 552 1476 Colon.
581 1437 697 1486 4544,
723 1437 786 1476 fol.
811 1436 927 1488 Apud
947 1436 1031 1475 lau-

74 1499 213 1539 datum
243 1501 423 1550 Longum
458 1499 630 1540 refertur
659 1502 777 1539 etiam
808 1499 927 1538 editio
956 1500 1028 1538 Ba—

75 1562 138 1602 sil.
170 1562 272 1602 4523
297 1593 307 1613 ,
336 1561 399 1601 fol.
429 1566 471 1601 et
499 1562 634 1602 Colon.
667 1564 761 1603 4544
792 1592 800 1611 ,
831 1563 893 1601 sol.

128 1624 448 1666 Commentarius
472 1624 514 1663 in
535 1624 736 1676 Epistolas
760 1623 907 1674 Pauli,
933 1636 1024 1664 cum

71 1685 258 1727 versione
279 1698 418 1727 earum
443 1688 581 1727 Latina
602 1687 768 1738 duplici,
798 1688 966 1738 Vulgata
985 1691 1026 1725 et

69 1749 180 1788 Fabri
226 1760 347 1800 quam
391 1754 508 1789 vocat
544 1749 860 1802 Intelliyentiam.
902 1750 1023 1788 Paris.

72 1811 208 1860 4542,
239 1813 368 1861 4545,
414 1813 530 1852 4534.
569 1813 746 1851 Basileae
788 1813 889 1852 4527
911 1843 921 1861 ,
962 1811 1024 1849 fol.

69 1873 254 1913 Coloniae
287 1874 411 1922 4534,
443 1874 480 1912 4.
516 1873 776 1925 Antwerpiae
812 1873 941 1922 4540,
986 1874 1021 1911 8.

69 1934 257 1986 Adjuncti
278 1936 364 1975 libri
385 1936 464 1975 duo
487 1938 553 1987 qui
578 1937 762 1976 feruntur
783 1937 858 1976 sub
878 1939 918 1976 S.
937 1936 1028 1976 Lini

69 1999 228 2036 nomine
249 1997 298 2037 de
322 1998 575 2049 passionibus
599 2001 703 2038 Petri
726 2004 766 2038 et
786 2000 892 2038 Pauli
916 2013 922 2038 :
950 2011 1023 2038 nec

76 2070 154 2098 non
183 2060 386 2110 Epistolae
413 2059 677 2113 Apocryphae
699 2062 807 2101 Pauli
831 2061 886 2100 ad
907 2063 1024 2101 Sene-

74 2132 161 2160 cam
189 2125 230 2161 et
257 2121 313 2160 ad
338 2121 609 2162 Laodicenses.

122 2184 172 2222 In
197 2183 399 2236 Epistolas
431 2185 622 2234 Joaimis,
649 2186 788 2237 Petri,
820 2185 964 2225 Jacobi
988 2190 1027 2225 et

68 2245 207 2286 Iudae.
238 2246 378 2286 Meldis
408 2249 524 2287 4525.
566 2247 777 2300 Antwerp.
814 2249 947 2298 4540,
987 2250 1025 2289 8.

69 2308 166 2348 Vide
202 2308 442 2349 Richardum
481 2311 684 2350 Simonem
720 2311 782 2350 lib.
822 2313 888 2361 111,
930 2312 1023 2351 hist.

70 2371 166 2412 Crit.
189 2373 289 2412 Novi
318 2373 425 2413 Test.
455 2384 542 2424 cap.
570 2374 633 2412 34.

123 2432 243 2473 Liber
262 2431 586 2475 eoehortatio'num
610 2448 733 2489 super
765 2435 965 2487 Epistulas
988 2440 1026 2475 et

70 2495 317 2548 Evanqelia,
334 2509 412 2550 pro
446 2509 526 2538 usu
560 2497 764 2540 Meldensi.
793 2500 1027 2538 Parisiensis

71 2559 283 2598 Facultatis
307 2559 467 2600 decreto
491 2561 783 2600 condemnatus
807 2562 880 2599 An.
909 2562 1025 2601 4525.

71 2621 216 2662 Confer
238 2621 419 2672 ejusdem
444 2624 618 2663 Simonis
650 2624 871 2663 Censuram
907 2623 1026 2674 Dupi-

73 2684 213 2723 nianae.
235 2685 500 2725 Bibliothecae
521 2690 615 2725 tom.
642 2689 677 2726 4.
701 2698 787 2737 pag.
813 2684 914 2731 576,
940 2697 1023 2736 seq.

125 2746 363 2800 Disceptatio
391 2747 439 2787 de
460 2748 597 2789 Maria
619 2745 869 2799 Maqdalena,
891 2746 1024 2786 triduo

76 2807 240 2849 CHristi
261 2810 523 2862 resuryentis‚
549 2815 587 2850 et
607 2823 662 2850 ex
686 2807 816 2849 tribus
836 2821 918 2848 una
940 2811 1025 2850 Μα-

75 2869 154 2909 ria.
177 2872 298 2910 Paris.
333 2873 462 2923 4548,
489 2873 526 2912 4.

128 2934 366 2987 Disceptatio
388 2935 574 2976 secunda.
599 2937 690 2976 ibid.
717 2937 838 2983 4549,
866 2936 900 2973 4.
926 2936 1025 2974 Sen-

79 2997 202 3035 tentia
230 2997 342 3035 Fabri
366 2997 414 3036 de
433 2999 552 3038 Maria
574 2999 801 3051 Magdalena
826 2997 983 3036 diversa
1002 3009 1023 3036 a

27 3057 29 3059 ’
77 3058 193 3097 Maria
217 3059 432 3098 Bethanica
454 3064 495 3099 et
513 3072 535 3100 a
554 3062 769 3112 peccatrice
786 3061 1024 3110 poenitente,

77 3126 323 3173 propugnata
347 3123 466 3161 etiam
490 3135 512 3162 a
534 3124 678 3162 Jodoco
714 3122 944 3162 Clichtoveo
979 3132 1024 3160 ac

79 3181 220 3222 deinde
236 3195 259 3223 a
273 3184 374 3224 Guil.
391 3185 514 3234 Estio,
536 3186 583 3224 ab
607 3185 826 3235 Anguelino
846 3184 1023 3234 aliisque,

80 3251 304 3296 oppugnata
328 3258 350 3286 a
373 3247 497 3286 Natali
522 3246 627 3286 Beda
651 3251 691 3285 et
715 3248 841 3285 Marco
860 3246 1026 3285 Grandi-

1981 196 2060 235 545

1106 270 1239 304 notata
1268 271 1330 305 est
1353 265 1428 305 An.
1453 268 1567 306 4524.
1594 267 1697 305 Haec
1719 266 1863 317 legitur
1889 268 1924 304 in
1947 267 2044 305 Rich

1106 328 1278 367 Simonis
1304 328 1541 368 Bibliotheca
1573 329 1718 369 Critica
1743 332 1837 366 tom.
1861 328 1901 367 2.
1930 339 1964 367 c.
1997 330 2061 368 49.

1104 401 1140 439 p.
1169 389 1242 427 486
1267 393 1307 428 et
1332 390 1370 427 in
1391 388 1502 428 Actis
1527 390 1765 429 Sanctorum
1786 393 1882 428 tom.
1905 389 1949 427 V.
1965 389 2058 428 Julii

1104 451 1167 490 22.
1193 462 1278 502 pag.
1305 452 1379 491 489
1411 456 1451 490 et
1490 453 1528 490 in
1564 453 1647 491 vita
1685 453 1886 491 Francisci
1917 453 2056 491 Picarti

1105 514 1250 564 scripta
1274 514 1322 552 ab
1345 514 1540 554 Hilarione
1563 526 1585 554 a
1618 515 1735 554 Costa
1752 546 1762 563 ‚
1801 516 1961 554 Minimo
1978 546 1989 564 ,
2018 520 2060 554 et

1104 575 1251 614 Gallice
1272 576 1378 615 edita
1401 578 1510 615 Paris
1543 578 1644 616 4658
1666 608 1673 626 ,
1697 578 1732 616 8.
1757 589 1843 628 pag.
1869 578 1959 617 325.

1159 638 1292 677 Versio
1317 637 1470 677 Gallica
1507 638 1624 678 totius
1652 640 1756 679 Novi
1791 640 2056 690 Testamenti,

1104 701 1226 739 Paris.
1250 701 1366 749 4523,
1391 701 1427 738 8.
1453 700 1609 740 duobus
1634 702 1919 751 voluminibus,
1943 709 1984 742 et
2007 704 2059 741 si-

1105 774 1154 800 ne
1179 764 1338 801 nomine
1358 765 1533 801 auctoris
1556 763 1746 813 adjuncta
1771 766 1943 803 versioni
1967 765 2058 804 Gal-

1106 825 1202 863 licae
1225 825 1453 864 Bibliorum.
1475 825 1733 876 Antwerpiae
1755 826 1856 865 4530
1878 831 1918 866 et
1940 828 2053 866 4534.

1105 887 1160 925 De
1185 886 1257 925 hac
1282 888 1465 925 versione
1489 888 1523 936 a)
1549 887 1747 926 videndus
1779 888 1888 926 Rich.
1920 889 2055 928 Simon

1106 950 1144 987 in
1168 959 1338 987 censura
1361 949 1457 988 Bibl.
1482 950 1728 1001 Dupinianae
1763 954 1858 988 tom.
1895 952 1930 989 4.
1968 962 2056 1002 pag.

1106 1010 1207 1059 570,
1236 1022 1321 1062 seq.
1344 1011 1527 1050 Biblioth.
1554 1012 1691 1051 Critic.
1715 1016 1809 1050 torn.
1837 1013 1871 1050 4.
1897 1023 1980 1064 cap.
2007 1015 2056 1052 45

1105 1079 1145 1113 et
1170 1075 1207 1112 in
1231 1074 1347 1113 novis
1366 1074 1724 1114 Observationibus
1744 1074 1793 1114 ad
1818 1074 1954 1114 histor.
1973 1075 2058 1114 Cri-

1104 1138 1223 1175 ticam
1247 1137 1344 1175 Novi
1371 1138 1477 1175 Test.
1508 1148 1595 1187 pag.
1618 1137 1706 1186 446,

1159 1201 1296 1238 Latina
1336 1204 1457 1239 vetus
1499 1201 1630 1248 versio
1672 1199 1942 1250 Epistolarum
1985 1201 2054 1240 SS.

1103 1261 1252 1312 Iynatii
1272 1266 1312 1301 et
1345 1261 1559 1313 Polycarpi
1576 1293 1584 1310 ,
1610 1264 1929 1313 scriptorumque
1952 1274 2054 1313 quae

1104 1325 1286 1363 feruntur
1309 1324 1383 1363 snb
1406 1323 1587 1376 Dionysii
1598 1324 1859 1375 Areopagitae
1881 1326 2052 1363 nomine.

1103 1386 1223 1425 Paris.
1248 1387 1350 1426 4498
1374 1417 1382 1435 ,
1407 1386 1471 1424 fol.

1157 1448 1329 1488 Eaedem
1340 1449 1552 1499 Epistolae⁷
1569 1449 1713 1499 quibus
1731 1453 1966 1499 argumenta
1983 1451 2053 1488 Fa-

1103 1511 1173 1550 ber
1210 1511 1418 1562 praefixit,
1457 1522 1621 1550 recusae
1649 1512 1825 1550 Basileae
1856 1512 1984 1561 4520,
2015 1513 2049 1550 4.

1102 1579 1222 1625 atque
1246 1574 1361 1623 alibi,
1382 1578 1426 1613 ut
1450 1573 1601 1613 dictum
1632 1575 1670 1612 in
1695 1574 1876 1612 Biblioth.
1901 1575 2049 1614 Graeca

1100 1637 1165 1676 lib.
1196 1637 1240 1675 V.
1269 1648 1353 1688 cap.
1386 1638 1420 1676 4.
1450 1636 1660 1687 Argentor.
1690 1636 1791 1676 4527
1812 1668 1822 1685 ,
1853 1638 1890 1676 8.
1933 1638 2048 1676 Corn-

1101 1700 1201 1751 pluti
1231 1700 1326 1738 4541
1348 1730 1359 1748 ,
1391 1700 1427 1737 8.

1154 1762 1290 1800 Versio
1308 1773 1409 1800 nova
1428 1762 1565 1800 Latina
1589 1761 1777 1800 librorum
1800 1761 1861 1799 IV.
1887 1761 2050 1800 Joanms

1100 1822 1340 1862 Damas-ceni
1360 1822 1408 1861 de
1432 1823 1650 1862 orthodoxa
1669 1822 1773 1871 Fide,
1790 1824 1898 1861 Paris
1933 1823 2048 1871 4507,

1102 1886 1136 1924 4.
1167 1890 1207 1924 et
1235 1897 1326 1925 cum
1355 1885 1486 1924 Jodoei
1519 1885 1737 1924 Clichtovei
1762 1887 2048 1924 commentario

1100 1950 1202 1987 4542
1226 1953 1266 1987 et
1292 1949 1407 1996 4549,
1439 1948 1501 1986 fol.
1530 1952 1650 1998 atque
1679 1950 1838 1998 saepius
1867 1948 1984 1986 alibi:
2007 1953 2047 1986 et

1099 2012 1136 2048 in
1167 2012 1402 2050 Damasceni
1432 2010 1670 2050 editionibus
1699 2014 1743 2049 ut
1773 2009 1853 2049 dixi
1890 2011 1953 2049 lib.
1998 2011 2042 2048 V.

1098 2072 1193 2111 Bibl.
1223 2072 1396 2111 Graecae
1425 2084 1509 2123 cap.
1541 2074 1602 2112 30.

1153 2135 1307 2174 Scholia
1337 2136 1375 2173 in
1414 2134 1646 2186 Dionysium
1683 2135 1962 2186 Areopagitam
2000 2136 2048 2174 dc

1099 2197 1270 2236 Coelesti
1294 2196 1532 2235 Hierarchia.
1559 2198 1699 2235 Venet.
1724 2199 1840 2237 4556.

1155 2257 1506 2310 Contemplationes
1536 2258 1738 2308 1D10TAE‚
1767 2259 1897 2298 editae
1928 2261 2047 2298 Paris.

1100 2322 1202 2361 4549
1224 2351 1233 2370 ,
1265 2322 1302 2360 4.

1151 2383 1407 2434 Paraphrasis
1431 2385 1468 2422 in
1491 2385 1610 2423 libros
1627 2383 1786 2436 Loqicos
1805 2382 2045 2423 Aristotelis.

1097 2446 1218 2484 Paris.
1246 2445 1373 2493 4525,
1399 2446 1461 2484 fol.

1153 2507 1407 2557 Paraphrasis
1433 2509 1470 2545 in
1499 2506 1726 2547 Aristotelis
1756 2507 1924 2560 Physica
1953 2519 2043 2546 cum

1101 2569 1267 2609 Scholiis
1296 2569 1380 2608 Jod.
1410 2570 1640 2609 Clichtovei.
1673 2572 1793 2608 Paris.
1825 2571 1954 2617 1525,
1981 2569 2045 2606 fol.

1153 2632 1475 2670 Commentarius
1496 2633 1533 2669 in
1563 2631 1809 2670 Aristotelem
1835 2631 1881 2670 de
1909 2629 2045 2678 Coelo,

1100 2694 1363 2733 Salmanticae
1388 2694 1502 2732 4535.

1151 2754 1394 2793 Introductio
1416 2757 1454 2792 in
1477 2754 1700 2793 Aristotelis
1721 2754 1916 2803 Ethioam,
1945 2753 2044 2792 Poli-

1098 2818 1227 2865 ticam,
1248 2817 1567 2856 Hecatonomiam
1579 2821 1616 2856 et
1633 2816 1937 2863 Oeconomicam,
1950 2827 2040 2854 cum

1098 2879 1278 2930 ejusdem
1307 2880 1526 2918 Clichtovei
1563 2880 1883 2918 annotationibus
1922 2879 2040 2916 Paris.

1099 2944 1200 2982 4544
1227 2944 1390 2991 ,4546,
1418 2942 1638 2991 4527,1“01.

1152 3004 1485 3043 Introductorium
1522 3004 1848 3044 Astronomtcum.
1884 3003 2040 3041 Parisiis

1100 3068 1202 3106 4545
1223 3070 1264 3105 ct
1281 3078 1372 3105 cum
1395 3067 1610 3106 Clichtovei
1626 3068 1907 3105 commentario
1927 3066 2039 3105 4547.

1153 3129 1471 3168 Commentarius
1495 3131 1531 3166 in
1565 3129 1780 3180 Spliaerani
1809 3129 1972 3168 loannis
1994 3128 2040 3167 de

1154 3272 1187 3312 a)
1210 3273 1259 3303 La
1275 3272 1444 3313 premiere
1463 3274 1523 3313 qui
1539 3274 1592 3305 ait
1615 3274 1663 3306 ele
1677 3275 1764 3314 suite
1789 3285 1830 3307 en
1848 3276 1948 3309 notre
1971 3278 2046 3310 Ian-

14 3298 18 3339 ἰ
81 3305 208 3355 valle,
251 3310 440 3360 gravique
493 3311 671 3349 Censura
721 3308 1020 3349 Sorbonicorum
1091 3331 1156 3361 ,σιω
1179 3331 1261 3354 avec
1286 3324 1428 3363 quelque.
1452 3325 1902 3360 exactitz1de.nich.simon
1926 3329 2044 3371 p.571.-

1693 3397 1740 3433 (3⁴.)
