2500 3841
866 204 1210 243 CAROLUS
1257 205 1310 243 M.

85 276 182 324 perii
204 285 226 313 a
261 274 447 314 Pontifice
472 275 511 311 iu
535 274 737 323 Carolum,
766 274 872 324 quod
910 277 1048 325 utique

86 338 170 375 suis
195 336 259 374 ille
296 337 451 374 meritis
474 340 515 374 et
549 334 691 386 opibus
715 336 816 375 DEO
844 341 1048 376 annuente

83 404 306 450 paraverat.
326 399 437 438 Sicut
467 409 539 437 nec
559 409 581 436 a
613 398 774 437 Graecis
798 398 846 437 ad
877 401 1048 438 Francos

83 461 260 501 delatum
284 462 378 502 illud
400 461 600 500 Pontificis
622 474 808 509 munere,
830 463 1048 514 probarunt

84 524 239 563 Flacius
263 525 439 564 Basileae
465 526 583 573 1566,
604 526 628 563 8
650 529 691 562 et
727 529 865 563 contra
903 525 1050 563 Bellar-

86 588 258 636 minum,
300 587 547 626 Francofurti
586 588 709 635 4592,
754 588 788 625 4.
826 587 1050 626 Matthaeus

84 651 320 698 Dresserus,
343 649 558 689 Goldast-us
583 651 622 687 in
642 650 813 688 Politicis
834 650 1048 700 Imperiali-

83 712 160 752 bus
183 724 269 763 pag.
297 711 385 750 487.
411 713 456 751 D.
495 712 729 751 Kortholtus
753 712 950 751 adversus
987 714 1051 751 Ti-

85 774 292 814 motheum
314 774 711 825 Laubenbergerum,
731 776 852 814 Jenae
875 776 977 813 1660
993 807 1004 823 ,
1029 776 1050 813 4

86 837 253 888 aliique,
283 841 323 875 et
348 838 564 876 novissime
586 838 644 875 Jo.
671 837 774 876 Frid.
795 838 1056 888 Pfeffingerus

86 899 135 938 ad
156 900 385 938 vitriarium
409 904 505 938 tom.
526 900 558 950 Ι,
582 911 669 950 pag.
695 900 771 938 362
793 911 876 950 seq.

139 961 248 1007 Quae
272 972 394 1000 versu
415 963 561 1012 scripta
585 962 714 1001 Caroli
739 963 867 1012 Magni
893 962 1050 999 nomine

89 1023 298 1073 feruntur⁷
335 1025 522 1074 quoniam
562 1035 686 1074 pauca
723 1029 844 1072 sunt,
879 1021 1052 1072 junctim

86 1084 160 1123 hoc
184 1085 267 1124 loco
299 1086 438 1124 offerre
472 1087 624 1124 Lectori
648 1086 782 1133 votui,
807 1085 874 1136 qui
899 1086 938 1122 in
975 1084 1051 1122 illis

86 1145 248 1186 Alcuini
268 1147 436 1198 alicujus
456 1159 602 1186 venam
627 1149 808 1187 fortassis
836 1150 1050 1198 agnoscet,

86 1210 150 1248 cui
173 1209 338 1249 Carolus
358 1221 504 1249 sensus
524 1221 619 1248 suos
641 1215 767 1249 metro
791 1206 1049 1260 exponendos

92 1272 305 1309 commisit.

271 1333 332 1372 Ad
358 1335 502 1384 Papam
527 1332 824 1373 HADRIANUM
845 1334 872 1370 I.

112 1397 304 1446 inscripta
327 1395 461 1435 Codici
484 1396 623 1434 Latino
651 1396 831 1434 Psalterii
849 1424 858 1442 ,
882 1394 930 1433 de
955 1405 1033 1444 quo

248 1457 483 1496 Lambecius
506 1462 601 1495 tom.
627 1458 677 1504 ΙΙ,
697 1468 784 1508 pag.
810 1457 900 1495 264.

85 1517 253 1550 Hadriano
275 1526 406 1549 summo
428 1520 537 1557 Papae
559 1520 736 1558 papaeque
760 1518 858 1548 beato

125 1568 192 1597 Rex
215 1565 352 1597 Carolus
375 1567 464 1597 salve
488 1568 608 1599 mando
632 1569 772 1607 valeque
795 1570 905 1598 Pater.

82 1615 218 1648 Praesul
242 1616 451 1656 spostolicae
478 1625 599 1648 munus
623 1617 686 1648 hoc
709 1625 801 1648 sume
824 1616 1009 1647 cathedrae
1024 1639 1034 1654 ,

130 1666 200 1697 vile
226 1665 306 1697 soris
330 1668 426 1704 visu,
449 1671 589 1698 stemma
611 1666 668 1698 sed
693 1669 782 1698 intus
807 1665 947 1697 habens.

89 1718 224 1753 Organa
245 1715 404 1748 Davidico
427 1721 534 1756 gestat
557 1716 765 1748 modulantia
788 1716 913 1756 plectro
931 1740 939 1754 ,

123 1768 282 1798 Continet
305 1769 337 1797 et
362 1765 484 1805 lyricos
507 1768 771 1809 suavisonosque
795 1767 923 1797 modos.

83 1819 172 1847 Haec
187 1818 257 1846 Tua
270 1838 280 1853 ,
298 1816 432 1846 CHriste
446 1839 455 1853 ,
473 1815 583 1855 chelys
600 1816 761 1847 miracula
781 1817 931 1847 concinit
950 1815 1056 1853 alma,

128 1867 192 1904 Qui
216 1865 342 1897 clavem
359 1864 463 1896 David
480 1887 490 1901 ‚
514 1870 643 1904 sceptra
667 1864 868 1903 domumque
891 1868 995 1896 teneS.

83 1917 219 1954 mystica
243 1918 381 1955 septeno
403 1913 535 1945 fuerant
557 1914 639 1946 haec
661 1918 753 1945 trusa
771 1915 880 1954 sigillo
896 1937 905 1950 ‚

121 1966 276 1997 Carmina
298 1966 332 1995 ni
357 1965 543 1995 CHRlsTUS
561 1962 720 2003 panderet
747 1965 809 1994 ista
837 1966 950 1995 DEL'S.

80 2017 151 2047 Hoc
173 2015 273 2046 Vobis
297 2013 370 2045 ideo
397 2021 517 2044 munus
539 2015 593 2053 pie
612 2013 696 2044 dedo
719 2013 877 2045 Sacerdos
895 2037 905 2053 ,

123 2065 226 2097 Filius
249 2068 287 2095 ut
304 2066 449 2095 mentem
471 2065 579 2094 Patris
603 2061 697 2093 adire
720 2071 854 2102 queam.

86 2118 132 2147 Ac
155 2121 340 2146 memorare
363 2114 428 2144 mei
451 2111 606 2152 precibus
622 2114 815 2151 sanctisque
840 2113 972 2152 piisque

122 2167 190 2196 Hoc
212 2165 337 2196 donum
359 2163 519 2201 exiguum
547 2170 646 2201 saepe
668 2160 812 2193 tenendo
836 2169 951 2194 manu.

81 2216 123 2246 Et
143 2221 337 2254 quanquam
354 2213 487 2244 modico
514 2213 621 2243 niteat
643 2211 822 2252 splendore
846 2209 977 2243 libellus
990 2235 998 2250 ,

123 2263 262 2295 navidis
288 2262 418 2303 placeat
439 2262 525 2293 celsa
551 2263 717 2293 camoena
740 2261 827 2293 Tibi.

83 2313 223 2345 Rivulus
246 2314 308 2344 iste
334 2320 428 2343 meus
456 2315 610 2343 teneatur
631 2311 771 2343 flumine
797 2316 927 2350 vestm,

122 2363 386 2401 Fini-iterumque
409 2369 525 2392 nemus
540 2361 680 2392 floscula
709 2365 822 2391 nostra
849 2365 974 2400 petant.

82 2412 266 2444 Incolumis
292 2413 403 2451 vigeas
425 2413 546 2442 Rector
569 2419 626 2450 per
649 2415 800 2450 tempora
822 2410 918 2450 longa
934 2436 944 2449 ,

126 2462 375 2500 Ecclesiamque
391 2462 460 2491 DEI
477 2460 643 2499 dogmatis
665 2464 736 2490 arte
758 2467 866 2498 regas.

206 2517 461 2569 Epitaphium
485 2516 666 2568 ejusdam
690 2516 932 2555 HADRIAM

235 2580 388 2630 Papae,
411 2579 446 2626 a)
471 2577 646 2616 defuncti
666 2577 781 2616 Anno
805 2577 896 2616 795.

429 2640 479 2677 ⁶26
500 2639 704 2677 Decembr.

86 2706 146 2736 llic
161 2706 258 2735 Pater
270 2701 457 2737 Ecclesiae,
473 2701 596 2730 Romae
610 2697 710 2730 decus
721 2722 730 2735 ‚
753 2699 898 2738 inclytus
914 2701 1051 2737 Auctor,

124 2752 313 2784 Hadrianus
335 2751 484 2789 requiem
508 2751 597 2788 Papa
621 2748 737 2779 beatus
761 2748 873 2779 babet.

86 2801 165 2837 Vir,
188 2800 241 2830 cui
267 2799 335 2829 vita
358 2799 462 2833 Deus,
486 2799 591 2835 pietas
613 2794 686 2832 lex,
707 2795 812 2833 gloria
836 2795 987 2826 Christus
1002 2820 1011 2833 ‚

124 2851 241 2880 Pastor
258 2845 486 2887 ApostolicuS‚
515 2848 688 2885 promptus
711 2844 751 2874 ad
775 2851 873 2874 omne
896 2845 1035 2877 bonum.

94 2897 220 2930 Nobilis
241 2905 280 2928 ex
306 2903 427 2935 magna
450 2896 584 2934 genitus
602 2895 670 2933 jam
693 2897 792 2932 gente
815 2898 1013 2933 parentum,

132 2947 193 2979 Sed
213 2948 317 2978 sacris
338 2945 435 2984 longe
460 2944 605 2976 nobilior
627 2944 768 2975 meritis.

89 3000 259 3030 Exornare
279 2993 416 3026 studens
432 2994 552 3026 devoto
579 2997 712 3032 pectore
735 2994 851 3023 Pastor

128 3050 262 3086 Semper
284 3045 410 3084 ubique
432 3052 492 3075 suo
516 3042 639 3082 templa
661 3047 790 3074 sacrata
813 3044 899 3078 Deo,

88 3096 254 3129 Ecclesias
277 3094 393 3132 donis,
417 3092 558 3133 populos
584 3095 616 3122 et
637 3090 792 3130 dogmate
816 3093 931 3121 sancto

130 3145 279 3184 habuit,
300 3148 334 3176 et
355 3144 487 3176 cunctis
509 3141 626 3183 pandit
646 3139 688 3171 ad
704 3144 792 3172 astra
814 3140 916 3173 viam.

152 3265 188 3306 a)
209 3264 363 3298 Lambec.
387 3272 461 3304 pag.
484 3262 547 3295 265
564 3265 643 3295 Acta
660 3263 856 3294 Sanctorum
880 3262 959 3291 tom.
985 3260 1055 3294 Vll.

92 3317 180 3348 Junii
206 3323 282 3356 pag.
308 3313 380 3345 10⁹.

2008 209 2085 247 319

1117 275 1324 315 Pauperibus
1342 275 1453 314 largus
1468 298 1479 312 ,
1506 274 1586 306 nulli
1611 275 1734 314 pietate
1756 275 1943 313 secundus,

1157 327 1197 355 Et
1221 333 1281 364 pro
1304 325 1399 365 plebe
1422 326 1525 356 saeris
1548 323 1689 364 pervigil
1713 325 1747 355 in
1770 324 1938 364 precibus.

1117 376 1304 412 Doctrinis‚
1329 374 1468 412 opibus,
1493 376 1598 405 muris
1620 377 1769 405 erexerat
1785 382 1899 413 arces,

1159 424 1240 456 Urbs
1262 425 1368 464 Caput
1393 424 1489 455 Orbis
1514 424 1641 461 honor,
1669 424 1790 463 inclyta
1813 427 1942 463 Roma,
1967 431 2053 459 tuas.

1119 475 1204 504 Mors
1219 475 1272 505 cui
1290 476 1336 505 nii
1352 476 1479 512 nocuit,
1493 473 1614 505 Christi
1628 481 1713 512 quae
1731 478 1836 505 morte
1845 480 2015 516 perempta
2029 482 2092 515 cst,

1160 527 1266 554 Janua
1288 522 1344 554 sed
1368 525 1456 554 vitae
1485 531 1561 554 mox
1584 524 1732 554 melioris
1753 528 1835 556 erat.

1116 574 1193 603 Post
1204 575 1335 604 Patrem
1351 573 1561 611 lachrymans
1570 573 1706 604 Carolus
1720 573 1801 606 baec
1813 576 1961 606 carmina
1982 578 2113 618 scripsi}

1163 625 1211 652 'ru
1235 622 1318 653 mihi
1342 621 1450 653 dulcis
1474 630 1584 660 amor;
1608 626 1640 653 te
1664 622 1760 654 modo
1785 624 1906 664 plango
1932 628 2041 658 Pater.

1123 674 1171 702 Tu
1190 679 1318 702 memor
1332 675 1404 702 csto
1420 672 1503 708 mei;
1517 673 1669 709 sequitur
1684 676 1715 702 tc
1740 681 1831 704 mens
1849 683 1921 706 mea
1936 683 2089 715 semper:

1159 722 1240 751 Cum
1264 720 1395 751 Christo
1419 724 1532 751 teneas
1556 722 1666 759 Regna
1687 720 1784 752 beata
1807 724 1888 755 Poli.

1121 772 1164 801 Te
1185 770 1317 807 clerus,
1341 768 1488 809 Populus
1512 776 1632 808 magno
1656 769 1772 801 dilexit
1793 779 1928 811 amore;

1163 819 1325 850 Omnibus
1348 827 1436 849 unus
1459 826 1570 856 amor,
1595 821 1720 858 optime
1736 821 1894 860 Praesul,
1921 832 2003 856 eras.

1125 870 1264 899 Nomina
1283 871 1388 908 jungo
1411 866 1510 898 simui
1534 868 1641 899 titulis
1657 891 1666 906 ,
1691 868 1909 909 charissime,
1928 879 2058 907 nostra:

1161 916 1372 955 Hadrianus,
1397 916 1557 954 Carolus;
1580 919 1648 948 Rex
1673 925 1734 957 ego
1749 943 1759 956 ,
1782 922 1886 959 tuque
1909 923 2019 955 Pater.

1120 968 1270 1005 Quisque
1295 966 1383 1006 legas
1405 974 1520 997 versus
1535 990 1545 1004 ,
1568 966 1688 999 devoto
1712 972 1844 1007 pectore
1868 971 2018 1011 supplex.

1163 1016 1346 1048 Amborum
1369 1017 1484 1054 mitis,
1509 1017 1586 1055 dic,
1612 1019 1769 1050 miserere
1791 1021 1890 1052 Deus.

1119 1067 1206 1096 Haec
1225 1070 1280 1096 tua
1303 1073 1391 1096 nunc
1407 1069 1519 1097 teneat
1536 1069 1681 1106 requies,
1695 1067 1908 1108 charissime,
1927 1072 2094 1110 membra;

1160 1116 1243 1146 Cum
1265 1117 1394 1147 Sanctis
1418 1117 1530 1147 anima
1554 1115 1697 1155 gaudeat
1720 1117 1807 1148 alma
1830 1121 1901 1151 Dei.

1121 1165 1240 1197 Ultima
1263 1167 1388 1205 quippe
1412 1169 1486 1197 tuas
1508 1166 1614 1197 donec
1639 1170 1696 1197 tua
1721 1166 1841 1198 clamet
1864 1170 1898 1199 in
1917 1177 2029 1209 aures,

1161 1217 1318 1255 Principe
1342 1224 1418 1247 cum
1442 1217 1541 1246 Petro
1564 1224 1663 1255 surge
1685 1215 1797 1247 videre
1820 1220 1937 1250 Deum.

1120 1265 1302 1297 Auditurus
1325 1267 1390 1297 eris
1412 1273 1551 1303 vocem,
1577 1267 1670 1303 scio,
1694 1265 1822 1299 Judicis
1845 1268 1987 1302 almam:

1168 1317 1257 1345 intra
1282 1323 1373 1346 nunc
1395 1317 1528 1346 Domini
1554 1315 1677 1355 gaudia
1699 1324 1821 1356 magna
1845 1320 1908 1353 tui.

1126 1368 1208 1396 Tum
1232 1372 1358 1394 memor
1383 1369 1454 1395 esto
1478 1366 1526 1396 tui
1553 1366 1648 1404 nati,
1671 1368 1770 1398 Pater
1799 1370 1924 1407 optime
1940 1394 1949 1407 ‚
1970 1379 2096 1410 poseo;

1167 1415 1250 1445 Cum
1273 1414 1388 1453 patres,
1412 1414 1465 1445 dic
1482 1439 1491 1452 ‚
1518 1419 1616 1446 natus
1641 1420 1756 1455 pergat
1780 1421 1812 1448 et
1836 1419 1897 1449 iste
1922 1427 2030 1452 meus.

1130 1465 1155 1494 0
1179 1468 1253 1504 pete
1274 1466 1407 1504 Regna,
1432 1467 1530 1496 Pater
1554 1464 1629 1497 felix
1646 1489 1655 1504 ‚
1679 1466 1834 1499 coelestia
1859 1469 2006 1508 Christi;

1170 1514 1248 1545 lude
1275 1519 1370 1546 tuum
1395 1515 1548 1554 precibus
1571 1516 1733 1546 auxiliare
1757 1525 1905 1556 gregem.

1129 1567 1214 1597 Cum
1237 1563 1290 1596 Sol
1316 1566 1485 1604 ignicomo
1508 1565 1629 1596 rutilus
1652 1566 1855 1605 splendescit
1877 1568 1919 1599 ab
1942 1577 2002 1601 axe
2017 1594 2026 1608 ‚

1166 1618 1251 1647 Laus
1273 1619 1330 1647 tua
1345 1638 1354 1654 ,
1378 1617 1497 1647 Sancte
1520 1617 1620 1647 Pater
1635 1639 1644 1654 ‚
1667 1624 1797 1656 semper
1821 1618 1855 1648 in
1877 1619 1956 1650 orbe
1974 1625 2101 1652 manet.

1311 1682 1373 1722 Ad
1402 1682 1605 1722 PAULUM
1627 1683 1663 1732 b)
1684 1684 1922 1730 Diaconum„

1127 1755 1272 1786 Parvu'a
1291 1757 1359 1785 Rex
1385 1753 1522 1785 Carolus
1545 1754 1669 1785 seniori
1694 1755 1843 1786 carmina
1865 1754 1968 1787 Paulo

1167 1805 1292 1836 Dilecto
1318 1803 1414 1835 fratri
1436 1805 1541 1834 mittit
1566 1802 1693 1834 bonore
1717 1805 1783 1843 pio.

1121 1858 1211 1892 Quae
1238 1855 1350 1894 rapuit
1377 1853 1523 1885 calamus
1547 1853 1658 1883 subito
1680 1852 1840 1884 dictantis
1866 1862 1979 1887 amore

1160 1907 1284 1935 Deman
1300 1904 1370 1934 lans
1395 1906 1506 1934 castae
1530 1902 1562 1941 c)
1586 1902 1633 1933 fer
1657 1910 1728 1933 mca
1753 1903 1854 1934 verba
1877 1906 1957 1936 cito.

1119 1951 1166 1983 Ad
1191 1952 1310 1984 faciem
1335 1951 1426 1983 Pauli
1451 1952 1674 1983 venerandam
1699 1959 1799 1991 perge
1823 1961 1882 1991 pcr
1903 1954 2002 1985 urbes
2019 1979 2028 1993 ‚

1159 2004 1221 2034 Per
1247 2006 1400 2040 montes,
1422 2002 1550 2041 sylvas,
1575 2001 1714 2032 flumina
1731 2025 1740 2039 ‚
1764 2002 1867 2033 lustra
1895 2009 1981 2042 pete.

1116 2053 1275 2084 Casinum
1297 2055 1445 2083 montem
1467 2051 1637 2082 Benedicti
1663 2052 1798 2082 nomine
1822 2051 1952 2084 clarum

1160 2103 1306 2133 Pastoris
1329 2103 1441 2141 magni
1471 2102 1712 2141 praecipuique
1735 2103 1852 2140 patris.

1118 2151 1189 2183 lllic
1205 2159 1329 2191 quaere
1351 2159 1463 2182 meum
1481 2159 1557 2181 mox
1574 2158 1633 2190 per
1655 2158 1749 2181 sacra
1772 2149 1921 2181 culmina
1940 2151 2097 2191 Paulum⁷

1159 2202 1217 2233 llle
1237 2202 1367 2233 habitat
1389 2202 1498 2232 medio
1526 2200 1588 2231 sub
1611 2208 1712 2239 grege
1736 2200 1836 2231 credo
1860 2202 1931 2232 Dei.

1118 2254 1363 2291 lnventumque
1385 2259 1499 2282 senem
1521 2249 1642 2281 devota
1665 2257 1746 2280 voce
1769 2249 1877 2280 saluta
1895 2274 1905 2287 ‚

1156 2304 1198 2332 Et
1220 2302 1273 2333 dic
1287 2326 1297 2340 ‚
1321 2304 1388 2332 Rex
1409 2300 1547 2332 Carolus
1569 2299 1708 2330 mandat
1731 2302 1835 2329 Aveto
1859 2300 1933 2331 tibi.

1116 2350 1246 2382 Gaudia
1264 2351 1384 2390 dicque
1408 2358 1483 2381 reor
1508 2353 1642 2380 nostrae
1663 2349 1728 2379 sibi
1753 2356 1874 2387 magna
1898 2349 2016 2381 salutis

1159 2402 1350 2433 Gratificam
1372 2400 1494 2431 Christi
1518 2407 1576 2438 per
1598 2399 1789 2429 miserantis
1819 2406 1932 2437 opem.

1118 2453 1224 2488 Atque
1250 2451 1343 2488 pium
1366 2454 1494 2488 patrem
1519 2449 1626 2487 rogito
1651 2452 1731 2478 tunc
1754 2455 1884 2486 semper
1907 2447 2034 2486 ubique

1159 2500 1222 2529 Pro
1245 2497 1341 2528 nobis
1364 2504 1478 2536 preces
1502 2500 1539 2526 ut
1563 2496 1645 2527 serat
1672 2495 1726 2526 ille
1751 2503 1874 2526 sacras,

1121 2550 1184 2578 Nee
1207 2554 1274 2577 non
1297 2554 1357 2576 nos
1378 2545 1517 2576 fratrum
1532 2544 1687 2584 precibus
1706 2544 1915 2575 commendet
1931 2543 2096 2584 honestis,

1161 2599 1239 2626 Sum
1262 2596 1346 2625 votis
1369 2602 1513 2633 quorum
1537 2598 1647 2625 certus
1668 2592 1782 2624 adesse
1807 2596 1921 2623 Deum.

1124 2648 1333 2684 Quapropter
1355 2644 1455 2674 sociis
1478 2649 1536 2681 per
1563 2649 1614 2672 me
1638 2640 1796 2671 mandare
1819 2640 1960 2672 salutem

1160 2696 1341 2732 perpetuae
1364 2693 1454 2732 pacis
1476 2690 1631 2721 omnibus
1656 2690 1706 2720 his
1733 2689 1872 2728 placuit.

1116 2745 1201 2774 Ecce
1224 2741 1328 2772 valete
1355 2740 1453 2771 simul
1477 2741 1590 2770 cuncti
1610 2740 1817 2778 juvenesque
1841 2746 2004 2778 senesque
2023 2762 2032 2776 ‚

1162 2793 1274 2823 Gratia
1298 2799 1354 2821 vos
1381 2789 1504 2821 Christi
1530 2791 1681 2828 protegat
1705 2792 1805 2827 atque
1830 2792 1935 2827 regat.

1450 2856 1518 2895 AD
1550 2856 1772 2895 EUNDEM.

1122 2933 1205 2963 Hinc
1229 2929 1315 2960 celer
1337 2927 1371 2964 d)
1395 2926 1568 2965 egrediens
1591 2924 1688 2957 celeri
1713 2932 1786 2955 mea
1807 2924 1922 2956 charta
1945 2924 2058 2956 volatu

1121 2983 1183 3012 Per
1205 2979 1312 3019 sylvas
1326 3003 1336 3016 ‚
1359 2977 1480 3013 colles,
1502 2975 1602 3006 valles
1625 2981 1758 3014 quoque
1783 2978 1937 3013 praepete
1962 2982 2063 3006 cursu

1183 3107 1218 3145 b)
1243 3107 1373 3139 Alcuini
1390 3113 1490 3145 opera
1506 3113 1582 3145 pag.
1598 3104 1678 3135 17-20
1695 3111 1771 3134 nam
1788 3102 1931 3134 alterum
1945 3104 2092 3134 inemen-

1124 3158 1238 3190 datum
1261 3164 1336 3195 pag.
1361 3154 1441 3186 1719
1463 3155 1617 3184 omittere
1643 3151 1845 3192 praestabat.

1180 3205 1213 3246 e)
1235 3206 1388 3236 Chartae.

1180 3255 1216 3294 d)
1239 3258 1289 3286 Jo.
1312 3254 1460 3293 Baptista
1481 3254 1589 3283 Marus
1619 3252 1707 3282 notis
1732 3250 1773 3282 ad
1796 3252 1932 3282 Petrum
1966 3251 2087 3282 Diaco-

1118 3313 1197 3337 num
1211 3303 1251 3335 de
1266 3304 1344 3335 viris
1360 3301 1545 3334 illustribus
1559 3299 1811 3333 cassinensibus
1830 3306 1903 3338 cap.
1920 3297 1941 3330 8
1958 3307 1988 3338 p.
2007 3298 2076 3332 teu.
