2500 4009
418 226 495 265 05³2

419 297 565 332 summes
605 286 871 337 (aspenidicus
908 285 944 318 in
983 278 1278 318 Commentario
1315 276 1362 315 ad

421 360 538 395 fastos
554 350 792 392 Consulares
808 342 1044 387 cassiodori.
1063 339 1169 378 edito
1189 338 1365 377 Basileae

424 419 532 457 1353.
560 414 620 452 fol.
648 408 746 449 Illud
772 409 971 455 integrum
998 402 1132 440 videre
1167 399 1367 440 desidera-

418 482 477 517 bat
504 473 684 521 AEgidius
716 468 938 508 Bucherius
963 464 1010 503 ad
1047 463 1207 502 Victorii
1240 462 1367 500 Cano-

418 531 505 578 uem
539 522 767 575 Pasclialem
807 540 893 580 pag.
930 528 1019 566 ⁶246.
1062 525 1249 576 Vulgavit
1273 523 1369 563 illud

418 600 601 645 tandem,
623 594 778 634 Codicis
803 591 901 630 MSti
924 588 1190 629 Bibliothecae
1226 586 1370 625 Caesa-

418 672 503 700 reae
526 656 794 709 apographum
821 665 843 692 a
871 650 1150 703 Magliabecliio
1195 654 1338 689 nactus
1357 680 1367 698 ,

416 722 611 762 Hem-icus
636 717 821 758 Norisins
849 715 1072 754 Florentiae
1102 713 1229 761 4690,
1255 712 1290 750 [ι.
1311 722 1371 750 re—

416 796 556 824 cusum
586 793 678 820 Cum
701 780 798 819 libro
819 778 867 817 de
889 788 993 816 anno
1018 780 1057 814 et
1078 774 1229 826 epocha
1253 775 1372 824 Syro-

420 846 678 886 macedonum
710 842 863 893 Lipsiae
898 839 1000 879 1696
1038 839 1071 877 4.
1103 843 1143 876 et
1172 842 1279 876 tomo
1312 848 1373 874 se-

419 909 549 949 eundo
574 908 749 958 Operum
782 902 1046 942 laudatissimi
1071 900 1209 940 Norisii
1227 929 1236 945 ‚
1255 899 1374 937 Vero-

419 984 491 1012 nae
513 971 627 1011 4729.
650 970 711 1008 fol.
747 965 896 1006 Recudi
923 961 1042 1002 etiarn
1073 963 1230 1002 curavit
1253 962 1374 1000 Grae-

419 1038 508 1074 vius
528 1039 621 1072 tom.
661 1033 728 1072 XI.
768 1029 945 1068 thesauri
980 1026 1264 1076 antiquitatum
1301 1024 1374 1062 Ro-

419 1108 626 1137 manarum
658 1106 733 1145 pag
787 1091 878 1130 (23⁶2.
916 1089 1115 1128 Desinunt
1148 1087 1186 1125 hi
1223 1087 1312 1125 fasti
1334 1087 1371 1123 in

421 1161 538 1199 Anno
563 1157 715 1196 Cllristi
747 1155 836 1193 354..
872 1151 989 1203 Apud
1028 1148 1268 1188 Buclierium
1286 1159 1372 1199 pag.

418 1222 495 1260 ⁹247
518 1224 678 1260 exstant
701 1218 791 1257 fasti
823 1215 975 1254 similes
1000 1213 1048 1251 ab
1072 1212 1188 1251 Anno
1217 1212 1308 1250 205.
1326 1210 1375 1250 ad

420 1285 507 1322 353.
543 1293 643 1333 quos
678 1280 814 1318 itidem
853 1276 1014 1316 exhibet
1057 1275 1256 1313 Graevius
1288 1285 1374 1325 pag.

420 1346 509 1384 382.
531 1356 607 1384 una
629 1354 720 1383 cum
744 1338 942 1379 Idatianis
962 1350 1048 1389 pag.
1075 1335 1164 1376 ⁶247.
1193 1336 1378 1375 desinen-

424 1409 530 1446 tibus
560 1409 596 1444 in
627 1406 702 1445 An.
728 1403 885 1443 CHristi
909 1401 1001 1440 468.
1024 1401 1080 1439 De
1110 1399 1172 1437 his
1206 1398 1307 1437 infra
1338 1400 1376 1436 in

428 1469 609 1508 IDATIO.

478 1533 497 1554 ³*
522 1532 627 1571 Fasti
665 1530 718 1568 illi
757 1539 928 1580 quorum
965 1527 1137 1578 primum
1163 1535 1306 1563 nomen
1331 1535 1382 1562 ex

424 1596 665 1646 Cuspiniano
688 1592 813 1631 audiri
840 1593 876 1629 in
903 1589 1053 1629 mundo
1082 1588 1237 1638 coepit,
1262 1588 1299 1625 in
1324 1587 1382 1625 lu-

424 1670 510 1696 cem
535 1656 757 1708 pubblicum
780 1666 847 1705 per
863 1653 935 1691 hos
956 1652 1040 1691 dies
1066 1653 1209 1689 iterum
1233 1649 1384 1699 vulgati

426 1725 520 1759 sunt
549 1719 599 1758 ab
622 1717 798 1757 Eccardo
823 1718 859 1754 in
885 1725 1047 1766 corpore
1073 1713 1209 1751 histor.
1226 1716 1322 1750 tom.
1347 1712 1384 1749 ’1.

427 1795 514 1834 pag.
530 1784 543 1821 l
557 1811 565 1820 .
581 1781 628 1820 ad
654 1781 734 1819 MS.
748 1779 844 1821 Cod.
863 1777 1211 1816 Vindobonensern
1236 1775 1380 1812 iterum

428 1846 638 1891 recensiti,
664 1848 817 1881 etcum
852 1839 1121 1879 additamento
1157 1848 1207 1875 ex
1242 1835 1380 1874 eodem

428 1907 524 1945 Cod.
548 1907 609 1945 ab.
633 1917 696 1944 an.
722 1904 797 1942 3355.
837 1912 965 1952 usque
1010 1900 1059 1939 ad
1085 1911 1149 1939 an.
1174 1898 1249 1937 407
1273 1908 1384 1936 nem-

430 1982 477 2022 pe
502 1970 548 2008 ad
574 1967 838 2006 Theodosium
866 1966 913 2003 ll.
937 1968 976 2002 et
999 1963 1229 2002 Honorium.

484 2028 764 2070 FASTIDIOSI
781 2029 913 2066 Ariani
940 2026 1123 2077 Episcopi
1147 2035 1274 2063 sermo
1289 2034 1382 2062 con-

432 2101 490 2134 tra
520 2094 805 2133 llomousianos
834 2095 873 2129 et
902 2090 1151 2137 Donatistas⁷
1188 2088 1255 2137 qui
1285 2086 1381 2123 inci-

432 2159 511 2208 pit:
538 2154 713 2192 Dicimus
734 2185 744 2201 ,
766 2150 1073 2203 prudentissimi
1096 2150 1291 2195 Fratres,
1317 2158 1383 2185 su-

432 2219 592 2267 bjicitur
610 2215 813 2265 Epistol-ae
840 2224 965 2251 nonae.
988 2212 1181 2261 Fulgentii
1206 2212 1385 2259 lluspen—

435 2281 509 2326 sis,
547 2278 663 2326 qu'us
709 2275 953 2324 temporibus
991 2274 1091 2311 vixit
1127 2272 1200 2310 sub
1237 2270 1382 2309 saeculi

436 2341 536 2379 sexti
556 2341 674 2377 initia.
693 2337 787 2376 Vide
820 2336 1014 2385 Fulgentii
1039 2336 1169 2386 Opera
1194 2333 1298 2371 edita
1318 2334 1386 2370 Pa-

435 2404 537 2440 risiis
574 2400 672 2441 1681-
707 2401 740 2439 1.
780 2411 865 2450 pag.
900 2399 990 2436 210.
1025 2401 1064 2434 et
1089 2408 1177 2447 pag.
1206 2395 1294 2433 34-0.
1318 2394 1384 2432 ubi

436 2464 702 2503 FL‘LGENTH
730 2462 828 2501 liber
852 2465 988 2499 contra
1011 2470 1236 2497 sermonem
1264 2458 1387 2496 Fasti-

436 2526 530 2565 diosi
554 2527 687 2564 Ariani
712 2525 885 2574 scriptus
909 2522 955 2560 ad
981 2523 1195 2561 Victorem.

488 2587 749 2627 FASTIDIUS
773 2586 876 2636 apud
898 2583 1149 2623 Gennadium
1169 2594 1252 2634 cap.
1279 2584 1327 2623 56
1350 2584 1388 2621 in

436 2652 542 2690 {xisto
553 2649 792 2699 Corbejensi‚
805 2652 961 2687 tantum
974 2645 1344 2698 simpliciterBritto
1354 2647 1387 2695 a)

438 2713 683 2764 appellatur,
707 2712 744 2749 in
767 2711 853 2749 aliis
885 2715 1019 2749 autem
1051 2713 1091 2747 et
1127 2708 1233 2759 apud
1263 2710 1390 2747 Hono-

441 2777 541 2813 rium
561 2775 605 2812 ll.
629 2776 690 2812 533.
709 2773 969 2811 Trithomium
987 2783 1072 2821 cap.
1096 2771 1171 2809 4⁵29
1189 2782 1233 2809 ac
1254 2770 1392 2809 Lelan-

441 2838 535 2875 ‹lum
553 2847 637 2886 cap.
663 2837 706 2874 ί’21
734 2840 773 2872 et
797 2836 831 2872 in
848 2833 1065 2871 Veronensi
1084 2832 1225 2871 Codice
1242 2862 1252 2877 ‚
1271 2843 1390 2882 quem

441 2898 753 2936 vniondatiorom
785 2896 1012 2941 Corbejensi
1052 2894 1187 2933 laudat
1215 2894 1390 2933 horisius

445 2966 537 2998 toni.
571 2961 631 2998 iv.
669 2960 843 3009 Operum
876 2969 961 3007 pag.
992 2957 1081 2994 884.
1105 2955 1392 2994 Britannorum

446 3022 674 3072 Episcopus.
695 3020 1044 3070 Archiepiscopum
1081 3022 1212 3056 tamen
1252 3017 1391 3056 Londi-

449 3095 610 3121 nvnsem
634 3113 640 3130 .
663 3082 765 3133 quod
787 3082 873 3119 vult
893 3092 978 3131 pag.
997 3081 1059 3118 86.
1075 3081 1232 3119 Pitscus
1247 3079 1294 3119 ad
1311 3078 1392 3118 An-

450 3157 541 3183 num
565 3146 718 3183 Cllristi
743 3144 819 3182 1220
840 3144 1071 3193 neutiquam
1098 3142 1231 3190 fuisse,
1257 3142 1392 3192 probat

501 3282 532 3320 a)
552 3283 730 3313 Fastidita
750 3284 896 3314 Priscus
912 3285 1008 3315 Baleo
1026 3284 1160 3315 sortasse
1175 3283 1308 3314 centur.
1329 3284 1352 3314 l.
1371 3292 1397 3313 c.

447 3332 462 3361 -i
474 3332 496 3362 l.
513 3336 610 3370 atque
627 3333 701 3363 inde
715 3335 823 3363 Pitseo
840 3357 848 3370 ‚
868 3342 924 3373 pro
943 3334 1090 3365 Fastidio
1109 3333 1269 3364 Brittone.

1185 206 1626 245 i·‘AS'r1blosl

1439 270 1623 314 Usseriu's
1646 277 1940 327 Antiquitatum
1958 268 2274 320 Britannicarum
2296 293 2381 334 pag.

1440 336 1528 377 ⁴74.
1553 348 1635 388 seq.
1659 337 1807 377 Eodem
1831 339 2034 380 Gennadio
2058 347 2161 382 teste
2186 344 2383 384 Fastidius

1441 400 1598 450 scripsit
1621 399 1668 438 ad
1696 401 1893 449 Fatalem,
1917 402 1963 442 de
1982 404 2065 444 vita
2087 405 2319 453 Christiana
2335 407 2383 445 li-

1440 464 1554 501 brum
1571 473 1709 511 unum,
1724 467 1763 501 et
1779 463 1898 502 alium
1912 463 1958 504 de
1968 465 2158 506 viduitate
2171 467 2384 518 servanda,

1441 536 1489 563 ex
1501 523 1798 575 quibuslibrum
1812 526 1983 576 priorem
1993 527 2039 566 de
2053 529 2136 568 vita
2151 530 2386 570 Christiana

1444 597 1655 638 superesse
1692 586 1861 626 credunt
1884 589 1957 626 viri
1986 589 2105 640 docti,
2133 593 2385 644 eundemque

1443 651 1510 700 qui
1526 649 1611 688 sine
1633 651 1791 688 nomine
1810 652 1982 690 auctoris
2006 654 2163 704 saepius
2178 655 2309 695 editus
2324 659 2388 695 est

1444 713 1547 750 inter
1586 712 1624 750 S.
1662 711 1876 762 Augustini
1911 713 2041 764 Opera
2068 714 2102 763 a)
2143 718 2317 768 scriptus
2337 717 2386 757 ad

1444 774 1611 814 Viduam
1622 785 1741 825 quam
1759 773 2053 814 dilectissimam
2062 786 2239 818 sororem
2253 785 2390 820 auctor

1445 837 1642 888 appellat,
1667 841 1707 875 et
1730 835 1847 887 cujus
1880 848 2029 877 nomen
2067 839 2203 878 itidem
2239 842 2392 882 nullum

1446 899 1616 939 additur.
1632 901 1788 951 Incipit:
1808 901 1856 939 Ut
1873 911 1940 952 090
1950 904 2148 953 peccator.
2164 903 2263 942 Huic
2282 904 2392 955 libro,

1447 962 1605 1001 Fastidii
1644 973 1788 1001 nomen
1819 964 2056 1016 inscriptum
2094 966 2241 1016 reperit
2269 967 2394 1005 Lucas
2465 980 2468 984 ·

1446 1026 1674 1065 Holstenius
1698 1027 1737 1064 in
1761 1027 1888 1065 veteri
1906 1027 2048 1066 Codice
2065 1027 2308 1077 Cassinensi,
2324 1029 2396 1067 ita—

1447 1101 1524 1140 que
1553 1090 1704 1128 auctori
1733 1100 1805 1128 suo
1834 1091 2066 1129 restitutum
2100 1090 2223 1130 edidit
2249 1092 2396 1131 Romae

1449 1153 1550 1192 1663
1580 1153 1617 1190 8.
1646 1152 1841 1198 Quoniam
1869 1163 1964 1191 vero
1988 1153 2260 1204 pelagianismi
2290 1153 2326 1204 b)
2355 1155 2396 1193 in

1449 1226 1494 1254 eo
1523 1216 1691 1266 vestigia
1720 1215 1906 1266 insignita
1934 1219 2118 1267 exstant,
2143 1216 2229 1256 ideo
2256 1217 2398 1269 Pagius

1450 1278 1497 1318 ad
1528 1277 1687 1317 Annum
1720 1277 1795 1317 420
1825 1289 1934 1317 num.
1956 1278 2006 1318 29
2039 1282 2157 1330 negat
2180 1278 2286 1318 hunc
2309 1290 2399 1318 esse

1452 1342 1608 1390 librum7
1633 1340 1681 1379 de
1705 1351 1783 1390 quo
1807 1340 2049 1392 Gennadius,
2070 1351 2213 1380 sanam
2235 1344 2271 1381 et
2294 1341 2401 1381 ΠΕΟ

1452 1403 1611 1455 (leynam
1654 1402 1875 1441 doctrinam
1912 1404 1951 1441 in
1993 1414 2039 1442 eo
2082 1404 2300 1443 celebrans.
2343 1403 2401 1443 Ac
2467 1442 2472 1450 ,

1455 1467 1575 1505 verba
1604 1468 1688 1517 ipsa
1717 1465 1839 1516 hujus
1868 1467 2005 1517 scripti
2021 1477 2071 1505 ex
2087 1466 2184 1506 libro
2199 1465 2401 1507 PELAGII

1455 1530 1503 1569 ad
1534 1529 1695 1568 viduam
1725 1528 1846 1567 refert
1873 1527 2124 1579 Augustinus
2141 1529 2238 1569 libro
2261 1529 2310 1569 de
2339 1541 2403 1581 ge-

1458 1593 1531 1631 stis
1561 1592 1702 1642 Pelagii
1730 1601 1814 1641 cap.
1846 1591 1882 1628 6.
1910 1592 1972 1630 Ex
2001 1602 2081 1630 uno
2109 1591 2269 1631 Fastidii
2305 1592 2402 1631 libro

1458 1655 1560 1694 duos
1588 1654 1731 1693 fecisse.
1751 1653 2014 1701 Gennadium,
2042 1664 2120 1692 non
2143 1653 2402 1694 crediderim:

1457 1727 1685 1768 quanquam
1714 1717 1753 1754 in
1783 1719 1961 1755 extremo
1989 1715 2076 1754 libri
2104 1715 2153 1755 de
2181 1717 2264 1755 vita
2293 1716 2406 1758 Chri-

1453 1781 1581 1820 stiana
1609 1780 1746 1830 paucis
1774 1779 1919 1827 etiam,
1949 1778 2078 1828 qualis
2106 1778 2228 1818 vidua
2256 1777 2399 1818 debeat

1454 1854 1556 1891 esse,
1587 1841 1878 1892 perstringitur.
1908 1839 2009 1879 Illud
2029 1840 2145 1892 longe
2173 1841 2300 1892 magis
2321 1852 2407 1880 cre-

1455 1905 1596 1954 dibile,
1628 1903 1732 1954 quod
1772 1903 1916 1942 Baleus
1946 1907 1987 1942 et
2015 1903 2172 1942 Pitseus
2210 1915 2260 1943 ex
2303 1903 2409 1942 Gen-

1456 1969 1559 2007 nadii
1589 1968 1722 2007 verbis
1752 1972 1922 2018 quatuor
1951 1965 2063 2005 nobis
2100 1966 2259 2006 Fastidii
2289 1966 2409 2006 libros

1454 2031 1749 2082 procuderunt:
1773 2028 1871 2068 ide
1897 2028 1973 2080 fide
1997 2032 2034 2067 et
2050 2028 2134 2068 vita
2156 2027 2403 2069 Christiana.

1455 2094 1489 2132 2.
1521 2092 1567 2131 dc
1595 2091 1775 2131 doctrina
1804 2091 1995 2142 Spiritus,
2017 2091 2120 2139 sive,
2150 2095 2195 2130 ut
2224 2092 2405 2130 Pitseus:

1455 2155 1501 2193 dc
1529 2153 1709 2192 doctrina
1728 2153 1832 2191 DEO
1851 2152 1969 2204 diqnct
1997 2156 2035 2191 ct
2060 2151 2280 2204 spirituali.
2307 2154 2343 2192 3.
2363 2151 2409 2192 de

1455 2216 1645 2255 viduitate
1673 2214 1873 2254 servanda
1903 2227 2019 2254 sana.
2049 2220 2089 2253 et
2120 2216 2155 2253 4.
2173 2213 2320 2254 librum
2336 2214 2407 2254 ad-

1458 2278 1711 2317 monitionum
1721 2277 1897 2330 piarzim.
1917 2279 2052 2328 Neque
2075 2279 2287 2328 quisquam
2315 2289 2411 2317 ocu-

1461 2343 1508 2380 lis
1539 2342 1746 2392 usurpavit
1791 2340 2014 2380 Chronicon
2041 2341 2247 2380 Scotorum
2265 2371 2276 2389 ,
2306 2339 2411 2391 quod

1461 2404 1725 2454 compositum
1756 2414 1775 2441 a
1808 2402 1981 2441 Fastidio
2011 2403 2066 2441 ait
2096 2402 2268 2441 Thomas
2296 2403 2413 2441 Dem—

1463 2470 1623 2517 psterus
1666 2465 1851 2504 historiae
1895 2465 2072 2504 Scoticae
2114 2465 2178 2504 lib.
2210 2465 2258 2504 VI
2303 2476 2411 2504 num.

1465 2528 1554 2566 536.
1573 2529 1635 2566 cui
1667 2529 1704 2565 in
1735 2526 1854 2566 rebus
1882 2528 2012 2578 gentis
2037 2538 2132 2566 suae
2157 2527 2281 2566 multa
2309 2537 2415 2566 com-

1466 2591 1691 2628 miniscenti
1721 2589 2026 2628 condonandum
2056 2588 2129 2628 hoc
2164 2599 2253 2628 esse
2281 2592 2416 2628 monet

1465 2653 1839 2704 praestantissimus
1869 2652 2040 2691 Caveus.

1517 2715 1812 2754 FASTREDUS
1828 2715 1960 2754 Abbas
1975 2714 2320 2764 Claraevallensis,
2345 2724 2417 2753 cu—

1461 2778 1528 2828 jus
1556 2776 1735 2830 Epistola
1764 2777 1811 2816 ad
1837 2777 2118 2826 Omnibonum‚
2142 2777 2413 2816 veronensem

1465 2842 1732 2891 Episcopum,
1769 2840 1818 2879 de
1859 2839 2033 2879 Concilio
2075 2839 2267 2878 Tolosano
2307 2837 2412 2878 Anni

1467 2904 1627 2943 mozin
1653 2914 1730 2953 quo
1753 2902 1979 2941 Alexander
1999 2902 2063 2940 Ill.
2082 2899 2228 2952 rejecto
2249 2901 2417 2948 Victore,

1464 2966 1644 3005 Pontifex
1667 2966 1919 3017 agnoscitur:
1936 2963 2041 3002 etde
2063 2961 2222 3013 Synodo
2238 2961 2418 3014 Papiensi

1521 3080 1556 3119 a)
1575 3083 1669 3111 Tom.
1688 3082 1781 3112 sexto
1798 3077 1956 3110 editionis
1973 3085 2079 3110 novae
2106 3076 2396 3109 Benedictinorum
2412 3099 2422 3112 ‚

1462 3130 1700 3161 amstelodami
1720 3137 1857 3161 recusae
1875 3137 1950 3168 pag.
1968 3127 2122 3160 665-6702.

1521 3179 1558 3219 b)
1576 3179 1659 3211 Vide
1675 3181 1841 3211 Norisium
1856 3179 1936 3211 hist.
1952 3179 2066 3218 Pelag.
2082 3177 2140 3208 lib.
2154 3175 2183 3207 1.
2203 3182 2276 3214 cap.
2297 3172 2345 3206 19.
2361 3177 2423 3206 Be-

1462 3231 1707 3263 nedictinorurn
1722 3231 1984 3262 admonitionem
2001 3226 2110 3259 libello
2127 3224 2172 3256 illl
2188 3225 2419 3265 praemissam,

1463 3286 1495 3312 et
1510 3280 1758 3312 Tiliemontium
1776 3284 1857 3310 tom.
1874 3280 1926 3309 xv
1942 3277 2172 3309 memoriarum
2190 3281 2266 3315 pag.
2284 3273 2334 3307 17.
2352 3276 2425 3307 Ou-

1465 3330 1581 3361 (linum
1608 3334 1687 3360 tom.
1718 3329 1730 3359 1
1757 3336 1831 3368 pag.
1858 3325 1948 3357 1001.
