2500 3841
937 214 1267 255 CORNUTl

113 289 284 331 Martino
304 286 468 334 Polono⁷
493 283 694 324 Helmolclo
714 286 750 334 b)
774 283 966 335 Arnoldo,
988 287 1071 325 alii-

110 363 229 402 sque,
246 351 278 398 c)
293 348 439 398 quibus
461 347 544 396 ipse
568 346 617 384 de
641 348 725 386 suis
747 350 954 398 praecipue
970 352 1071 386 tem-

113 412 274 464 poribus
297 411 411 461 plura
448 419 552 446 nova
587 414 627 447 et
662 410 875 459 singularia
908 409 1069 448 addidit.

109 475 188 513 Hoc
212 483 304 512 cum
333 471 555 510 clarissimo
593 471 742 521 collega
772 482 860 510 meo
884 470 1071 510 Michaele

106 534 281 584 Richeyo
299 533 454 572 MStum
478 532 650 571 lustrare
675 544 738 571 me
760 534 922 571 memini
947 533 1073 571 Lube-

107 607 207 644 cae,
229 599 351 644 atque
375 598 535 632 exstare
560 595 652 632 novi
677 595 798 632 etiam
820 595 1071 644 Luneburgi‚

108 656 362 704 Helmstadii,
386 656 553 706 aliisque
573 658 611 694 in
635 657 741 694 locis.
765 656 842 695 Sed
866 657 967 695 bene
991 661 1072 705 est,

109 719 215 771 quod
238 718 489 769 praeclarum
511 729 611 768 opus
635 719 749 756 bonis
772 718 915 757 avibus
941 719 979 756 in
1014 718 1074 757 lu-

108 793 197 821 cem
215 792 265 820 ex
290 779 433 821 Codice
454 780 755 830 Luneburgensi
789 779 977 830 produxit
1010 780 1074 817 Jo-

108 844 263 882 hannes
276 842 469 892 Georgius
491 841 709 891 Eecardus,
734 843 771 880 in
797 846 905 880 tomo
931 852 1074 879 sccun-

109 906 158 944 do
182 905 366 955 Corporis
400 905 688 942 Historicorum
714 903 833 941 medii
862 903 974 951 aevi,
1014 902 1074 939 Li-

108 968 219 1018 psiae
240 966 342 1006 1723
370 966 431 1004 fol.
453 977 539 1016 pag.
568 966 768 1004 432-1343
794 967 847 1004 ita
870 969 1004 1002 tamen
1028 966 1072 1001 ut

108 1039 174 1067 res
201 1027 250 1066 ab
273 1027 434 1066 exordio
457 1027 592 1066 Mundi
617 1038 746 1077 usque
770 1026 819 1065 ad
843 1025 971 1065 Caroli
994 1025 1073 1063 Ma-

107 1090 379 1140 gni-tempora,
394 1092 531 1139 utpote
549 1088 597 1126 ab
617 1088 704 1125 aliis
729 1087 872 1126 melius
892 1086 1073 1124 exactiu-

109 1162 209 1200 sque
225 1149 392 1188 traditas
407 1150 598 1188 omiserit.
624 1150 833 1200 Specimen
850 1147 1070 1187 collationis

107 1223 200 1251 cum
239 1211 383 1252 Codice
423 1211 643 1250 Lubecensi
662 1240 670 1258 ,
710 1223 759 1248 ex
783 1221 861 1260 quo
898 1211 1070 1260 possunt

107 1273 300 1312 nonnulla
323 1274 362 1312 in
380 1273 624 1312 Eccardiana
649 1271 822 1310 editione
847 1269 1069 1317 emendari,

109 1334 219 1374 dedit
241 1335 286 1374 V.
313 1336 356 1375 C.
381 1334 583 1373 Johannes
602 1334 798 1372 Henricus
813 1343 892 1370 van
913 1331 1071 1379 Seelen,

108 1398 177 1448 qui
211 1396 261 1435 de
284 1397 459 1436 Cornero
482 1397 650 1446 ejusque
688 1405 806 1445 opere
829 1393 984 1432 erudite
1009 1396 1071 1430 est

108 1462 404 1497 commentatus
416 1458 454 1495 in
463 1456 896 1505 selectislitterariisp.l
908 1453 1069 1493 02-131.

110 1520 221 1559 Idem
238 1519 437 1570 pollicitus
453 1522 516 1556 est
533 1518 607 1556 alio
624 1522 802 1567 ternpore
819 1516 1071 1554 collationem

110 1582 306 1631 integram
330 1591 374 1618 se
394 1579 623 1627 editurum,
645 1580 721 1617 etsi
746 1578 897 1628 alioqui
923 1578 1072 1616 fatetur

107 1642 462 1692 Luneburgensem
486 1641 698 1690 Codicem,
722 1652 843 1691 quem
866 1639 1071 1678 Eccardus

107 1709 169 1743 est
192 1707 381 1752 secutus,
418 1703 641 1742 Lubecensi
664 1703 704 1740 in
730 1701 911 1752 pluribus
949 1702 1070 1739 etiam

108 1770 325 1817 praestare.

166 1827 345 1866 Disticha
382 1827 558 1876 Magistri
596 1825 843 1873 CORNUTI,
881 1829 921 1863 et
952 1823 1000 1862 ad
1028 1834 1074 1862 ea

112 1888 244 1938 glossa
270 1888 348 1926 MS.
379 1889 526 1926 citatur
554 1899 576 1926 a
605 1888 754 1938 Gangio
784 1888 821 1925 in
856 1886 1073 1937 glossario,

168 2037 203 2076 a)
224 2040 390 2078 Excerpta
415 2047 455 2070 ex
480 2039 626 2070 cornero
650 2037 722 2070 loca
744 2046 830 2078 quae
856 2037 911 2069 ille
937 2046 977 2069 ex
1000 2037 1081 2068 Hel-

99 2085 210 2126 moldo
226 2085 278 2118 vel
292 2087 437 2118 Arnoldo
451 2087 559 2126 affert,
573 2091 675 2127 atque
690 2089 724 2118 in
740 2086 948 2118 editionibus
969 2089 1085 2117 utriu-

102 2143 186 2175 sque
203 2136 294 2167 illius
310 2138 488 2175 scriptoris
511 2136 562 2167 vel
585 2137 708 2168 desunt
724 2136 776 2167 vel
793 2137 892 2167 aliter
907 2137 1080 2175 leguntur,

99 2188 232 2216 exstant
248 2186 339 2225 apud
361 2185 570 2216 Leibnitium
587 2189 669 2216 tom.
687 2187 734 2222 ll,
753 2187 956 2225 scriptorum
972 2188 1081 2216 Brun-

98 2235 304 2265 svicensium
328 2242 407 2273 pag.
425 2232 577 2264 745-751.
597 2233 689 2264 idem
713 2235 910 2265 Germanice
933 2233 1079 2265 dialecto

97 2281 267 2314 inferioris
291 2284 459 2314 saxoniae
476 2291 517 2314 ex
539 2283 688 2313 Coi-nero
703 2290 799 2314 versa
817 2281 985 2322 quaedam
1012 2282 1083 2313 edi-

99 2329 150 2361 dit
164 2334 247 2362 tom.
273 2332 330 2362 111.
356 2339 433 2371 pag.
454 2330 596 2362 199-201
632 2331 675 2362 ab
693 2335 755 2362 An.
775 2330 854 2363 1571
879 2332 922 2363 ad
947 2331 1028 2362 1455
1050 2334 1083 2362 et

102 2379 402 2411 continuationem
422 2380 466 2411 ab
484 2384 546 2412 An.
570 2379 651 2412 1455
668 2381 710 2412 ad
733 2379 813 2411 1458
837 2388 912 2420 pag.
937 2379 1083 2411 205-216

104 2426 273 2467 aliamque
296 2428 338 2459 ab
359 2431 422 2460 An.
457 2428 539 2460 1458
563 2431 604 2461 ad
637 2429 718 2460 1466
741 2438 816 2470 pag.
842 2429 903 2460 201
927 2430 1002 2459 202.
1037 2432 1083 2460 De

105 2478 304 2508 Germanica
326 2479 481 2510 versione
502 2479 660 2511 Chronici
687 2480 888 2510 Corneriani
905 2501 915 2516 ‚
941 2482 1081 2509 auctore

104 2526 280 2558 Dominico
296 2528 449 2558 Drewero
463 2527 687 2567 Goslariensi,
712 2529 788 2558 vide
813 2527 974 2558 Jacobum
993 2530 1080 2565 Que-

104 2572 238 2605 tiftom.
253 2576 361 2613 primo
374 2574 414 2605 dc
431 2576 655 2616 scriptoribus
670 2578 903 2608 Dominicanis
912 2584 989 2615 pag.
1006 2575 1086 2608 785.

167 2623 203 2663 b)
225 2625 352 2655 Laudat
368 2628 541 2663 praeterea
558 2627 727 2658 Cornetus
747 2626 960 2665 Josephum‚
989 2625 1084 2657 Soli-

102 2683 210 2713 num,
231 2673 397 2704 Orosium
409 2698 418 2711 ‚
436 2674 638 2705 chronicon
652 2679 685 2706 et
701 2679 802 2714 qesta
818 2676 1081 2712 Romanorum,

104 2722 320 2760 Eusebium,
349 2722 505 2760 Bedam,
529 2723 748 2763 Siyebercum
766 2747 776 2761 ‚
801 2723 1002 2755 chronicon
1019 2724 1085 2755 Sa-

104 2772 301 2809 xonicum,
325 2772 517 2811 Huqonem
538 2772 805 2802 Floriacensem
823 2795 831 2808 ‚
857 2772 965 2803 Gesta
988 2772 1082 2802 Lon-

106 2820 366 2861 gobardorum,
384 2820 585 2852 Chronicon
598 2822 832 2858 Francorum,
851 2821 1081 2860 Gratianum,

107 2871 254 2902 Petrum
270 2869 488 2900 Damianum
503 2894 514 2908 ‚
535 2870 737 2902 chronicon
755 2869 949 2901 Lubeccnsc
963 2894 974 2910 ,
998 2871 1042 2903 W
1055 2870 1082 2900 l-

101 2919 257 2950 helmum
274 2943 286 2957 ,
326 2919 528 2951 chronicon
570 2919 755 2950 Danorum
772 2944 781 2958 ‚
814 2919 1080 2956 oboli-itonam,

105 2968 363 3004 Bohemorum,
402 2967 625 3007 Anqlorum,
668 2968 863 2999 Gothorum
879 2992 889 3006 ,
927 2975 1084 2997 summo-

103 3026 182 3048 rum
199 3017 440 3056 Pontificum,
458 3021 489 3047 et
507 3018 722 3057 Pontificum
738 3016 1081 3056 Hamburqensium:

110 3066 310 3099 Usuardum
324 3090 334 3104 ,
367 3067 566 3106 Turpinum
583 3089 592 3104 ‚
618 3067 880 3106 Luitpranrlum
897 3090 906 3104 ,
937 3065 1083 3097 Senone-

101 3115 258 3154 veldum,
276 3116 326 3148 M.
340 3115 557 3154 Eylardum,
579 3116 785 3146 Historiam
802 3115 1080 3153 Scholasticam,

106 3164 226 3195 Vitam
249 3165 283 3196 S.
307 3164 523 3195 Bernwarcli
539 3189 551 3204 ,
574 3165 739 3195 Ralclrici
765 3165 968 3196 Historiam
994 3167 1079 3198 Hie-

101 3213 412 3252 rosolymitanam
430 3237 440 3252 ‚
467 3213 646 3245 Viaticum
664 3214 920 3245 narrationum
937 3239 946 3253 ,
971 3217 1080 3247 Jaco-

106 3261 187 3293 bum
209 3263 251 3293 de
282 3263 461 3302 Vorayine
477 3267 542 3295 etc.
560 3265 640 3295 Vide
656 3263 727 3295 Joli.
754 3266 889 3296 ilenrici
910 3273 978 3296 van
1005 3268 1082 3299 See-

104 3310 162 3342 len
189 3311 576 3344 meletematalitteraria
602 3322 677 3352 pag.
703 3313 817 3344 85-257.

2028 216 2105 254 397

1142 298 1264 325 voce:
1289 285 1638 339 Hippocoercium,
1660 283 1765 334 quod
1785 283 1914 322 locum
1939 283 2104 323 denotat

1145 349 1183 385 in
1214 359 1292 397 quo
1324 349 1525 387 ferrantur
1548 347 1653 397 equi.

1197 409 1218 432 ³*
1238 409 1298 448 Ad
1323 410 1546 448 Cornutum
1571 408 1679 446 hunc
1708 409 1907 458 respicere
1937 407 2106 446 arbitror

1145 470 1230 509 cod.
1252 472 1406 509 MStum
1432 470 1537 521 apud
1569 470 1742 508 amicum
1774 481 1907 508 meum
1931 470 2108 520 singula-

1146 543 1230 570 rem
1257 533 1300 570 D.
1325 533 1515 570 Martium
1538 531 1692 570 Miclieli
1715 531 1871 569 Maioris
1902 531 2108 569 Ecclesiae

1148 594 1340 632 Lucensis
1362 593 1621 640 Canonicum,
1639 594 1754 632 cuius
1775 603 1891 631 usum
1909 592 2004 630 mihi
2023 603 2110 642 per-

1149 655 1274 692 misit.
1302 655 1345 691 In
1369 655 1456 692 eius
1478 654 1605 691 fronte
1630 655 1686 692 sic
1707 655 1817 703 lego:
1842 655 2015 692 Lectura
2043 665 2110 692 su-

1140 726 1216 767 per
1245 718 1407 765 satyras
1435 713 1642 752 Juvenalis
1671 713 1881 765 Aquinatis
1910 727 1965 753 em
1996 715 2106 754 Com—

1149 774 1357 813 mentariis
1398 774 1566 814 Cornuti
1593 774 1858 824 copiosissime
1901 776 2005 814 edita
2020 808 2030 824 ,
2075 778 2113 813 ec

1140 836 1272 887 primo
1304 835 1428 887 ipsius
1456 835 1581 873 vitam
1604 846 1731 874 nosce.
1754 837 1887 874 Codex
1912 843 1973 875 est
1995 838 2109 876 char-

1148 903 1287 936 taceus
1313 898 1349 934 in
1373 897 1423 935 fol
1442 897 1618 947 scriptus
1642 908 1706 934 an.
1728 897 1847 935 1442.
1875 899 1971 935 etin
1995 900 2112 947 Saty—

1148 970 1214 997 ras
1237 963 1396 997 tantum
1421 963 1509 997 octo
1528 963 1725 997 versatur.
1749 959 1823 996 Est
1847 962 1981 996 autem
2004 970 2111 997 com-

1148 1020 1373 1058 mentarius
1403 1020 1564 1069 sapiens
1602 1019 1774 1058 indolem
1800 1020 2006 1069 scriptoris
2031 1031 2109 1058 non

1148 1092 1246 1120 sane
1273 1081 1380 1119 docti
1410 1085 1450 1120 et
1482 1081 1531 1118 ad
1569 1082 1731 1132 genium
1767 1081 1972 1131 scriptoris
2006 1092 2110 1119 saec.

1144 1144 1252 1182 XIII.
1275 1143 1339 1181 vel
1364 1143 1466 1181 XIV.
1506 1144 1544 1180 in
1584 1142 1662 1180 fine
1697 1147 1760 1180 est
1797 1143 2111 1180 commentarius

1144 1204 1246 1243 alius
1272 1205 1310 1242 in
1350 1205 1597 1254 prooemium
1633 1203 1928 1242 Oeconomicor.
1962 1202 2114 1241 Aristo-

1144 1267 1246 1305 telis.
1271 1267 1347 1304 Est
1370 1268 1490 1304 etiam
1516 1266 1566 1303 ibi
1591 1266 1904 1304 commentarius
1941 1265 2044 1302 alius
2074 1266 2112 1302 in

1144 1328 1314 1378 primam
1340 1332 1380 1366 et
1405 1327 1626 1366 secundam
1666 1328 1851 1376 Satyram
1874 1327 2110 1375 Juvenalis,

1146 1388 1214 1427 sed
1241 1390 1448 1439 scriptoris
1474 1390 1593 1438 ignoti
1620 1400 1693 1427 nec
1717 1389 1834 1439 plane
1857 1389 1974 1427 docti.

1199 1449 1414 1488 Gualcerus
1453 1449 1742 1490 CORMJTUS.
1780 1449 2115 1501 Archiepiscopus

1145 1512 1194 1550 ab
1216 1511 1290 1550 An.
1319 1512 1423 1551 1223
1448 1511 1498 1550 ad
1527 1512 1643 1550 1241.
1670 1512 1915 1550 Senonensis
1931 1543 1941 1560 ,
1963 1512 2012 1550 de
2037 1523 2115 1562 quo

1144 1578 1302 1625 praeter
1324 1574 1570 1612 Guilelmum
1592 1574 1794 1611 Britonem
1814 1575 1901 1611 XII.
1924 1574 1999 1611 680
2023 1584 2113 1624 sqq.
2138 1589 2143 1593 ·

1144 1635 1441 1675 Sammarthani
1472 1638 1569 1673 tom.
1611 1636 1638 1673 l.
1677 1635 1825 1673 Galliae
1863 1635 2113 1674 Christianae

1143 1709 1230 1749 pag.
1257 1697 1347 1736 637.
1373 1708 1456 1747 seq.
1482 1697 1657 1735 Bulaeus
1681 1700 1776 1734 tom.
1802 1697 1870 1734 III.
1895 1697 1988 1734 hist.
2013 1696 2113 1734 Aca-

1146 1758 1300 1797 demiae
1321 1759 1555 1797 Parisiensis
1576 1770 1663 1809 pag.
1684 1758 1771 1798 170.
1789 1769 1872 1809 seq.
1900 1759 1988 1798 182.
2010 1757 2110 1807 Ejus

1144 1819 1327 1858 Historia
1351 1820 1531 1859 Coronae
1562 1820 1721 1871 spineae
1750 1821 1878 1860 JESU
1901 1820 2116 1860 CHRISTI

1150 1882 1520 1932 Constantinopoli,
1561 1882 1626 1920 ubi
1656 1883 1821 1920 Venetis
1858 1885 2114 1932 oppignorata

1149 1948 1190 1982 et
1212 1955 1236 1983 a
1259 1944 1459 1983 Ludovico
1490 1947 1628 1982 sancto
1657 1943 1864 1993 redemta,
1888 1945 1962 1982 An.
1996 1945 2111 1983 1239.

1149 2007 1189 2043 in
1218 2006 1383 2044 Galliam
1429 2004 1646 2052 advectae,
1679 2004 1784 2055 apud
1826 2004 2028 2043 Andream
2057 2004 2112 2043 du

1150 2067 1309 2107 Chesne
1333 2071 1428 2105 tom.
1450 2067 1496 2105 V.
1521 2068 1760 2116 scriptorum
1791 2077 1926 2104 rerum
1955 2067 2114 2104 Franci-

1150 2140 1288 2167 c-arum
1317 2140 1404 2179 pag.
1438 2128 1525 2168 407.

1203 2190 1507 2231 CORONATUS
1525 2192 1710 2231 Notarius
1727 2192 1921 2243 ,scriptor
1944 2191 2050 2231 vitae
2069 2193 2110 2232 S.

1151 2252 1346 2302 Zenonis,
1379 2253 1455 2303 (de
1485 2265 1564 2304 quo
1600 2254 1726 2302 infra)
1756 2255 1997 2292 Veronensis
2025 2255 2117 2304 Epi-

1151 2316 1284 2365 scopi,
1309 2315 1438 2355 editae
1466 2317 1641 2366 primum
1672 2316 1720 2354 ab
1750 2315 1914 2365 Ughello
1944 2320 2039 2354 tom.
2071 2317 2114 2353 V.

1152 2377 1288 2415 Italiae
1308 2389 1442 2416 sacrae
1467 2389 1554 2429 pag.
1579 2379 1668 2416 680.
1695 2389 1777 2428 seq.
1803 2389 1853 2416 ex
1877 2383 2112 2428 pervetusto

1153 2439 1295 2478 Codice
1311 2439 1478 2477 haedino
1501 2440 1691 2478 Abbatiae
1706 2440 1744 2478 S.
1763 2440 1980 2478 Salvatoris
2002 2440 2111 2477 Mon-

1152 2502 1204 2538 tis
1226 2500 1372 2538 Amiati
1390 2529 1399 2547 ,
1423 2500 1566 2539 deinde
1603 2501 1651 2539 ab
1690 2500 1908 2538 Heschenio
1937 2501 1974 2536 in
1999 2499 2111 2538 Actis

1153 2562 1390 2600 Sanctorum
1418 2563 1467 2600 12
1491 2561 1639 2612 Aprilis
1665 2567 1693 2598 t.
1717 2563 1750 2599 II
1771 2591 1779 2609 ,
1803 2573 1889 2611 pag.
1917 2562 1978 2598 69.
2004 2572 2087 2611 seq.

1208 2621 1426 2661 Guilelmus
1454 2622 1735 2661 CORTUslUS
1749 2624 1963 2660 Patavinus
1986 2616 2115 2673 coepit

1153 2686 1322 2725 condere
1346 2684 1567 2723 Historiam
1598 2683 1644 2722 de
1673 2682 1924 2722 Nooitatibus
1949 2684 2113 2723 Paduae

1154 2749 1192 2784 et
1207 2744 1472 2784 Lombarcliae
1495 2746 1544 2784 ab
1568 2746 1642 2784 An.
1670 2746 1771 2785 1256
1797 2746 1901 2795 quod
1926 2747 2112 2785 affectum

1151 2807 1239 2857 ejus
1267 2818 1367 2858 opus
1396 2809 1645 2846 continuavit
1668 2812 1707 2845 et
1732 2807 1778 2845 ad
1804 2808 1965 2846 Annum
1998 2810 2112 2847 1364.

1151 2869 1337 2919 perduxit
1365 2871 1690 2917 consanguineus
1718 2869 1904 2908 Guilelrni
1932 2867 2113 2920 Albriye-

1152 2934 1214 2969 cus
1259 2932 1555 2970 CORTUSlUS.
1601 2933 1759 2970 Primus
1797 2931 1892 2969 illud
1922 2933 1989 2969 xl.
2020 2943 2111 2970 con-

1151 2998 1263 3032 stans
1287 2994 1395 3031 libris
1418 2993 1541 3031 edidit
1564 3005 1612 3031 ex
1638 2993 1698 3031 lV.
1724 2994 1828 3032 MSS.
1857 2994 1963 3031 Felix
1987 2994 2108 3033 Osius

1151 3059 1345 3104 notasque
1388 3055 1538 3094 addidit
1576 3057 1753 3093 Venetiis
1787 3056 1912 3103 ⁴636,
1943 3057 2004 3094 fol.
2038 3057 2112 3094 Re-

1151 3118 1297 3166 petitac
1330 3117 1493 3155 editioni
1534 3118 1570 3154 in
1611 3117 1814 3155 Thesauro
1852 3118 1985 3156 ltaliae
2016 3120 2112 3157 Bur-

1151 3179 1362 3217 manniano
1387 3183 1480 3216 tom.
1507 3179 1583 3226 Vl,
1609 3184 1719 3229 parte
1746 3182 1759 3218 1
1787 3209 1793 3218 .
1819 3182 1988 3218 accessit
2016 3191 2109 3232 sup-

1144 3239 1383 3290 plementum
1413 3251 1462 3277 ex
1492 3241 1598 3279 MSto
1628 3240 1770 3279 Codice
1795 3243 1959 3279 Comitis
1983 3245 2034 3281 Pii
2061 3243 2109 3281 dc

1149 3301 1390 3346 Comitibus,
1422 3304 1576 3341 l‘atricii
1607 3304 1773 3341 Veneti:
1806 3305 1884 3344 Sed
1914 3307 1952 3343 in
1992 3307 2107 3343 tertia
