<?xml version="1.0" encoding="UTF-8"?>
<!DOCTYPE html PUBLIC "-//W3C//DTD XHTML 1.0 Transitional//EN"
    "http://www.w3.org/TR/xhtml1/DTD/xhtml1-transitional.dtd">
<html xmlns="http://www.w3.org/1999/xhtml" xml:lang="en" lang="en">
 <head>
  <title>
</title>
<meta http-equiv="Content-Type" content="text/html;charset=utf-8" />
  <meta name='ocr-system' content='tesseract 3.04.00' />
  <meta name='ocr-capabilities' content='ocr_page ocr_carea ocr_par ocr_line ocrx_word'/>
</head>
<body>
  <div class='ocr_page' id='page_1' title='image "./bibliothecalatin01fabruoft_0316.png"; bbox 0 0 2500 4009; ppageno 0'>
   <div class='ocr_carea' id='block_1_1' title="bbox 329 217 1582 276">
    <p class='ocr_par' dir='ltr' id='par_1_1' title="bbox 329 217 1582 276">
     <span class='ocr_line' id='line_1_1' title="bbox 329 217 1582 276; baseline -0.002 -4"><span class='ocrx_word' id='word_1_1' title='bbox 329 233 409 272; x_wconf 71' lang='lat'>2278</span> <span class='ocrx_word' id='word_1_2' title='bbox 821 217 824 219; x_wconf 84' lang='grc'><strong>’</strong></span> <span class='ocrx_word' id='word_1_3' title='bbox 1075 228 1582 276; x_wconf 75' lang='lat' dir='ltr'>nuncuAnnus</span> 
     </span>
    </p>
   </div>
   <div class='ocr_carea' id='block_1_2' title="bbox 306 300 1287 3382">
    <p class='ocr_par' dir='ltr' id='par_1_2' title="bbox 317 300 1287 662">
     <span class='ocr_line' id='line_1_2' title="bbox 372 300 1287 342; baseline 0.001 -1"><span class='ocrx_word' id='word_1_4' title='bbox 372 302 538 342; x_wconf 73' lang='lat' dir='ltr'>,Ioannis</span> <span class='ocrx_word' id='word_1_5' title='bbox 569 301 729 340; x_wconf 77' lang='lat' dir='ltr'><em>Antonii</em></span> <span class='ocrx_word' id='word_1_6' title='bbox 754 300 925 340; x_wconf 69' lang='lat' dir='ltr'>Novaria·</span> <span class='ocrx_word' id='word_1_7' title='bbox 945 312 1127 340; x_wconf 81' lang='lat' dir='ltr'>summae</span> <span class='ocrx_word' id='word_1_8' title='bbox 1161 303 1287 342; x_wconf 87' lang='lat' dir='ltr'>bulla-</span> 
     </span>
     <span class='ocr_line' id='line_1_3' title="bbox 321 362 1284 412; baseline 0 -8"><span class='ocrx_word' id='word_1_9' title='bbox 321 377 428 412; x_wconf 73' lang='lat' dir='ltr'>rum,</span> <span class='ocrx_word' id='word_1_10' title='bbox 453 376 542 404; x_wconf 82' lang='lat' dir='ltr'>cuin</span> <span class='ocrx_word' id='word_1_11' title='bbox 584 365 812 402; x_wconf 82' lang='lat' dir='ltr'>novissimis</span> <span class='ocrx_word' id='word_1_12' title='bbox 846 362 1114 402; x_wconf 71' lang='lat' dir='ltr'>decisionibus</span> <span class='ocrx_word' id='word_1_13' title='bbox 1147 375 1284 404; x_wconf 86' lang='lat' dir='ltr'>sacrae</span> 
     </span>
     <span class='ocr_line' id='line_1_4' title="bbox 318 423 1282 476; baseline 0.001 -11"><span class='ocrx_word' id='word_1_14' title='bbox 318 429 438 466; x_wconf 84' lang='lat' dir='ltr'>Rotae</span> <span class='ocrx_word' id='word_1_15' title='bbox 456 428 651 465; x_wconf 79' lang='lat' dir='ltr'>Romanae</span> <span class='ocrx_word' id='word_1_16' title='bbox 671 423 871 474; x_wconf 81' lang='lat' dir='ltr'>adjunctis</span> <span class='ocrx_word' id='word_1_17' title='bbox 886 436 908 463; x_wconf 92' lang='lat' dir='ltr'>a</span> <span class='ocrx_word' id='word_1_18' title='bbox 928 425 1094 476; x_wconf 76' lang='lat' dir='ltr'>Josepho</span> <span class='ocrx_word' id='word_1_19' title='bbox 1114 427 1282 466; x_wconf 82' lang='lat' dir='ltr'>Domitio</span> 
     </span>
     <span class='ocr_line' id='line_1_5' title="bbox 318 485 1282 529; baseline 0.001 -2"><span class='ocrx_word' id='word_1_20' title='bbox 318 494 358 527; x_wconf 89' lang='lat' dir='ltr'>et</span> <span class='ocrx_word' id='word_1_21' title='bbox 378 500 468 528; x_wconf 81' lang='lat' dir='ltr'>cuin</span> <span class='ocrx_word' id='word_1_22' title='bbox 495 487 695 526; x_wconf 84' lang='lat' dir='ltr'>nonnullis</span> <span class='ocrx_word' id='word_1_23' title='bbox 719 485 987 527; x_wconf 79' lang='lat' dir='ltr'>additionibus</span> <span class='ocrx_word' id='word_1_24' title='bbox 1010 488 1177 528; x_wconf 86' lang='lat' dir='ltr'>Abbatis</span> <span class='ocrx_word' id='word_1_25' title='bbox 1209 489 1282 529; x_wconf 85' lang='lat' dir='ltr'>Mi-</span> 
     </span>
     <span class='ocr_line' id='line_1_6' title="bbox 319 538 1279 591; baseline 0.002 -2"><span class='ocrx_word' id='word_1_26' title='bbox 319 549 463 589; x_wconf 75' lang='lat' dir='ltr'>chaelis</span> <span class='ocrx_word' id='word_1_27' title='bbox 486 538 713 587; x_wconf 70' lang='grc' dir='ltr'>Ῑιιειίηίαηί.</span> <span class='ocrx_word' id='word_1_28' title='bbox 743 550 854 588; x_wconf 88' lang='lat' dir='ltr'>Rom.</span> <span class='ocrx_word' id='word_1_29' title='bbox 883 549 986 589; x_wconf 94' lang='grc'>4677</span> <span class='ocrx_word' id='word_1_30' title='bbox 1010 550 1073 589; x_wconf 84' lang='lat' dir='ltr'>fol.</span> <span class='ocrx_word' id='word_1_31' title='bbox 1097 551 1279 591; x_wconf 91' lang='lat' dir='ltr'>Giornale</span> 
     </span>
     <span class='ocr_line' id='line_1_7' title="bbox 317 611 724 662; baseline 0.002 -13"><span class='ocrx_word' id='word_1_32' title='bbox 317 612 354 650; x_wconf 93' lang='lat' dir='ltr'>di</span> <span class='ocrx_word' id='word_1_33' title='bbox 379 613 499 650; x_wconf 86' lang='lat' dir='ltr'>Roma</span> <span class='ocrx_word' id='word_1_34' title='bbox 522 622 608 662; x_wconf 76' lang='lat' dir='ltr'>pag.</span> <span class='ocrx_word' id='word_1_35' title='bbox 636 611 724 650; x_wconf 89' lang='grc'>443.</span> 
     </span>
    </p>

    <p class='ocr_par' dir='ltr' id='par_1_3' title="bbox 315 674 1280 837">
     <span class='ocr_line' id='line_1_8' title="bbox 369 674 1280 726; baseline 0.001 -15"><span class='ocrx_word' id='word_1_36' title='bbox 369 675 590 724; x_wconf 86' lang='lat' dir='ltr'>Diplomata</span> <span class='ocrx_word' id='word_1_37' title='bbox 617 674 821 713; x_wconf 79' lang='lat' dir='ltr'>Pontificia</span> <span class='ocrx_word' id='word_1_38' title='bbox 843 678 883 712; x_wconf 88' lang='lat' dir='ltr'>et</span> <span class='ocrx_word' id='word_1_39' title='bbox 905 675 1023 726; x_wconf 83' lang='lat' dir='ltr'>Regia</span> <span class='ocrx_word' id='word_1_40' title='bbox 1053 674 1189 714; x_wconf 91' lang='lat' dir='ltr'>Ordini</span> <span class='ocrx_word' id='word_1_41' title='bbox 1219 686 1280 713; x_wconf 87' lang='lat' dir='ltr'>re-</span> 
     </span>
     <span class='ocr_line' id='line_1_9' title="bbox 315 735 1276 788; baseline 0.003 -14"><span class='ocrx_word' id='word_1_42' title='bbox 315 736 439 785; x_wconf 74' lang='lat' dir='ltr'>gulari</span> <span class='ocrx_word' id='word_1_43' title='bbox 456 740 495 774; x_wconf 82' lang='lat' dir='ltr'>et</span> <span class='ocrx_word' id='word_1_44' title='bbox 511 735 692 786; x_wconf 85' lang='lat' dir='ltr'>hospitali</span> <span class='ocrx_word' id='word_1_45' title='bbox 715 736 753 775; x_wconf 89' lang='lat' dir='ltr'>S.</span> <span class='ocrx_word' id='word_1_46' title='bbox 772 737 943 788; x_wconf 78' lang='lat' dir='ltr'>Spiritus</span> <span class='ocrx_word' id='word_1_47' title='bbox 963 748 1166 786; x_wconf 84' lang='lat' dir='ltr'>concessa,</span> <span class='ocrx_word' id='word_1_48' title='bbox 1183 749 1276 777; x_wconf 87' lang='lat' dir='ltr'>cum</span> 
     </span>
     <span class='ocr_line' id='line_1_10' title="bbox 316 798 726 837; baseline 0.005 -3"><span class='ocrx_word' id='word_1_49' title='bbox 316 799 433 836; x_wconf 87' lang='lat' dir='ltr'>notis.</span> <span class='ocrx_word' id='word_1_50' title='bbox 457 799 578 837; x_wconf 80' lang='lat' dir='ltr'>Paris,</span> <span class='ocrx_word' id='word_1_51' title='bbox 612 798 726 837; x_wconf 66' lang='lat'><strong>4724.</strong></span> 
     </span>
    </p>

    <p class='ocr_par' dir='ltr' id='par_1_4' title="bbox 311 859 1276 1024">
     <span class='ocr_line' id='line_1_11' title="bbox 366 859 1276 911; baseline 0.004 -14"><span class='ocrx_word' id='word_1_52' title='bbox 366 859 511 898; x_wconf 83' lang='lat' dir='ltr'>Basilii</span> <span class='ocrx_word' id='word_1_53' title='bbox 529 860 698 911; x_wconf 73' lang='lat' dir='ltr'>Sereyni</span> <span class='ocrx_word' id='word_1_54' title='bbox 721 860 1026 901; x_wconf 85' lang='lat' dir='ltr'>Mediolanensis</span> <span class='ocrx_word' id='word_1_55' title='bbox 1048 861 1205 901; x_wconf 91' lang='lat' dir='ltr'>Indulta</span> <span class='ocrx_word' id='word_1_56' title='bbox 1235 866 1276 901; x_wconf 86' lang='lat' dir='ltr'>et</span> 
     </span>
     <span class='ocr_line' id='line_1_12' title="bbox 314 922 1275 975; baseline 0.003 -15"><span class='ocrx_word' id='word_1_57' title='bbox 314 922 520 973; x_wconf 80' lang='lat' dir='ltr'>Privilegia</span> <span class='ocrx_word' id='word_1_58' title='bbox 543 922 746 961; x_wconf 79' lang='lat' dir='ltr'>Pontificia</span> <span class='ocrx_word' id='word_1_59' title='bbox 783 923 992 962; x_wconf 90' lang='lat' dir='ltr'>Canonicis</span> <span class='ocrx_word' id='word_1_60' title='bbox 1014 925 1275 975; x_wconf 78' lang='lat' dir='ltr'>Regularibus</span> 
     </span>
     <span class='ocr_line' id='line_1_13' title="bbox 311 983 829 1024; baseline 0.002 -3"><span class='ocrx_word' id='word_1_61' title='bbox 311 994 514 1023; x_wconf 86' lang='lat' dir='ltr'>concessa.</span> <span class='ocrx_word' id='word_1_62' title='bbox 540 983 692 1023; x_wconf 83' lang='lat' dir='ltr'>Mediol.</span> <span class='ocrx_word' id='word_1_63' title='bbox 716 985 829 1024; x_wconf 66' lang='grc'>«1606.</span> 
     </span>
    </p>

    <p class='ocr_par' dir='ltr' id='par_1_5' title="bbox 317 1047 1277 1154">
     <span class='ocr_line' id='line_1_14' title="bbox 369 1047 1277 1099; baseline 0.003 -14"><span class='ocrx_word' id='word_1_64' title='bbox 369 1047 526 1085; x_wconf 90' lang='lat' dir='ltr'>Bullarii</span> <span class='ocrx_word' id='word_1_65' title='bbox 551 1047 752 1097; x_wconf 83' lang='lat' dir='ltr'>Serapbici</span> <span class='ocrx_word' id='word_1_66' title='bbox 777 1047 981 1087; x_wconf 89' lang='lat' dir='ltr'>Indiculus</span> <span class='ocrx_word' id='word_1_67' title='bbox 1014 1060 1084 1099; x_wconf 84' lang='lat' dir='ltr'>per</span> <span class='ocrx_word' id='word_1_68' title='bbox 1114 1050 1277 1088; x_wconf 79' lang='lat' dir='ltr'>Petrum</span> 
     </span>
     <span class='ocr_line' id='line_1_15' title="bbox 317 1108 850 1154; baseline 0.004 -8"><span class='ocrx_word' id='word_1_69' title='bbox 317 1109 364 1147; x_wconf 77' lang='lat' dir='ltr'>(le</span> <span class='ocrx_word' id='word_1_70' title='bbox 392 1108 506 1148; x_wconf 77' lang='lat' dir='ltr'>Alva.</span> <span class='ocrx_word' id='word_1_71' title='bbox 531 1110 640 1148; x_wconf 83' lang='lat' dir='ltr'>Rom.</span> <span class='ocrx_word' id='word_1_72' title='bbox 668 1111 788 1154; x_wconf 66' lang='lat'>4655,</span> <span class='ocrx_word' id='word_1_73' title='bbox 816 1110 850 1148; x_wconf 74' lang='lat'>4.</span> 
     </span>
    </p>

    <p class='ocr_par' dir='ltr' id='par_1_6' title="bbox 312 1171 1275 1335">
     <span class='ocr_line' id='line_1_16' title="bbox 367 1171 1274 1223; baseline 0.003 -13"><span class='ocrx_word' id='word_1_74' title='bbox 367 1171 502 1210; x_wconf 83' lang='lat' dir='ltr'>Bullas</span> <span class='ocrx_word' id='word_1_75' title='bbox 540 1171 775 1211; x_wconf 78' lang='lat' dir='ltr'>Pontificum</span> <span class='ocrx_word' id='word_1_76' title='bbox 814 1183 883 1222; x_wconf 90' lang='lat' dir='ltr'>pro</span> <span class='ocrx_word' id='word_1_77' title='bbox 926 1173 1123 1211; x_wconf 86' lang='lat' dir='ltr'>Societate</span> <span class='ocrx_word' id='word_1_78' title='bbox 1156 1174 1274 1223; x_wconf 74' lang='lat' dir='ltr'>Jesu,</span> 
     </span>
     <span class='ocr_line' id='line_1_17' title="bbox 312 1234 1275 1287; baseline 0.003 -16"><span class='ocrx_word' id='word_1_79' title='bbox 312 1245 404 1273; x_wconf 88' lang='lat' dir='ltr'>cum</span> <span class='ocrx_word' id='word_1_80' title='bbox 429 1234 588 1283; x_wconf 57' lang='lat' dir='ltr'>Res-{ulis</span> <span class='ocrx_word' id='word_1_81' title='bbox 612 1234 820 1273; x_wconf 87' lang='lat' dir='ltr'>Societatis</span> <span class='ocrx_word' id='word_1_82' title='bbox 849 1234 1066 1284; x_wconf 87' lang='lat' dir='ltr'>publicavit</span> <span class='ocrx_word' id='word_1_83' title='bbox 1094 1236 1275 1287; x_wconf 83' lang='lat' dir='ltr'>AEgidius</span> 
     </span>
     <span class='ocr_line' id='line_1_18' title="bbox 312 1295 930 1335; baseline 0.003 -2"><span class='ocrx_word' id='word_1_84' title='bbox 312 1295 361 1333; x_wconf 89' lang='lat' dir='ltr'>de</span> <span class='ocrx_word' id='word_1_85' title='bbox 382 1295 512 1335; x_wconf 87' lang='lat' dir='ltr'>Smidt</span> <span class='ocrx_word' id='word_1_86' title='bbox 533 1297 571 1335; x_wconf 90' lang='lat' dir='ltr'>S.</span> <span class='ocrx_word' id='word_1_87' title='bbox 594 1297 626 1334; x_wconf 88' lang='lat' dir='ltr'>J.</span> <span class='ocrx_word' id='word_1_88' title='bbox 652 1295 790 1335; x_wconf 80' lang='lat' dir='ltr'>Antw.</span> <span class='ocrx_word' id='word_1_89' title='bbox 815 1296 930 1335; x_wconf 76' lang='grc'>4647.</span> 
     </span>
    </p>

    <p class='ocr_par' dir='ltr' id='par_1_7' title="bbox 310 1358 1274 1591">
     <span class='ocr_line' id='line_1_19' title="bbox 364 1358 1271 1408; baseline 0.003 -12"><span class='ocrx_word' id='word_1_90' title='bbox 364 1358 596 1397; x_wconf 75' lang='lat' dir='ltr'>Archivium</span> <span class='ocrx_word' id='word_1_91' title='bbox 631 1358 857 1406; x_wconf 83' lang='lat' dir='ltr'>bullarum,</span> <span class='ocrx_word' id='word_1_92' title='bbox 888 1358 1166 1408; x_wconf 89' lang='lat' dir='ltr'>decretorum,</span> <span class='ocrx_word' id='word_1_93' title='bbox 1196 1365 1271 1399; x_wconf 87' lang='lat' dir='ltr'>etc.</span> 
     </span>
     <span class='ocr_line' id='line_1_20' title="bbox 311 1420 1274 1461; baseline 0.004 -4"><span class='ocrx_word' id='word_1_94' title='bbox 311 1420 476 1459; x_wconf 79' lang='lat' dir='ltr'>fratrum</span> <span class='ocrx_word' id='word_1_95' title='bbox 500 1425 541 1459; x_wconf 86' lang='lat' dir='ltr'>et</span> <span class='ocrx_word' id='word_1_96' title='bbox 561 1431 741 1460; x_wconf 91' lang='lat' dir='ltr'>sororum</span> <span class='ocrx_word' id='word_1_97' title='bbox 766 1421 871 1459; x_wconf 89' lang='lat' dir='ltr'>tertii</span> <span class='ocrx_word' id='word_1_98' title='bbox 895 1421 1056 1460; x_wconf 80' lang='lat' dir='ltr'>Ordinis</span> <span class='ocrx_word' id='word_1_99' title='bbox 1087 1424 1125 1461; x_wconf 83' lang='lat' dir='ltr'>S.</span> <span class='ocrx_word' id='word_1_100' title='bbox 1151 1423 1274 1461; x_wconf 90' lang='lat' dir='ltr'>Fran-</span> 
     </span>
     <span class='ocr_line' id='line_1_21' title="bbox 310 1482 1272 1534; baseline 0.004 -15"><span class='ocrx_word' id='word_1_101' title='bbox 310 1483 423 1530; x_wconf 84' lang='lat' dir='ltr'>cisci,</span> <span class='ocrx_word' id='word_1_102' title='bbox 450 1493 520 1532; x_wconf 86' lang='lat' dir='ltr'>per</span> <span class='ocrx_word' id='word_1_103' title='bbox 546 1482 810 1522; x_wconf 79' lang='lat' dir='ltr'>Franciscum</span> <span class='ocrx_word' id='word_1_104' title='bbox 833 1483 1084 1534; x_wconf 69' lang='grc' dir='ltr'><strong><em>Βονείοηιιηι,</em></strong></span> <span class='ocrx_word' id='word_1_105' title='bbox 1111 1486 1272 1523; x_wconf 89' lang='lat' dir='ltr'>Parmae</span> 
     </span>
     <span class='ocr_line' id='line_1_22' title="bbox 311 1545 494 1591; baseline 0 -8"><span class='ocrx_word' id='word_1_106' title='bbox 311 1545 432 1591; x_wconf 72' lang='lat'><strong>⁴658,</strong></span> <span class='ocrx_word' id='word_1_107' title='bbox 459 1545 494 1583; x_wconf 73' lang='lat' dir='ltr'>li.</span> 
     </span>
    </p>

    <p class='ocr_par' dir='ltr' id='par_1_8' title="bbox 311 1606 1273 1721">
     <span class='ocr_line' id='line_1_23' title="bbox 366 1606 1272 1659; baseline 0.002 -14"><span class='ocrx_word' id='word_1_108' title='bbox 366 1609 374 1632; x_wconf 81' lang='lat'>·‘</span> <span class='ocrx_word' id='word_1_109' title='bbox 391 1608 439 1646; x_wconf 71' lang='lat'>5³.</span> <span class='ocrx_word' id='word_1_110' title='bbox 457 1606 684 1646; x_wconf 73' lang='lat' dir='ltr'>Baliarium</span> <span class='ocrx_word' id='word_1_111' title='bbox 705 1607 1077 1647; x_wconf 79' lang='lat' dir='ltr'>Vallmnbrosanum</span> <span class='ocrx_word' id='word_1_112' title='bbox 1099 1611 1210 1659; x_wconf 85' lang='lat' dir='ltr'>(cur.</span> <span class='ocrx_word' id='word_1_113' title='bbox 1230 1611 1272 1648; x_wconf 91' lang='lat' dir='ltr'>P.</span> 
     </span>
     <span class='ocr_line' id='line_1_24' title="bbox 311 1667 1273 1721; baseline 0.004 -16"><span class='ocrx_word' id='word_1_114' title='bbox 311 1669 344 1705; x_wconf 89' lang='lat' dir='ltr'><em>F</em></span> <span class='ocrx_word' id='word_1_115' title='bbox 346 1667 515 1719; x_wconf 70' lang='lat' dir='ltr'>ulqentio</span> <span class='ocrx_word' id='word_1_116' title='bbox 531 1669 675 1719; x_wconf 72' lang='lat' dir='ltr'>Narcli)</span> <span class='ocrx_word' id='word_1_117' title='bbox 689 1669 914 1710; x_wconf 84' lang='lat' dir='ltr'>Florentiae</span> <span class='ocrx_word' id='word_1_118' title='bbox 930 1674 943 1710; x_wconf 86' lang='grc'>4</span> <span class='ocrx_word' id='word_1_119' title='bbox 956 1671 1044 1710; x_wconf 69' lang='grc'>729.</span> <span class='ocrx_word' id='word_1_120' title='bbox 1060 1673 1095 1710; x_wconf 90' lang='grc'>8.</span> <span class='ocrx_word' id='word_1_121' title='bbox 1113 1683 1151 1721; x_wconf 91' lang='lat' dir='ltr'>p.</span> <span class='ocrx_word' id='word_1_122' title='bbox 1172 1671 1273 1720; x_wconf 79' lang='grc'>407.)</span> 
     </span>
    </p>

    <p class='ocr_par' dir='ltr' id='par_1_9' title="bbox 306 1732 1277 2215">
     <span class='ocr_line' id='line_1_25' title="bbox 363 1732 1277 1772; baseline 0.002 -4"><span class='ocrx_word' id='word_1_123' title='bbox 363 1732 432 1769; x_wconf 88' lang='lat' dir='ltr'>His</span> <span class='ocrx_word' id='word_1_124' title='bbox 447 1732 632 1771; x_wconf 90' lang='lat' dir='ltr'>omnibus</span> <span class='ocrx_word' id='word_1_125' title='bbox 649 1734 864 1772; x_wconf 89' lang='lat' dir='ltr'>novissime</span> <span class='ocrx_word' id='word_1_126' title='bbox 880 1734 1049 1772; x_wconf 87' lang='lat' dir='ltr'>accessit</span> <span class='ocrx_word' id='word_1_127' title='bbox 1065 1732 1277 1771; x_wconf 77' lang='lat' dir='ltr'>JustiFon-</span> 
     </span>
     <span class='ocr_line' id='line_1_26' title="bbox 310 1793 1275 1846; baseline 0.002 -16"><span class='ocrx_word' id='word_1_128' title='bbox 310 1793 448 1842; x_wconf 84' lang='lat' dir='ltr'>tanini,</span> <span class='ocrx_word' id='word_1_129' title='bbox 464 1793 757 1846; x_wconf 85' lang='lat' dir='ltr'>Archiepiscopi</span> <span class='ocrx_word' id='word_1_130' title='bbox 779 1794 998 1845; x_wconf 68' lang='lat' dir='ltr'>Ancyrani3</span> <span class='ocrx_word' id='word_1_131' title='bbox 1020 1795 1154 1834; x_wconf 87' lang='lat' dir='ltr'>Codex</span> <span class='ocrx_word' id='word_1_132' title='bbox 1171 1794 1275 1833; x_wconf 90' lang='lat' dir='ltr'>Con-</span> 
     </span>
     <span class='ocr_line' id='line_1_27' title="bbox 310 1855 1274 1908; baseline 0.001 -16"><span class='ocrx_word' id='word_1_133' title='bbox 310 1857 563 1896; x_wconf 86' lang='lat' dir='ltr'>stitutionum</span> <span class='ocrx_word' id='word_1_134' title='bbox 580 1889 590 1906; x_wconf 73' lang='grc'>,</span> <span class='ocrx_word' id='word_1_135' title='bbox 617 1869 717 1908; x_wconf 83' lang='lat' dir='ltr'>quas</span> <span class='ocrx_word' id='word_1_136' title='bbox 743 1858 889 1896; x_wconf 91' lang='lat' dir='ltr'>summi</span> <span class='ocrx_word' id='word_1_137' title='bbox 911 1856 1122 1895; x_wconf 80' lang='lat' dir='ltr'>Pontifices</span> <span class='ocrx_word' id='word_1_138' title='bbox 1142 1855 1274 1894; x_wconf 87' lang='lat' dir='ltr'>edide-</span> 
     </span>
     <span class='ocr_line' id='line_1_28' title="bbox 310 1919 1272 1958; baseline 0.001 -3"><span class='ocrx_word' id='word_1_139' title='bbox 310 1923 404 1956; x_wconf 90' lang='lat' dir='ltr'>runt</span> <span class='ocrx_word' id='word_1_140' title='bbox 425 1920 461 1956; x_wconf 94' lang='lat' dir='ltr'>in</span> <span class='ocrx_word' id='word_1_141' title='bbox 485 1919 650 1957; x_wconf 78' lang='lat' dir='ltr'>solemni</span> <span class='ocrx_word' id='word_1_142' title='bbox 671 1919 969 1958; x_wconf 77' lang='lat' dir='ltr'>canonizatione</span> <span class='ocrx_word' id='word_1_143' title='bbox 991 1919 1227 1958; x_wconf 88' lang='lat' dir='ltr'>Sanctorum</span> <span class='ocrx_word' id='word_1_144' title='bbox 1251 1929 1272 1956; x_wconf 88' lang='lat' dir='ltr'>a</span> 
     </span>
     <span class='ocr_line' id='line_1_29' title="bbox 306 1978 1273 2021; baseline 0.002 -5"><span class='ocrx_word' id='word_1_145' title='bbox 306 1978 484 2019; x_wconf 79' lang='lat' dir='ltr'>Iohanne</span> <span class='ocrx_word' id='word_1_146' title='bbox 507 1982 581 2020; x_wconf 81' lang='lat' dir='ltr'>XV.</span> <span class='ocrx_word' id='word_1_147' title='bbox 606 1981 721 2020; x_wconf 71' lang='lat' dir='ltr'>Anno</span> <span class='ocrx_word' id='word_1_148' title='bbox 747 1982 898 2021; x_wconf 86' lang='lat' dir='ltr'>CHristi</span> <span class='ocrx_word' id='word_1_149' title='bbox 924 1982 1000 2019; x_wconf 85' lang='lat'>993</span> <span class='ocrx_word' id='word_1_150' title='bbox 1030 1980 1079 2019; x_wconf 89' lang='lat' dir='ltr'>ad</span> <span class='ocrx_word' id='word_1_151' title='bbox 1109 1979 1273 2019; x_wconf 82' lang='lat' dir='ltr'>Benedi-</span> 
     </span>
     <span class='ocr_line' id='line_1_30' title="bbox 311 2042 1273 2082; baseline 0.001 -4"><span class='ocrx_word' id='word_1_152' title='bbox 311 2045 415 2079; x_wconf 78' lang='lat' dir='ltr'>ctum</span> <span class='ocrx_word' id='word_1_153' title='bbox 439 2043 545 2081; x_wconf 80' lang='lat' dir='ltr'><em>XIII.</em></span> <span class='ocrx_word' id='word_1_154' title='bbox 570 2043 643 2081; x_wconf 78' lang='lat' dir='ltr'>An.</span> <span class='ocrx_word' id='word_1_155' title='bbox 670 2044 784 2082; x_wconf 74' lang='grc'>4729.</span> <span class='ocrx_word' id='word_1_156' title='bbox 816 2043 965 2081; x_wconf 80' lang='lat' dir='ltr'>Romae</span> <span class='ocrx_word' id='word_1_157' title='bbox 990 2042 1091 2081; x_wconf 87' lang='grc'>4730</span> <span class='ocrx_word' id='word_1_158' title='bbox 1118 2042 1180 2080; x_wconf 82' lang='lat' dir='ltr'>fol.</span> <span class='ocrx_word' id='word_1_159' title='bbox 1210 2043 1273 2080; x_wconf 82' lang='lat' dir='ltr'>Bi-</span> 
     </span>
     <span class='ocr_line' id='line_1_31' title="bbox 314 2102 1273 2154; baseline 0 -14"><span class='ocrx_word' id='word_1_160' title='bbox 314 2102 541 2154; x_wconf 86' lang='lat' dir='ltr'>bliotheque</span> <span class='ocrx_word' id='word_1_161' title='bbox 572 2105 740 2154; x_wconf 81' lang='lat' dir='ltr'>Italique</span> <span class='ocrx_word' id='word_1_162' title='bbox 777 2108 872 2142; x_wconf 90' lang='lat' dir='ltr'>tom.</span> <span class='ocrx_word' id='word_1_163' title='bbox 911 2105 948 2142; x_wconf 90' lang='lat' dir='ltr'><strong>X</strong></span> <span class='ocrx_word' id='word_1_164' title='bbox 985 2115 1023 2154; x_wconf 89' lang='lat' dir='ltr'>p.</span> <span class='ocrx_word' id='word_1_165' title='bbox 1059 2102 1148 2141; x_wconf 73' lang='lat'><strong>279.</strong></span> <span class='ocrx_word' id='word_1_166' title='bbox 1173 2102 1273 2141; x_wconf 85' lang='lat' dir='ltr'>Acta</span> 
     </span>
     <span class='ocr_line' id='line_1_32' title="bbox 313 2163 1082 2215; baseline 0.003 -15"><span class='ocrx_word' id='word_1_167' title='bbox 313 2163 511 2202; x_wconf 79' lang='lat' dir='ltr'>Eruditor.</span> <span class='ocrx_word' id='word_1_168' title='bbox 537 2170 630 2203; x_wconf 89' lang='lat' dir='ltr'>tom.</span> <span class='ocrx_word' id='word_1_169' title='bbox 652 2167 687 2203; x_wconf 85' lang='lat' dir='ltr'>X</span> <span class='ocrx_word' id='word_1_170' title='bbox 711 2165 907 2215; x_wconf 80' lang='lat' dir='ltr'>supplem.</span> <span class='ocrx_word' id='word_1_171' title='bbox 929 2177 966 2215; x_wconf 91' lang='lat' dir='ltr'>p.</span> <span class='ocrx_word' id='word_1_172' title='bbox 994 2165 1082 2203; x_wconf 77' lang='lat'><strong>385.</strong></span> 
     </span>
    </p>

    <p class='ocr_par' dir='ltr' id='par_1_10' title="bbox 312 2224 1277 2947">
     <span class='ocr_line' id='line_1_33' title="bbox 370 2224 1273 2275; baseline 0.001 -13"><span class='ocrx_word' id='word_1_173' title='bbox 370 2224 390 2245; x_wconf 76' lang='lat'>³⁸*</span> <span class='ocrx_word' id='word_1_174' title='bbox 407 2226 762 2265; x_wconf 86' lang='lat' dir='ltr'>OmisitFabricius</span> <span class='ocrx_word' id='word_1_175' title='bbox 784 2226 1056 2264; x_wconf 71' lang='lat' dir='ltr'>collectionem</span> <span class='ocrx_word' id='word_1_176' title='bbox 1073 2224 1273 2275; x_wconf 83' lang='lat' dir='ltr'>quandam</span> 
     </span>
     <span class='ocr_line' id='line_1_34' title="bbox 317 2286 1272 2338; baseline 0 -14"><span class='ocrx_word' id='word_1_177' title='bbox 317 2286 514 2325; x_wconf 83' lang='lat' dir='ltr'>bullarum</span> <span class='ocrx_word' id='word_1_178' title='bbox 546 2289 894 2338; x_wconf 77' lang='lat' dir='ltr'>extravagantium</span> <span class='ocrx_word' id='word_1_179' title='bbox 918 2287 1092 2325; x_wconf 81' lang='lat' dir='ltr'>additam</span> <span class='ocrx_word' id='word_1_180' title='bbox 1121 2287 1184 2325; x_wconf 87' lang='lat' dir='ltr'>lib.</span> <span class='ocrx_word' id='word_1_181' title='bbox 1210 2288 1272 2325; x_wconf 74' lang='lat' dir='ltr'>vl.</span> 
     </span>
     <span class='ocr_line' id='line_1_35' title="bbox 316 2348 1277 2388; baseline 0.002 -3"><span class='ocrx_word' id='word_1_182' title='bbox 316 2348 580 2387; x_wconf 79' lang='lat' dir='ltr'>Decretalium</span> <span class='ocrx_word' id='word_1_183' title='bbox 620 2351 655 2387; x_wconf 92' lang='lat' dir='ltr'>in</span> <span class='ocrx_word' id='word_1_184' title='bbox 695 2351 868 2388; x_wconf 86' lang='lat' dir='ltr'>vetustis</span> <span class='ocrx_word' id='word_1_185' title='bbox 905 2349 1144 2388; x_wconf 72' lang='lat' dir='ltr'>editionibus</span> <span class='ocrx_word' id='word_1_186' title='bbox 1179 2359 1277 2387; x_wconf 81' lang='lat' dir='ltr'>non-</span> 
     </span>
     <span class='ocr_line' id='line_1_36' title="bbox 315 2410 1274 2463; baseline 0.002 -16"><span class='ocrx_word' id='word_1_187' title='bbox 315 2410 450 2448; x_wconf 86' lang='lat' dir='ltr'>nullis:</span> <span class='ocrx_word' id='word_1_188' title='bbox 474 2412 647 2450; x_wconf 85' lang='lat' dir='ltr'>Debetur</span> <span class='ocrx_word' id='word_1_189' title='bbox 676 2411 772 2450; x_wconf 87' lang='lat' dir='ltr'>haec</span> <span class='ocrx_word' id='word_1_190' title='bbox 801 2411 1026 2463; x_wconf 78' lang='lat' dir='ltr'>diligentiae</span> <span class='ocrx_word' id='word_1_191' title='bbox 1046 2412 1274 2462; x_wconf 74' lang='lat' dir='ltr'>Hieronymi</span> 
     </span>
     <span class='ocr_line' id='line_1_37' title="bbox 317 2470 1273 2524; baseline 0.001 -16"><span class='ocrx_word' id='word_1_192' title='bbox 317 2470 435 2509; x_wconf 87' lang='lat' dir='ltr'>Clarii</span> <span class='ocrx_word' id='word_1_193' title='bbox 475 2474 645 2511; x_wconf 78' lang='lat' dir='ltr'>Brixiani</span> <span class='ocrx_word' id='word_1_194' title='bbox 678 2474 739 2512; x_wconf 91' lang='lat' dir='ltr'>lC.</span> <span class='ocrx_word' id='word_1_195' title='bbox 774 2474 1025 2524; x_wconf 83' lang='lat' dir='ltr'>protonotarii</span> <span class='ocrx_word' id='word_1_196' title='bbox 1064 2476 1105 2510; x_wconf 86' lang='lat' dir='ltr'>et</span> <span class='ocrx_word' id='word_1_197' title='bbox 1141 2474 1273 2510; x_wconf 83' lang='lat' dir='ltr'>comit.</span> 
     </span>
     <span class='ocr_line' id='line_1_38' title="bbox 314 2534 1272 2585; baseline 0.002 -15"><span class='ocrx_word' id='word_1_198' title='bbox 314 2534 539 2583; x_wconf 80' lang='lat' dir='ltr'>apostolici,</span> <span class='ocrx_word' id='word_1_199' title='bbox 564 2537 630 2585; x_wconf 91' lang='lat' dir='ltr'>qui</span> <span class='ocrx_word' id='word_1_200' title='bbox 655 2535 783 2574; x_wconf 90' lang='lat' dir='ltr'>bullas</span> <span class='ocrx_word' id='word_1_201' title='bbox 807 2535 1019 2574; x_wconf 86' lang='lat' dir='ltr'>nonnullas</span> <span class='ocrx_word' id='word_1_202' title='bbox 1037 2535 1272 2574; x_wconf 84' lang='lat' dir='ltr'>Pontificum</span> 
     </span>
     <span class='ocr_line' id='line_1_39' title="bbox 314 2595 1273 2647; baseline 0.003 -16"><span class='ocrx_word' id='word_1_203' title='bbox 314 2605 335 2631; x_wconf 89' lang='lat' dir='ltr'>a</span> <span class='ocrx_word' id='word_1_204' title='bbox 360 2595 554 2633; x_wconf 82' lang='lat' dir='ltr'>Bonifacio</span> <span class='ocrx_word' id='word_1_205' title='bbox 575 2597 660 2635; x_wconf 77' lang='lat' dir='ltr'>VllI</span> <span class='ocrx_word' id='word_1_206' title='bbox 683 2596 880 2647; x_wconf 78' lang='lat' dir='ltr'>usquead</span> <span class='ocrx_word' id='word_1_207' title='bbox 904 2597 1062 2636; x_wconf 78' lang='lat' dir='ltr'>sixtum</span> <span class='ocrx_word' id='word_1_208' title='bbox 1085 2597 1133 2635; x_wconf 81' lang='lat' dir='ltr'>lV</span> <span class='ocrx_word' id='word_1_209' title='bbox 1155 2597 1273 2635; x_wconf 89' lang='lat' dir='ltr'>simul</span> 
     </span>
     <span class='ocr_line' id='line_1_40' title="bbox 313 2658 1274 2709; baseline 0.002 -15"><span class='ocrx_word' id='word_1_210' title='bbox 313 2658 441 2695; x_wconf 77' lang='lat' dir='ltr'>iunxit</span> <span class='ocrx_word' id='word_1_211' title='bbox 461 2658 608 2709; x_wconf 84' lang='lat' dir='ltr'>deditq.</span> <span class='ocrx_word' id='word_1_212' title='bbox 631 2665 822 2709; x_wconf 79' lang='lat' dir='ltr'>tanquam</span> <span class='ocrx_word' id='word_1_213' title='bbox 844 2659 891 2698; x_wconf 89' lang='lat' dir='ltr'>ad</span> <span class='ocrx_word' id='word_1_214' title='bbox 913 2659 1186 2699; x_wconf 83' lang='lat' dir='ltr'>Clementinas</span> <span class='ocrx_word' id='word_1_215' title='bbox 1206 2658 1274 2697; x_wconf 88' lang='lat' dir='ltr'>ad-</span> 
     </span>
     <span class='ocr_line' id='line_1_41' title="bbox 312 2718 1275 2772; baseline 0.005 -19"><span class='ocrx_word' id='word_1_216' title='bbox 312 2718 499 2758; x_wconf 84' lang='lat' dir='ltr'>ditionem</span> <span class='ocrx_word' id='word_1_217' title='bbox 517 2750 524 2767; x_wconf 74' lang='lat'>,</span> <span class='ocrx_word' id='word_1_218' title='bbox 540 2723 757 2770; x_wconf 83' lang='lat' dir='ltr'>praemissa</span> <span class='ocrx_word' id='word_1_219' title='bbox 779 2732 851 2760; x_wconf 88' lang='lat' dir='ltr'>sua</span> <span class='ocrx_word' id='word_1_220' title='bbox 875 2721 922 2760; x_wconf 89' lang='lat' dir='ltr'>ad</span> <span class='ocrx_word' id='word_1_221' title='bbox 949 2723 1137 2760; x_wconf 87' lang='lat' dir='ltr'>lectorem</span> <span class='ocrx_word' id='word_1_222' title='bbox 1164 2732 1275 2772; x_wconf 87' lang='lat' dir='ltr'>prae-</span> 
     </span>
     <span class='ocr_line' id='line_1_42' title="bbox 316 2780 1274 2833; baseline 0.006 -18"><span class='ocrx_word' id='word_1_223' title='bbox 316 2780 468 2818; x_wconf 79' lang='lat' dir='ltr'>fatione.</span> <span class='ocrx_word' id='word_1_224' title='bbox 488 2784 672 2833; x_wconf 83' lang='lat' dir='ltr'>Suppetit</span> <span class='ocrx_word' id='word_1_225' title='bbox 692 2784 787 2822; x_wconf 84' lang='lat' dir='ltr'>hacc</span> <span class='ocrx_word' id='word_1_226' title='bbox 810 2784 905 2822; x_wconf 78' lang='lat' dir='ltr'>milii</span> <span class='ocrx_word' id='word_1_227' title='bbox 925 2784 1102 2822; x_wconf 83' lang='lat' dir='ltr'>collectio</span> <span class='ocrx_word' id='word_1_228' title='bbox 1123 2795 1172 2821; x_wconf 77' lang='lat' dir='ltr'>ex</span> <span class='ocrx_word' id='word_1_229' title='bbox 1193 2783 1274 2821; x_wconf 89' lang='lat' dir='ltr'>edi—</span> 
     </span>
     <span class='ocr_line' id='line_1_43' title="bbox 314 2842 1273 2885; baseline 0.007 -7"><span class='ocrx_word' id='word_1_230' title='bbox 314 2842 417 2879; x_wconf 83' lang='lat' dir='ltr'>tione</span> <span class='ocrx_word' id='word_1_231' title='bbox 442 2843 622 2883; x_wconf 81' lang='lat' dir='ltr'>Andreae</span> <span class='ocrx_word' id='word_1_232' title='bbox 647 2845 696 2883; x_wconf 86' lang='lat' dir='ltr'>do</span> <span class='ocrx_word' id='word_1_233' title='bbox 720 2847 951 2884; x_wconf 86' lang='lat' dir='ltr'>Torresanis</span> <span class='ocrx_word' id='word_1_234' title='bbox 980 2846 1028 2884; x_wconf 91' lang='lat' dir='ltr'>de</span> <span class='ocrx_word' id='word_1_235' title='bbox 1051 2845 1176 2885; x_wconf 82' lang='lat' dir='ltr'>Asula</span> <span class='ocrx_word' id='word_1_236' title='bbox 1198 2846 1273 2885; x_wconf 82' lang='lat' dir='ltr'>Vo-</span> 
     </span>
     <span class='ocr_line' id='line_1_44' title="bbox 313 2905 866 2947; baseline 0.013 -7"><span class='ocrx_word' id='word_1_237' title='bbox 313 2905 428 2941; x_wconf 84' lang='lat' dir='ltr'>netiis</span> <span class='ocrx_word' id='word_1_238' title='bbox 450 2905 638 2944; x_wconf 84' lang='lat' dir='ltr'>adornata</span> <span class='ocrx_word' id='word_1_239' title='bbox 663 2918 726 2946; x_wconf 88' lang='lat' dir='ltr'>an.</span> <span class='ocrx_word' id='word_1_240' title='bbox 751 2908 866 2947; x_wconf 71' lang='lat'><strong>1500.</strong></span> 
     </span>
    </p>

    <p class='ocr_par' dir='ltr' id='par_1_11' title="bbox 314 2959 1272 3382">
     <span class='ocr_line' id='line_1_45' title="bbox 363 2959 1270 3022; baseline 0.009 -22"><span class='ocrx_word' id='word_1_241' title='bbox 363 2964 558 3006; x_wconf 73' lang='lat' dir='ltr'>lohannes</span> <span class='ocrx_word' id='word_1_242' title='bbox 574 2969 907 3009; x_wconf 68' lang='lat' dir='ltr'>Bt&#39;lzCuAlzDUS</span> <span class='ocrx_word' id='word_1_243' title='bbox 921 3002 930 3018; x_wconf 85' lang='grc'>,</span> <span class='ocrx_word' id='word_1_244' title='bbox 953 2959 1270 3022; x_wconf 78' lang='lat' dir='ltr'>Argentincnsis‚</span> 
     </span>
     <span class='ocr_line' id='line_1_46' title="bbox 314 3026 1270 3082; baseline 0.008 -20"><span class='ocrx_word' id='word_1_245' title='bbox 314 3026 491 3075; x_wconf 83' lang='lat' dir='ltr'>Capellae</span> <span class='ocrx_word' id='word_1_246' title='bbox 523 3030 737 3069; x_wconf 81' lang='lat' dir='ltr'>Alexandri</span> <span class='ocrx_word' id='word_1_247' title='bbox 761 3031 824 3069; x_wconf 86' lang='lat' dir='ltr'>Vl.</span> <span class='ocrx_word' id='word_1_248' title='bbox 863 3034 988 3082; x_wconf 87' lang='lat' dir='ltr'>Papae</span> <span class='ocrx_word' id='word_1_249' title='bbox 1021 3033 1200 3071; x_wconf 87' lang='lat' dir='ltr'>Clericus</span> <span class='ocrx_word' id='word_1_250' title='bbox 1230 3036 1270 3070; x_wconf 88' lang='lat' dir='ltr'>et</span> 
     </span>
     <span class='ocr_line' id='line_1_47' title="bbox 314 3086 1271 3144; baseline 0.01 -22"><span class='ocrx_word' id='word_1_251' title='bbox 314 3086 621 3129; x_wconf 12' lang='lat' dir='ltr'>(clerirnoniaruin</span> <span class='ocrx_word' id='word_1_252' title='bbox 652 3094 862 3143; x_wconf 73' lang='lat' dir='ltr'>Magister,</span> <span class='ocrx_word' id='word_1_253' title='bbox 887 3099 1021 3144; x_wconf 82' lang='lat' dir='ltr'>postea</span> <span class='ocrx_word' id='word_1_254' title='bbox 1052 3095 1172 3132; x_wconf 91' lang='lat' dir='ltr'>etiam</span> <span class='ocrx_word' id='word_1_255' title='bbox 1196 3095 1271 3133; x_wconf 87' lang='lat' dir='ltr'>Ec-</span> 
     </span>
     <span class='ocr_line' id='line_1_48' title="bbox 314 3147 1272 3205; baseline 0.013 -23"><span class='ocrx_word' id='word_1_256' title='bbox 314 3147 453 3187; x_wconf 83' lang='lat' dir='ltr'>clesiae</span> <span class='ocrx_word' id='word_1_257' title='bbox 479 3152 671 3192; x_wconf 85' lang='lat' dir='ltr'>Hortanae</span> <span class='ocrx_word' id='word_1_258' title='bbox 694 3155 917 3205; x_wconf 78' lang='lat' dir='ltr'>praefectus</span> <span class='ocrx_word' id='word_1_259' title='bbox 946 3167 967 3194; x_wconf 88' lang='lat' dir='ltr'>a</span> <span class='ocrx_word' id='word_1_260' title='bbox 990 3156 1093 3194; x_wconf 90' lang='lat' dir='ltr'>Julio</span> <span class='ocrx_word' id='word_1_261' title='bbox 1111 3157 1157 3194; x_wconf 89' lang='grc' dir='ltr'>ΙΙ.</span> <span class='ocrx_word' id='word_1_262' title='bbox 1175 3158 1272 3195; x_wconf 85' lang='lat' dir='ltr'>scri-</span> 
     </span>
     <span class='ocr_line' id='line_1_49' title="bbox 315 3209 1272 3268; baseline 0.016 -26"><span class='ocrx_word' id='word_1_263' title='bbox 315 3209 391 3256; x_wconf 82' lang='lat' dir='ltr'>psit</span> <span class='ocrx_word' id='word_1_264' title='bbox 411 3210 591 3251; x_wconf 77' lang='lat' dir='ltr'>Dim-ium</span> <span class='ocrx_word' id='word_1_265' title='bbox 614 3216 662 3253; x_wconf 89' lang='lat' dir='ltr'>ab</span> <span class='ocrx_word' id='word_1_266' title='bbox 684 3216 798 3255; x_wconf 82' lang='lat' dir='ltr'>Anno</span> <span class='ocrx_word' id='word_1_267' title='bbox 816 3218 930 3256; x_wconf 72' lang='lat'><strong>4492.</strong></span> <span class='ocrx_word' id='word_1_268' title='bbox 952 3229 1029 3268; x_wconf 89' lang='lat' dir='ltr'>quo</span> <span class='ocrx_word' id='word_1_269' title='bbox 1045 3218 1272 3257; x_wconf 79' lang='lat' dir='ltr'>Alexander</span> 
     </span>
     <span class='ocr_line' id='line_1_50' title="bbox 315 3268 1270 3329; baseline 0.015 -24"><span class='ocrx_word' id='word_1_270' title='bbox 315 3268 363 3305; x_wconf 86' lang='lat' dir='ltr'>Vl</span> <span class='ocrx_word' id='word_1_271' title='bbox 384 3276 540 3309; x_wconf 82' lang='lat' dir='ltr'>creatus</span> <span class='ocrx_word' id='word_1_272' title='bbox 556 3281 616 3312; x_wconf 85' lang='lat' dir='ltr'>est</span> <span class='ocrx_word' id='word_1_273' title='bbox 638 3278 737 3327; x_wconf 84' lang='lat' dir='ltr'>Papa</span> <span class='ocrx_word' id='word_1_274' title='bbox 754 3309 761 3327; x_wconf 82' lang='lat'>‚</span> <span class='ocrx_word' id='word_1_275' title='bbox 778 3290 906 3329; x_wconf 89' lang='lat' dir='ltr'>usque</span> <span class='ocrx_word' id='word_1_276' title='bbox 922 3279 971 3318; x_wconf 88' lang='lat' dir='ltr'>ad</span> <span class='ocrx_word' id='word_1_277' title='bbox 988 3279 1150 3318; x_wconf 83' lang='lat' dir='ltr'>Annum</span> <span class='ocrx_word' id='word_1_278' title='bbox 1167 3281 1270 3320; x_wconf 74' lang='lat'>4505</span> 
     </span>
     <span class='ocr_line' id='line_1_51' title="bbox 315 3330 1272 3382; baseline 0.016 -16"><span class='ocrx_word' id='word_1_279' title='bbox 315 3330 399 3369; x_wconf 71' lang='lat' dir='ltr'>sive</span> <span class='ocrx_word' id='word_1_280' title='bbox 417 3331 506 3371; x_wconf 85' lang='lat' dir='ltr'>Julii</span> <span class='ocrx_word' id='word_1_281' title='bbox 523 3338 683 3375; x_wconf 79' lang='lat' dir='ltr'>secundi</span> <span class='ocrx_word' id='word_1_282' title='bbox 702 3340 821 3380; x_wconf 89' lang='lat' dir='ltr'>initia.</span> <span class='ocrx_word' id='word_1_283' title='bbox 836 3342 892 3380; x_wconf 80' lang='lat' dir='ltr'>Ex</span> <span class='ocrx_word' id='word_1_284' title='bbox 910 3341 982 3381; x_wconf 84' lang='lat' dir='ltr'>hoc</span> <span class='ocrx_word' id='word_1_285' title='bbox 996 3341 1118 3381; x_wconf 89' lang='lat' dir='ltr'>diario</span> <span class='ocrx_word' id='word_1_286' title='bbox 1134 3353 1272 3382; x_wconf 77' lang='lat' dir='ltr'>excer-</span> 
     </span>
    </p>
   </div>
   <div class='ocr_carea' id='block_1_3' title="bbox 1340 302 2326 3017">
    <p class='ocr_par' dir='ltr' id='par_1_12' title="bbox 1340 302 2326 3017">
     <span class='ocr_line' id='line_1_52' title="bbox 1360 302 2326 356; baseline 0.006 -16"><span class='ocrx_word' id='word_1_287' title='bbox 1360 306 1427 353; x_wconf 85' lang='lat' dir='ltr'>pta</span> <span class='ocrx_word' id='word_1_288' title='bbox 1446 333 1455 353; x_wconf 82' lang='lat'>‚</span> <span class='ocrx_word' id='word_1_289' title='bbox 1477 303 1702 353; x_wconf 79' lang='lat' dir='ltr'>(integrum</span> <span class='ocrx_word' id='word_1_290' title='bbox 1719 302 1825 341; x_wconf 88' lang='lat' dir='ltr'>enim</span> <span class='ocrx_word' id='word_1_291' title='bbox 1843 306 1939 342; x_wconf 90' lang='lat' dir='ltr'>tunc</span> <span class='ocrx_word' id='word_1_292' title='bbox 1955 307 2073 355; x_wconf 84' lang='lat' dir='ltr'>negat</span> <span class='ocrx_word' id='word_1_293' title='bbox 2091 315 2134 344; x_wconf 89' lang='lat' dir='ltr'>sc</span> <span class='ocrx_word' id='word_1_294' title='bbox 2149 306 2326 356; x_wconf 88' lang='lat' dir='ltr'>potuisse</span> 
     </span>
     <span class='ocr_line' id='line_1_53' title="bbox 1358 365 2325 416; baseline 0.005 -14"><span class='ocrx_word' id='word_1_295' title='bbox 1358 366 1548 415; x_wconf 87' lang='lat' dir='ltr'>consequi</span> <span class='ocrx_word' id='word_1_296' title='bbox 1594 365 1765 404; x_wconf 87' lang='lat' dir='ltr'>illustris</span> <span class='ocrx_word' id='word_1_297' title='bbox 1811 366 2054 416; x_wconf 84' lang='lat' dir='ltr'>Leibnitius)</span> <span class='ocrx_word' id='word_1_298' title='bbox 2094 368 2325 408; x_wconf 83' lang='lat' dir='ltr'>Hanoverae</span> 
     </span>
     <span class='ocr_line' id='line_1_54' title="bbox 1358 427 2326 482; baseline 0.003 -16"><span class='ocrx_word' id='word_1_299' title='bbox 1358 427 1484 475; x_wconf 84' lang='grc'>4696,</span> <span class='ocrx_word' id='word_1_300' title='bbox 1504 427 1525 465; x_wconf 77' lang='grc'>4</span> <span class='ocrx_word' id='word_1_301' title='bbox 1543 427 1760 478; x_wconf 87' lang='lat' dir='ltr'>publicavit</span> <span class='ocrx_word' id='word_1_302' title='bbox 1778 456 1786 476; x_wconf 83' lang='lat'><strong>‚</strong></span> <span class='ocrx_word' id='word_1_303' title='bbox 1804 428 2105 479; x_wconf 88' lang='lat' dir='ltr'>inscripsitque:</span> <span class='ocrx_word' id='word_1_304' title='bbox 2122 429 2326 482; x_wconf 85' lang='lat' dir='ltr'>Specimen</span> 
     </span>
     <span class='ocr_line' id='line_1_55' title="bbox 1355 488 2325 537; baseline 0.002 -9"><span class='ocrx_word' id='word_1_305' title='bbox 1355 488 1558 528; x_wconf 78' lang='lat' dir='ltr'>Historiae</span> <span class='ocrx_word' id='word_1_306' title='bbox 1585 499 1786 537; x_wconf 86' lang='lat' dir='ltr'>arcanae,</span> <span class='ocrx_word' id='word_1_307' title='bbox 1810 489 1895 529; x_wconf 84' lang='lat' dir='ltr'>sive</span> <span class='ocrx_word' id='word_1_308' title='bbox 1928 490 2142 530; x_wconf 80' lang='lat' dir='ltr'>anecdotae</span> <span class='ocrx_word' id='word_1_309' title='bbox 2165 490 2212 530; x_wconf 79' lang='lat' dir='ltr'>cle</span> <span class='ocrx_word' id='word_1_310' title='bbox 2239 491 2325 531; x_wconf 84' lang='lat' dir='ltr'>vita</span> 
     </span>
     <span class='ocr_line' id='line_1_56' title="bbox 1353 550 2322 604; baseline 0.004 -16"><span class='ocrx_word' id='word_1_311' title='bbox 1353 550 1585 590; x_wconf 76' lang='lat' dir='ltr'>Alexandri</span> <span class='ocrx_word' id='word_1_312' title='bbox 1610 551 1669 589; x_wconf 88' lang='lat' dir='ltr'>VI.</span> <span class='ocrx_word' id='word_1_313' title='bbox 1697 552 1841 603; x_wconf 83' lang='lat' dir='ltr'>Papae.</span> <span class='ocrx_word' id='word_1_314' title='bbox 1876 552 2083 602; x_wconf 82' lang='lat' dir='ltr'>Integrum</span> <span class='ocrx_word' id='word_1_315' title='bbox 2107 557 2244 604; x_wconf 87' lang='lat' dir='ltr'>postea</span> <span class='ocrx_word' id='word_1_316' title='bbox 2269 554 2322 592; x_wconf 92' lang='lat' dir='ltr'>illi</span> 
     </span>
     <span class='ocr_line' id='line_1_57' title="bbox 1354 613 2325 667; baseline 0.005 -16"><span class='ocrx_word' id='word_1_317' title='bbox 1354 613 1497 652; x_wconf 88' lang='lat' dir='ltr'>obtulit</span> <span class='ocrx_word' id='word_1_318' title='bbox 1518 615 1581 651; x_wconf 87' lang='lat' dir='ltr'>vir</span> <span class='ocrx_word' id='word_1_319' title='bbox 1613 613 1912 653; x_wconf 87' lang='lat' dir='ltr'>eruditissimus</span> <span class='ocrx_word' id='word_1_320' title='bbox 1947 615 2170 654; x_wconf 86' lang='lat' dir='ltr'>Maturinus</span> <span class='ocrx_word' id='word_1_321' title='bbox 2197 616 2325 667; x_wconf 84' lang='lat' dir='ltr'>Veys-</span> 
     </span>
     <span class='ocr_line' id='line_1_58' title="bbox 1353 673 2316 724; baseline 0.001 -10"><span class='ocrx_word' id='word_1_322' title='bbox 1353 677 1482 715; x_wconf 89' lang='lat' dir='ltr'>serius</span> <span class='ocrx_word' id='word_1_323' title='bbox 1521 676 1557 714; x_wconf 84' lang='lat' dir='ltr'>la</span> <span class='ocrx_word' id='word_1_324' title='bbox 1593 676 1743 724; x_wconf 87' lang='lat' dir='ltr'>Crose,</span> <span class='ocrx_word' id='word_1_325' title='bbox 1773 673 1891 724; x_wconf 87' lang='lat' dir='ltr'>cujus</span> <span class='ocrx_word' id='word_1_326' title='bbox 1926 674 2140 714; x_wconf 86' lang='lat' dir='ltr'>editionem</span> <span class='ocrx_word' id='word_1_327' title='bbox 2171 675 2316 715; x_wconf 89' lang='lat' dir='ltr'>dehinc</span> 
     </span>
     <span class='ocr_line' id='line_1_59' title="bbox 1352 736 2322 789; baseline 0.001 -13"><span class='ocrx_word' id='word_1_328' title='bbox 1352 737 1588 776; x_wconf 88' lang='lat' dir='ltr'>medltatum</span> <span class='ocrx_word' id='word_1_329' title='bbox 1614 748 1657 775; x_wconf 92' lang='lat' dir='ltr'>se</span> <span class='ocrx_word' id='word_1_330' title='bbox 1673 741 1846 776; x_wconf 87' lang='lat' dir='ltr'>testatur</span> <span class='ocrx_word' id='word_1_331' title='bbox 1869 736 2026 775; x_wconf 91' lang='lat' dir='ltr'>duobus</span> <span class='ocrx_word' id='word_1_332' title='bbox 2050 737 2147 775; x_wconf 91' lang='lat' dir='ltr'>locis</span> <span class='ocrx_word' id='word_1_333' title='bbox 2163 738 2322 789; x_wconf 87' lang='lat' dir='ltr'>Episto-</span> 
     </span>
     <span class='ocr_line' id='line_1_60' title="bbox 1352 797 2316 851; baseline 0 -13"><span class='ocrx_word' id='word_1_334' title='bbox 1352 800 1479 838; x_wconf 85' lang='lat' dir='ltr'>larum</span> <span class='ocrx_word' id='word_1_335' title='bbox 1504 799 1553 838; x_wconf 92' lang='lat' dir='ltr'>ad</span> <span class='ocrx_word' id='word_1_336' title='bbox 1584 798 1790 838; x_wconf 89' lang='lat' dir='ltr'>laudatum</span> <span class='ocrx_word' id='word_1_337' title='bbox 1813 797 1999 836; x_wconf 88' lang='lat' dir='ltr'>Crosium</span> <span class='ocrx_word' id='word_1_338' title='bbox 2023 797 2207 838; x_wconf 89' lang='lat' dir='ltr'>datarum</span> <span class='ocrx_word' id='word_1_339' title='bbox 2228 810 2316 851; x_wconf 79' lang='lat' dir='ltr'>pag.</span> 
     </span>
     <span class='ocr_line' id='line_1_61' title="bbox 1351 860 2315 911; baseline -0.001 -10"><span class='ocrx_word' id='word_1_340' title='bbox 1351 862 1427 901; x_wconf 90' lang='grc'>373</span> <span class='ocrx_word' id='word_1_341' title='bbox 1442 866 1482 900; x_wconf 90' lang='lat' dir='ltr'>et</span> <span class='ocrx_word' id='word_1_342' title='bbox 1498 862 1587 900; x_wconf 86' lang='lat'><strong>393.</strong></span> <span class='ocrx_word' id='word_1_343' title='bbox 1609 862 1646 898; x_wconf 92' lang='lat' dir='ltr'>in</span> <span class='ocrx_word' id='word_1_344' title='bbox 1671 871 1842 911; x_wconf 87' lang='lat' dir='ltr'>quarum</span> <span class='ocrx_word' id='word_1_345' title='bbox 1866 860 1998 910; x_wconf 87' lang='lat' dir='ltr'>priore</span> <span class='ocrx_word' id='word_1_346' title='bbox 2017 860 2072 899; x_wconf 87' lang='lat' dir='ltr'>ait</span> <span class='ocrx_word' id='word_1_347' title='bbox 2091 871 2135 900; x_wconf 88' lang='lat' dir='ltr'>se</span> <span class='ocrx_word' id='word_1_348' title='bbox 2155 861 2260 901; x_wconf 86' lang='lat' dir='ltr'>velle</span> <span class='ocrx_word' id='word_1_349' title='bbox 2276 862 2315 900; x_wconf 90' lang='lat' dir='ltr'>in</span> 
     </span>
     <span class='ocr_line' id='line_1_62' title="bbox 1351 921 2319 974; baseline 0 -12"><span class='ocrx_word' id='word_1_350' title='bbox 1351 924 1478 963; x_wconf 89' lang='lat' dir='ltr'>lucem</span> <span class='ocrx_word' id='word_1_351' title='bbox 1506 923 1600 962; x_wconf 87' lang='lat' dir='ltr'>dare</span> <span class='ocrx_word' id='word_1_352' title='bbox 1640 921 1866 974; x_wconf 79' lang='lat' dir='ltr'>Scriptores</span> <span class='ocrx_word' id='word_1_353' title='bbox 1897 921 2127 971; x_wconf 67' lang='lat' dir='ltr'>restitutos,</span> <span class='ocrx_word' id='word_1_354' title='bbox 2153 922 2226 962; x_wconf 88' lang='lat' dir='ltr'>hoc</span> <span class='ocrx_word' id='word_1_355' title='bbox 2255 927 2319 963; x_wconf 89' lang='lat' dir='ltr'>est</span> 
     </span>
     <span class='ocr_line' id='line_1_63' title="bbox 1349 983 2316 1036; baseline 0 -12"><span class='ocrx_word' id='word_1_356' title='bbox 1349 986 1542 1024; x_wconf 72' lang='lat' dir='ltr'>Volumen</span> <span class='ocrx_word' id='word_1_357' title='bbox 1563 984 1646 1035; x_wconf 90' lang='lat' dir='ltr'>jam</span> <span class='ocrx_word' id='word_1_358' title='bbox 1671 984 1868 1023; x_wconf 88' lang='lat' dir='ltr'>editorum</span> <span class='ocrx_word' id='word_1_359' title='bbox 1890 1014 1897 1034; x_wconf 87' lang='lat'>‚</span> <span class='ocrx_word' id='word_1_360' title='bbox 1923 983 1995 1022; x_wconf 89' lang='lat' dir='ltr'>sed</span> <span class='ocrx_word' id='word_1_361' title='bbox 2018 984 2134 1036; x_wconf 84' lang='lat' dir='ltr'>longe</span> <span class='ocrx_word' id='word_1_362' title='bbox 2163 985 2316 1024; x_wconf 87' lang='lat' dir='ltr'>meliori</span> 
     </span>
     <span class='ocr_line' id='line_1_64' title="bbox 1351 1045 2318 1096; baseline 0.001 -10"><span class='ocrx_word' id='word_1_363' title='bbox 1351 1048 1447 1086; x_wconf 83' lang='lat' dir='ltr'>facie</span> <span class='ocrx_word' id='word_1_364' title='bbox 1462 1047 1676 1087; x_wconf 89' lang='lat' dir='ltr'>lectoribus</span> <span class='ocrx_word' id='word_1_365' title='bbox 1688 1045 1992 1086; x_wconf 83' lang='lat' dir='ltr'>offerendorum.</span> <span class='ocrx_word' id='word_1_366' title='bbox 2007 1047 2052 1085; x_wconf 92' lang='lat' dir='ltr'>In</span> <span class='ocrx_word' id='word_1_367' title='bbox 2067 1047 2208 1096; x_wconf 86' lang='lat' dir='ltr'>altero,</span> <span class='ocrx_word' id='word_1_368' title='bbox 2223 1058 2318 1087; x_wconf 92' lang='lat' dir='ltr'>cum</span> 
     </span>
     <span class='ocr_line' id='line_1_65' title="bbox 1353 1107 2319 1163; baseline 0 -15"><span class='ocrx_word' id='word_1_369' title='bbox 1353 1110 1555 1149; x_wconf 88' lang='lat' dir='ltr'>laudasset</span> <span class='ocrx_word' id='word_1_370' title='bbox 1578 1110 1702 1149; x_wconf 89' lang='lat' dir='ltr'>Crosii</span> <span class='ocrx_word' id='word_1_371' title='bbox 1738 1110 1997 1155; x_wconf 87' lang='lat' dir='ltr'>institutum,</span> <span class='ocrx_word' id='word_1_372' title='bbox 2022 1109 2107 1163; x_wconf 34' lang='lat' dir='ltr'>qui.</span> <span class='ocrx_word' id='word_1_373' title='bbox 2126 1107 2319 1148; x_wconf 74' lang='lat' dir='ltr'>Iohannis</span> 
     </span>
     <span class='ocr_line' id='line_1_66' title="bbox 1351 1167 2318 1223; baseline 0 -12"><span class='ocrx_word' id='word_1_374' title='bbox 1351 1172 1397 1211; x_wconf 90' lang='lat' dir='ltr'>de</span> <span class='ocrx_word' id='word_1_375' title='bbox 1412 1172 1567 1212; x_wconf 78' lang='lat' dir='ltr'>Vesalia</span> <span class='ocrx_word' id='word_1_376' title='bbox 1583 1172 1777 1223; x_wconf 91' lang='lat' dir='ltr'>scriptum</span> <span class='ocrx_word' id='word_1_377' title='bbox 1792 1175 1930 1210; x_wconf 88' lang='lat' dir='ltr'>contra</span> <span class='ocrx_word' id='word_1_378' title='bbox 1946 1167 2214 1223; x_wconf 81' lang='lat' dir='ltr'>indulgentias</span> <span class='ocrx_word' id='word_1_379' title='bbox 2229 1172 2318 1211; x_wconf 88' lang='lat' dir='ltr'>vul-</span> 
     </span>
     <span class='ocr_line' id='line_1_67' title="bbox 1350 1232 2315 1285; baseline 0 -12"><span class='ocrx_word' id='word_1_380' title='bbox 1350 1246 1441 1285; x_wconf 80' lang='lat' dir='ltr'>gare</span> <span class='ocrx_word' id='word_1_381' title='bbox 1478 1235 1629 1284; x_wconf 73' lang='lat' dir='ltr'>voluit,</span> <span class='ocrx_word' id='word_1_382' title='bbox 1654 1232 1863 1285; x_wconf 84' lang='lat' dir='ltr'>subjungit</span> <span class='ocrx_word' id='word_1_383' title='bbox 1894 1233 1968 1272; x_wconf 88' lang='lat' dir='ltr'>sibi</span> <span class='ocrx_word' id='word_1_384' title='bbox 1992 1234 2032 1271; x_wconf 93' lang='lat' dir='ltr'>in</span> <span class='ocrx_word' id='word_1_385' title='bbox 2068 1235 2201 1273; x_wconf 88' lang='lat' dir='ltr'>animo</span> <span class='ocrx_word' id='word_1_386' title='bbox 2225 1245 2315 1273; x_wconf 89' lang='lat' dir='ltr'>esse</span> 
     </span>
     <span class='ocr_line' id='line_1_68' title="bbox 1349 1294 2317 1348; baseline -0.002 -13"><span class='ocrx_word' id='word_1_387' title='bbox 1349 1296 1467 1336; x_wconf 89' lang='lat' dir='ltr'>cdere</span> <span class='ocrx_word' id='word_1_388' title='bbox 1495 1295 1676 1336; x_wconf 86' lang='lat' dir='ltr'>Volumen</span> <span class='ocrx_word' id='word_1_389' title='bbox 1699 1307 1840 1335; x_wconf 87' lang='lat' dir='ltr'>rerum</span> <span class='ocrx_word' id='word_1_390' title='bbox 1862 1294 2126 1344; x_wconf 79' lang='lat' dir='ltr'>Italicarum,</span> <span class='ocrx_word' id='word_1_391' title='bbox 2147 1294 2317 1348; x_wconf 79' lang='lat' dir='ltr'>scripto-</span> 
     </span>
     <span class='ocr_line' id='line_1_69' title="bbox 1347 1356 2315 1409; baseline -0.002 -12"><span class='ocrx_word' id='word_1_392' title='bbox 1347 1371 1440 1398; x_wconf 76' lang='lat' dir='ltr'>ram</span> <span class='ocrx_word' id='word_1_393' title='bbox 1465 1358 1606 1397; x_wconf 86' lang='lat' dir='ltr'>bonam</span> <span class='ocrx_word' id='word_1_394' title='bbox 1624 1360 1784 1409; x_wconf 77' lang='lat' dir='ltr'>partem</span> <span class='ocrx_word' id='word_1_395' title='bbox 1807 1356 2046 1396; x_wconf 75' lang='lat' dir='ltr'>ineditorum</span> <span class='ocrx_word' id='word_1_396' title='bbox 2068 1360 2142 1396; x_wconf 61' lang='lat' dir='ltr'>avit</span> <span class='ocrx_word' id='word_1_397' title='bbox 2163 1356 2315 1409; x_wconf 82' lang='lat' dir='ltr'>auctio-</span> 
     </span>
     <span class='ocr_line' id='line_1_70' title="bbox 1347 1420 2315 1473; baseline -0.002 -13"><span class='ocrx_word' id='word_1_398' title='bbox 1347 1434 1461 1470; x_wconf 78' lang='lat' dir='ltr'>rum‚</span> <span class='ocrx_word' id='word_1_399' title='bbox 1478 1421 1590 1473; x_wconf 79' lang='lat' dir='ltr'>eique</span> <span class='ocrx_word' id='word_1_400' title='bbox 1607 1420 1785 1459; x_wconf 84' lang='lat' dir='ltr'>inserere</span> <span class='ocrx_word' id='word_1_401' title='bbox 1806 1421 2005 1469; x_wconf 75' lang='lat' dir='ltr'>integrum</span> <span class='ocrx_word' id='word_1_402' title='bbox 2022 1420 2200 1459; x_wconf 88' lang='lat' dir='ltr'>Diarium</span> <span class='ocrx_word' id='word_1_403' title='bbox 2216 1420 2315 1458; x_wconf 87' lang='lat' dir='ltr'>Bur-</span> 
     </span>
     <span class='ocr_line' id='line_1_71' title="bbox 1347 1480 2315 1532; baseline -0.005 -10"><span class='ocrx_word' id='word_1_404' title='bbox 1347 1483 1502 1532; x_wconf 83' lang='lat' dir='ltr'>cbardi,</span> <span class='ocrx_word' id='word_1_405' title='bbox 1528 1486 1610 1521; x_wconf 82' lang='lat' dir='ltr'>tum</span> <span class='ocrx_word' id='word_1_406' title='bbox 1632 1480 1864 1521; x_wconf 73' lang='lat' dir='ltr'>Aleaeanclri</span> <span class='ocrx_word' id='word_1_407' title='bbox 1887 1481 1942 1520; x_wconf 93' lang='lat' dir='ltr'>VI</span> <span class='ocrx_word' id='word_1_408' title='bbox 1969 1484 2135 1519; x_wconf 80' lang='lat' dir='ltr'>auctum</span> <span class='ocrx_word' id='word_1_409' title='bbox 2159 1483 2198 1520; x_wconf 83' lang='lat' dir='ltr'>et</span> <span class='ocrx_word' id='word_1_410' title='bbox 2227 1491 2315 1519; x_wconf 87' lang='lat' dir='ltr'>cor-</span> 
     </span>
     <span class='ocr_line' id='line_1_72' title="bbox 1346 1541 2313 1593; baseline -0.003 -9"><span class='ocrx_word' id='word_1_411' title='bbox 1346 1550 1498 1585; x_wconf 76' lang='lat' dir='ltr'>rectum</span> <span class='ocrx_word' id='word_1_412' title='bbox 1521 1557 1576 1584; x_wconf 76' lang='lat' dir='ltr'>eac</span> <span class='ocrx_word' id='word_1_413' title='bbox 1615 1544 1808 1584; x_wconf 86' lang='lat' dir='ltr'>Crosiano</span> <span class='ocrx_word' id='word_1_414' title='bbox 1842 1542 2008 1593; x_wconf 79' lang='lat' dir='ltr'>Codice,</span> <span class='ocrx_word' id='word_1_415' title='bbox 2031 1546 2115 1580; x_wconf 76' lang='lat' dir='ltr'>tum</span> <span class='ocrx_word' id='word_1_416' title='bbox 2133 1541 2235 1581; x_wconf 82' lang='lat' dir='ltr'>Julii</span> <span class='ocrx_word' id='word_1_417' title='bbox 2255 1542 2313 1581; x_wconf 91' lang='grc' dir='ltr'>ΙΙ.·</span> 
     </span>
     <span class='ocr_line' id='line_1_73' title="bbox 1350 1603 2317 1660; baseline -0.003 -13"><span class='ocrx_word' id='word_1_418' title='bbox 1350 1609 1516 1660; x_wconf 77' lang='lat' dir='ltr'>itemque</span> <span class='ocrx_word' id='word_1_419' title='bbox 1539 1606 1717 1646; x_wconf 75' lang='lat' dir='ltr'>diarium</span> <span class='ocrx_word' id='word_1_420' title='bbox 1736 1605 1886 1645; x_wconf 89' lang='lat' dir='ltr'>Paridis</span> <span class='ocrx_word' id='word_1_421' title='bbox 1906 1605 1956 1644; x_wconf 89' lang='lat' dir='ltr'>de</span> <span class='ocrx_word' id='word_1_422' title='bbox 1978 1605 2157 1655; x_wconf 80' lang='lat' dir='ltr'>Grassis,</span> <span class='ocrx_word' id='word_1_423' title='bbox 2177 1607 2217 1642; x_wconf 80' lang='lat' dir='ltr'>et</span> <span class='ocrx_word' id='word_1_424' title='bbox 2236 1603 2317 1644; x_wconf 84' lang='lat' dir='ltr'>dis-</span> 
     </span>
     <span class='ocr_line' id='line_1_74' title="bbox 1348 1665 2312 1715; baseline -0.005 -6"><span class='ocrx_word' id='word_1_425' title='bbox 1348 1669 1601 1709; x_wconf 78' lang='lat' dir='ltr'>sertationem</span> <span class='ocrx_word' id='word_1_426' title='bbox 1621 1667 1907 1709; x_wconf 90' lang='lat' dir='ltr'>Commendoni</span> <span class='ocrx_word' id='word_1_427' title='bbox 1931 1666 1978 1706; x_wconf 85' lang='lat' dir='ltr'>de</span> <span class='ocrx_word' id='word_1_428' title='bbox 1996 1665 2094 1705; x_wconf 81' lang='lat' dir='ltr'>aula</span> <span class='ocrx_word' id='word_1_429' title='bbox 2116 1668 2312 1715; x_wconf 79' lang='lat' dir='ltr'>Romana,</span> 
     </span>
     <span class='ocr_line' id='line_1_75' title="bbox 1349 1727 2315 1781; baseline -0.004 -11"><span class='ocrx_word' id='word_1_430' title='bbox 1349 1736 1386 1771; x_wconf 81' lang='lat' dir='ltr'>et</span> <span class='ocrx_word' id='word_1_431' title='bbox 1412 1732 1517 1771; x_wconf 82' lang='lat' dir='ltr'>Vitas</span> <span class='ocrx_word' id='word_1_432' title='bbox 1541 1730 1773 1781; x_wconf 81' lang='lat' dir='ltr'>Pontificum</span> <span class='ocrx_word' id='word_1_433' title='bbox 1805 1729 1967 1780; x_wconf 80' lang='lat' dir='ltr'>Augcrii</span> <span class='ocrx_word' id='word_1_434' title='bbox 1987 1728 2036 1767; x_wconf 90' lang='lat' dir='ltr'>de</span> <span class='ocrx_word' id='word_1_435' title='bbox 2059 1729 2224 1767; x_wconf 89' lang='lat' dir='ltr'>Biterris</span> <span class='ocrx_word' id='word_1_436' title='bbox 2248 1727 2315 1777; x_wconf 83' lang='lat' dir='ltr'>(de</span> 
     </span>
     <span class='ocr_line' id='line_1_76' title="bbox 1348 1788 2318 1844; baseline -0.005 -12"><span class='ocrx_word' id='word_1_437' title='bbox 1348 1805 1426 1844; x_wconf 83' lang='lat' dir='ltr'>quo</span> <span class='ocrx_word' id='word_1_438' title='bbox 1448 1803 1568 1843; x_wconf 89' lang='lat' dir='ltr'>supra</span> <span class='ocrx_word' id='word_1_439' title='bbox 1587 1803 1662 1843; x_wconf 85' lang='lat' dir='ltr'>pag</span> <span class='ocrx_word' id='word_1_440' title='bbox 1685 1792 1773 1841; x_wconf 85' lang='lat'><strong>76.)</strong></span> <span class='ocrx_word' id='word_1_441' title='bbox 1790 1790 1977 1830; x_wconf 78' lang='lat' dir='ltr'>laudatas</span> <span class='ocrx_word' id='word_1_442' title='bbox 1999 1802 2026 1828; x_wconf 91' lang='lat' dir='ltr'>a</span> <span class='ocrx_word' id='word_1_443' title='bbox 2048 1788 2217 1828; x_wconf 83' lang='lat' dir='ltr'>Baluzio</span> <span class='ocrx_word' id='word_1_444' title='bbox 2240 1800 2318 1827; x_wconf 83' lang='lat' dir='ltr'>non</span> 
     </span>
     <span class='ocr_line' id='line_1_77' title="bbox 1348 1849 2318 1904; baseline -0.006 -10"><span class='ocrx_word' id='word_1_445' title='bbox 1348 1867 1424 1894; x_wconf 83' lang='lat' dir='ltr'>uno</span> <span class='ocrx_word' id='word_1_446' title='bbox 1458 1853 1499 1893; x_wconf 83' lang='lat' dir='ltr'>in</span> <span class='ocrx_word' id='word_1_447' title='bbox 1518 1853 1612 1892; x_wconf 84' lang='lat' dir='ltr'>loco.</span> <span class='ocrx_word' id='word_1_448' title='bbox 1635 1853 1891 1904; x_wconf 82' lang='lat' dir='ltr'>Ongarellum</span> <span class='ocrx_word' id='word_1_449' title='bbox 1916 1862 2098 1904; x_wconf 82' lang='lat' dir='ltr'>quoque,</span> <span class='ocrx_word' id='word_1_450' title='bbox 2121 1849 2196 1902; x_wconf 84' lang='lat' dir='ltr'>qui</span> <span class='ocrx_word' id='word_1_451' title='bbox 2214 1850 2318 1889; x_wconf 83' lang='lat' dir='ltr'>scri-</span> 
     </span>
     <span class='ocr_line' id='line_1_78' title="bbox 1340 1913 2314 1969; baseline -0.006 -13"><span class='ocrx_word' id='word_1_452' title='bbox 1340 1917 1426 1969; x_wconf 76' lang='lat' dir='ltr'>psit</span> <span class='ocrx_word' id='word_1_453' title='bbox 1445 1920 1536 1955; x_wconf 85' lang='lat' dir='ltr'>ante</span> <span class='ocrx_word' id='word_1_454' title='bbox 1561 1926 1687 1954; x_wconf 83' lang='lat' dir='ltr'>annos</span> <span class='ocrx_word' id='word_1_455' title='bbox 1710 1914 1874 1954; x_wconf 81' lang='lat' dir='ltr'>circiter</span> <span class='ocrx_word' id='word_1_456' title='bbox 1908 1916 2112 1952; x_wconf 75' lang='lat' dir='ltr'>trecentos.</span> <span class='ocrx_word' id='word_1_457' title='bbox 2147 1914 2190 1953; x_wconf 91' lang='lat' dir='ltr'>In</span> <span class='ocrx_word' id='word_1_458' title='bbox 2225 1913 2314 1962; x_wconf 83' lang='lat' dir='ltr'>his,</span> 
     </span>
     <span class='ocr_line' id='line_1_79' title="bbox 1346 1974 2314 2031; baseline -0.007 -11"><span class='ocrx_word' id='word_1_459' title='bbox 1346 1992 1448 2031; x_wconf 87' lang='lat' dir='ltr'>quae</span> <span class='ocrx_word' id='word_1_460' title='bbox 1467 1979 1516 2018; x_wconf 89' lang='lat' dir='ltr'>de</span> <span class='ocrx_word' id='word_1_461' title='bbox 1537 1980 1777 2028; x_wconf 84' lang='lat' dir='ltr'>Hieronymo</span> <span class='ocrx_word' id='word_1_462' title='bbox 1794 1976 2036 2016; x_wconf 86' lang='lat' dir='ltr'>Savonarola</span> <span class='ocrx_word' id='word_1_463' title='bbox 2056 1974 2314 2015; x_wconf 85' lang='lat' dir='ltr'>Burchardus</span> 
     </span>
     <span class='ocr_line' id='line_1_80' title="bbox 1345 2037 2315 2093; baseline -0.005 -13"><span class='ocrx_word' id='word_1_464' title='bbox 1345 2053 1433 2093; x_wconf 78' lang='lat' dir='ltr'>pag.</span> <span class='ocrx_word' id='word_1_465' title='bbox 1462 2041 1510 2080; x_wconf 76' lang='lat'>45</span> <span class='ocrx_word' id='word_1_466' title='bbox 1541 2052 1624 2090; x_wconf 86' lang='lat' dir='ltr'>seq.</span> <span class='ocrx_word' id='word_1_467' title='bbox 1662 2042 1944 2088; x_wconf 83' lang='lat' dir='ltr'>excerptorum</span> <span class='ocrx_word' id='word_1_468' title='bbox 1979 2037 2315 2076; x_wconf 89' lang='lat' dir='ltr'>Leibnitianorum</span> 
     </span>
     <span class='ocr_line' id='line_1_81' title="bbox 1345 2097 2315 2151; baseline -0.004 -10"><span class='ocrx_word' id='word_1_469' title='bbox 1345 2103 1466 2141; x_wconf 84' lang='lat' dir='ltr'>tradit</span> <span class='ocrx_word' id='word_1_470' title='bbox 1483 2132 1491 2151; x_wconf 86' lang='lat'>,</span> <span class='ocrx_word' id='word_1_471' title='bbox 1513 2101 1631 2140; x_wconf 82' lang='lat' dir='ltr'>iidem</span> <span class='ocrx_word' id='word_1_472' title='bbox 1649 2101 1902 2149; x_wconf 81' lang='lat' dir='ltr'>frontemque</span> <span class='ocrx_word' id='word_1_473' title='bbox 1921 2097 2123 2138; x_wconf 86' lang='lat' dir='ltr'>desiderat</span> <span class='ocrx_word' id='word_1_474' title='bbox 2141 2101 2162 2138; x_wconf 93' lang='lat' dir='ltr'>J</span> <span class='ocrx_word' id='word_1_475' title='bbox 2167 2099 2315 2138; x_wconf 89' lang='lat' dir='ltr'>acobus</span> 
     </span>
     <span class='ocr_line' id='line_1_82' title="bbox 1348 2160 2313 2210; baseline -0.003 -7"><span class='ocrx_word' id='word_1_476' title='bbox 1348 2165 1484 2210; x_wconf 86' lang='lat' dir='ltr'>Quetif</span> <span class='ocrx_word' id='word_1_477' title='bbox 1497 2165 1533 2201; x_wconf 93' lang='lat' dir='ltr'>in</span> <span class='ocrx_word' id='word_1_478' title='bbox 1551 2161 1818 2201; x_wconf 89' lang='lat' dir='ltr'>additionibus</span> <span class='ocrx_word' id='word_1_479' title='bbox 1831 2160 1880 2199; x_wconf 92' lang='lat' dir='ltr'>ad</span> <span class='ocrx_word' id='word_1_480' title='bbox 1901 2161 2025 2199; x_wconf 88' lang='lat' dir='ltr'>vitam</span> <span class='ocrx_word' id='word_1_481' title='bbox 2048 2161 2313 2200; x_wconf 86' lang='lat' dir='ltr'>Savonarolac</span> 
     </span>
     <span class='ocr_line' id='line_1_83' title="bbox 1346 2221 2311 2277; baseline -0.003 -13"><span class='ocrx_word' id='word_1_482' title='bbox 1346 2226 1506 2264; x_wconf 88' lang='lat' dir='ltr'>Parisiis</span> <span class='ocrx_word' id='word_1_483' title='bbox 1528 2223 1649 2271; x_wconf 69' lang='grc'>4674,</span> <span class='ocrx_word' id='word_1_484' title='bbox 1668 2223 1716 2262; x_wconf 74' lang='grc'>42</span> <span class='ocrx_word' id='word_1_485' title='bbox 1738 2222 1884 2261; x_wconf 84' lang='lat' dir='ltr'>editam</span> <span class='ocrx_word' id='word_1_486' title='bbox 1905 2232 1992 2272; x_wconf 84' lang='lat' dir='ltr'>pag.</span> <span class='ocrx_word' id='word_1_487' title='bbox 2015 2221 2064 2260; x_wconf 93' lang='grc'>70</span> <span class='ocrx_word' id='word_1_488' title='bbox 2085 2221 2136 2261; x_wconf 91' lang='grc'>77</span> <span class='ocrx_word' id='word_1_489' title='bbox 2161 2222 2211 2260; x_wconf 91' lang='grc'>79</span> <span class='ocrx_word' id='word_1_490' title='bbox 2228 2226 2311 2277; x_wconf 80' lang='lat' dir='ltr'>etc.</span> 
     </span>
     <span class='ocr_line' id='line_1_84' title="bbox 1348 2283 2315 2334; baseline -0.003 -9"><span class='ocrx_word' id='word_1_491' title='bbox 1348 2286 1514 2325; x_wconf 73' lang='lat' dir='ltr'>Videtur</span> <span class='ocrx_word' id='word_1_492' title='bbox 1532 2285 1717 2332; x_wconf 82' lang='lat' dir='ltr'>Quetisus</span> <span class='ocrx_word' id='word_1_493' title='bbox 1738 2284 1800 2323; x_wconf 92' lang='lat' dir='ltr'>ille</span> <span class='ocrx_word' id='word_1_494' title='bbox 1823 2285 1977 2334; x_wconf 77' lang='lat' dir='ltr'>integro</span> <span class='ocrx_word' id='word_1_495' title='bbox 1995 2283 2214 2322; x_wconf 87' lang='lat' dir='ltr'>Burchardi</span> <span class='ocrx_word' id='word_1_496' title='bbox 2233 2283 2315 2322; x_wconf 85' lang='lat' dir='ltr'>dia-</span> 
     </span>
     <span class='ocr_line' id='line_1_85' title="bbox 1352 2344 2315 2396; baseline -0.003 -10"><span class='ocrx_word' id='word_1_497' title='bbox 1352 2349 1407 2386; x_wconf 91' lang='lat' dir='ltr'>rio</span> <span class='ocrx_word' id='word_1_498' title='bbox 1431 2348 1508 2387; x_wconf 88' lang='lat' dir='ltr'>MS.</span> <span class='ocrx_word' id='word_1_499' title='bbox 1535 2358 1633 2386; x_wconf 89' lang='lat' dir='ltr'>usus</span> <span class='ocrx_word' id='word_1_500' title='bbox 1658 2347 1807 2394; x_wconf 80' lang='lat' dir='ltr'>fuisse,</span> <span class='ocrx_word' id='word_1_501' title='bbox 1837 2346 1942 2384; x_wconf 89' lang='lat' dir='ltr'>sicut</span> <span class='ocrx_word' id='word_1_502' title='bbox 1963 2344 2194 2396; x_wconf 82' lang='lat' dir='ltr'>Raynaldus</span> <span class='ocrx_word' id='word_1_503' title='bbox 2216 2356 2315 2396; x_wconf 78' lang='lat' dir='ltr'>quo-</span> 
     </span>
     <span class='ocr_line' id='line_1_86' title="bbox 1349 2407 2315 2460; baseline -0.003 -12"><span class='ocrx_word' id='word_1_504' title='bbox 1349 2421 1439 2460; x_wconf 82' lang='lat' dir='ltr'>que.</span> <span class='ocrx_word' id='word_1_505' title='bbox 1463 2409 1574 2456; x_wconf 89' lang='lat' dir='ltr'>Quod</span> <span class='ocrx_word' id='word_1_506' title='bbox 1599 2414 1734 2448; x_wconf 88' lang='lat' dir='ltr'>autem</span> <span class='ocrx_word' id='word_1_507' title='bbox 1761 2408 1887 2447; x_wconf 86' lang='lat' dir='ltr'>facere</span> <span class='ocrx_word' id='word_1_508' title='bbox 1912 2407 2132 2446; x_wconf 88' lang='lat' dir='ltr'>Leibnitius</span> <span class='ocrx_word' id='word_1_509' title='bbox 2169 2409 2315 2458; x_wconf 90' lang='lat' dir='ltr'>promi-</span> 
     </span>
     <span class='ocr_line' id='line_1_87' title="bbox 1349 2468 2312 2522; baseline -0.002 -13"><span class='ocrx_word' id='word_1_510' title='bbox 1349 2476 1480 2520; x_wconf 88' lang='lat' dir='ltr'>serat,</span> <span class='ocrx_word' id='word_1_511' title='bbox 1506 2472 1577 2510; x_wconf 84' lang='lat' dir='ltr'>hoc</span> <span class='ocrx_word' id='word_1_512' title='bbox 1614 2471 1850 2522; x_wconf 89' lang='lat' dir='ltr'>praestitum</span> <span class='ocrx_word' id='word_1_513' title='bbox 1888 2468 2031 2508; x_wconf 84' lang='lat' dir='ltr'>deinde</span> <span class='ocrx_word' id='word_1_514' title='bbox 2069 2480 2092 2508; x_wconf 90' lang='lat' dir='ltr'>a</span> <span class='ocrx_word' id='word_1_515' title='bbox 2131 2469 2312 2508; x_wconf 78' lang='lat' dir='ltr'>familiari</span> 
     </span>
     <span class='ocr_line' id='line_1_88' title="bbox 1348 2529 2313 2584; baseline -0.001 -13"><span class='ocrx_word' id='word_1_516' title='bbox 1348 2533 1436 2583; x_wconf 82' lang='lat' dir='ltr'>ejus</span> <span class='ocrx_word' id='word_1_517' title='bbox 1454 2534 1633 2572; x_wconf 80' lang='lat' dir='ltr'>Johanno</span> <span class='ocrx_word' id='word_1_518' title='bbox 1650 2533 1817 2584; x_wconf 81' lang='lat' dir='ltr'>Georgio</span> <span class='ocrx_word' id='word_1_519' title='bbox 1832 2530 2010 2570; x_wconf 85' lang='lat' dir='ltr'>Eccardo</span> <span class='ocrx_word' id='word_1_520' title='bbox 2027 2535 2091 2570; x_wconf 87' lang='lat' dir='ltr'>est</span> <span class='ocrx_word' id='word_1_521' title='bbox 2104 2562 2115 2580; x_wconf 91' lang='lat'><em>‚</em></span> <span class='ocrx_word' id='word_1_522' title='bbox 2137 2532 2175 2569; x_wconf 93' lang='lat' dir='ltr'>in</span> <span class='ocrx_word' id='word_1_523' title='bbox 2195 2529 2313 2581; x_wconf 81' lang='lat' dir='ltr'>cujus</span> 
     </span>
     <span class='ocr_line' id='line_1_89' title="bbox 1348 2593 2312 2646; baseline -0.004 -11"><span class='ocrx_word' id='word_1_524' title='bbox 1348 2596 1517 2646; x_wconf 84' lang='lat' dir='ltr'>Corpore</span> <span class='ocrx_word' id='word_1_525' title='bbox 1547 2595 1825 2634; x_wconf 83' lang='lat' dir='ltr'>historicorum</span> <span class='ocrx_word' id='word_1_526' title='bbox 1864 2593 1983 2632; x_wconf 87' lang='lat' dir='ltr'>medii</span> <span class='ocrx_word' id='word_1_527' title='bbox 2012 2594 2100 2632; x_wconf 87' lang='lat' dir='ltr'>aevi</span> <span class='ocrx_word' id='word_1_528' title='bbox 2130 2597 2225 2632; x_wconf 89' lang='lat' dir='ltr'>tom.</span> <span class='ocrx_word' id='word_1_529' title='bbox 2258 2594 2312 2642; x_wconf 88' lang='lat'>11,</span> 
     </span>
     <span class='ocr_line' id='line_1_90' title="bbox 1348 2654 2313 2707; baseline -0.002 -12"><span class='ocrx_word' id='word_1_530' title='bbox 1348 2669 1434 2707; x_wconf 74' lang='lat' dir='ltr'>pag.</span> <span class='ocrx_word' id='word_1_531' title='bbox 1458 2656 1634 2697; x_wconf 60' lang='lat'>02017—24</span> <span class='ocrx_word' id='word_1_532' title='bbox 1647 2658 1711 2695; x_wconf 87' lang='grc'>60.</span> <span class='ocrx_word' id='word_1_533' title='bbox 1733 2655 1922 2694; x_wconf 83' lang='lat' dir='ltr'>Diarium</span> <span class='ocrx_word' id='word_1_534' title='bbox 1942 2654 2092 2695; x_wconf 82' lang='lat' dir='ltr'>Curiae</span> <span class='ocrx_word' id='word_1_535' title='bbox 2112 2656 2313 2695; x_wconf 80' lang='lat' dir='ltr'>Romanae</span> 
     </span>
     <span class='ocr_line' id='line_1_91' title="bbox 1347 2718 2310 2771; baseline -0.002 -13"><span class='ocrx_word' id='word_1_536' title='bbox 1347 2724 1506 2758; x_wconf 83' lang='lat' dir='ltr'>auctore</span> <span class='ocrx_word' id='word_1_537' title='bbox 1530 2718 1757 2758; x_wconf 86' lang='lat' dir='ltr'>Burchardo</span> <span class='ocrx_word' id='word_1_538' title='bbox 1783 2719 1983 2771; x_wconf 86' lang='lat' dir='ltr'>integrum</span> <span class='ocrx_word' id='word_1_539' title='bbox 2008 2718 2179 2769; x_wconf 85' lang='lat' dir='ltr'>legitur,</span> <span class='ocrx_word' id='word_1_540' title='bbox 2203 2718 2310 2757; x_wconf 90' lang='lat' dir='ltr'>desi-</span> 
     </span>
     <span class='ocr_line' id='line_1_92' title="bbox 1348 2779 2314 2821; baseline -0.001 -2"><span class='ocrx_word' id='word_1_541' title='bbox 1348 2793 1448 2820; x_wconf 88' lang='lat' dir='ltr'>nens</span> <span class='ocrx_word' id='word_1_542' title='bbox 1465 2784 1501 2820; x_wconf 92' lang='lat' dir='ltr'>in</span> <span class='ocrx_word' id='word_1_543' title='bbox 1519 2784 1652 2821; x_wconf 88' lang='lat' dir='ltr'>Mense</span> <span class='ocrx_word' id='word_1_544' title='bbox 1672 2779 1880 2819; x_wconf 88' lang='lat' dir='ltr'>Decembri</span> <span class='ocrx_word' id='word_1_545' title='bbox 1896 2779 2000 2818; x_wconf 90' lang='lat' dir='ltr'>Anni</span> <span class='ocrx_word' id='word_1_546' title='bbox 2022 2779 2136 2819; x_wconf 68' lang='lat'><strong>⁴505.</strong></span> <span class='ocrx_word' id='word_1_547' title='bbox 2162 2780 2221 2818; x_wconf 88' lang='lat' dir='ltr'>lta</span> <span class='ocrx_word' id='word_1_548' title='bbox 2243 2791 2314 2818; x_wconf 92' lang='lat' dir='ltr'>au-</span> 
     </span>
     <span class='ocr_line' id='line_1_93' title="bbox 1345 2841 2309 2892; baseline -0.002 -11"><span class='ocrx_word' id='word_1_549' title='bbox 1345 2848 1425 2881; x_wconf 84' lang='lat' dir='ltr'>tem</span> <span class='ocrx_word' id='word_1_550' title='bbox 1456 2844 1505 2883; x_wconf 88' lang='lat' dir='ltr'>de</span> <span class='ocrx_word' id='word_1_551' title='bbox 1530 2845 1592 2882; x_wconf 91' lang='lat' dir='ltr'>illo</span> <span class='ocrx_word' id='word_1_552' title='bbox 1619 2841 1824 2883; x_wconf 85' lang='lat' dir='ltr'>Eccardus</span> <span class='ocrx_word' id='word_1_553' title='bbox 1854 2843 1893 2878; x_wconf 91' lang='lat' dir='ltr'>in</span> <span class='ocrx_word' id='word_1_554' title='bbox 1917 2841 2160 2892; x_wconf 84' lang='lat' dir='ltr'>praefatione</span> <span class='ocrx_word' id='word_1_555' title='bbox 2199 2852 2309 2881; x_wconf 85' lang='lat' dir='ltr'>num.</span> 
     </span>
     <span class='ocr_line' id='line_1_94' title="bbox 1346 2902 2310 2958; baseline -0.003 -13"><span class='ocrx_word' id='word_1_556' title='bbox 1346 2907 1484 2945; x_wconf 85' lang='lat' dir='ltr'>XVlll.</span> <span class='ocrx_word' id='word_1_557' title='bbox 1522 2908 1632 2944; x_wconf 85' lang='lat' dir='ltr'>Bona</span> <span class='ocrx_word' id='word_1_558' title='bbox 1657 2904 1822 2958; x_wconf 80' lang='lat' dir='ltr'>fortuna</span> <span class='ocrx_word' id='word_1_559' title='bbox 1854 2903 2052 2954; x_wconf 74' lang='lat' dir='ltr'>inteyrum</span> <span class='ocrx_word' id='word_1_560' title='bbox 2090 2902 2310 2942; x_wconf 84' lang='lat' dir='ltr'>Burchardi</span> 
     </span>
     <span class='ocr_line' id='line_1_95' title="bbox 1344 2966 2310 3017; baseline -0.003 -11"><span class='ocrx_word' id='word_1_561' title='bbox 1344 2968 1523 3007; x_wconf 80' lang='lat' dir='ltr'>diarium</span> <span class='ocrx_word' id='word_1_562' title='bbox 1549 2966 1783 3008; x_wconf 79' lang='lat' dir='ltr'>Aleaeandri</span> <span class='ocrx_word' id='word_1_563' title='bbox 1808 2966 1868 3005; x_wconf 90' lang='lat' dir='ltr'>VI.</span> <span class='ocrx_word' id='word_1_564' title='bbox 1909 2967 2043 3017; x_wconf 87' lang='lat' dir='ltr'>Papae</span> <span class='ocrx_word' id='word_1_565' title='bbox 2061 2968 2154 3004; x_wconf 83' lang='lat' dir='ltr'>acta</span> <span class='ocrx_word' id='word_1_566' title='bbox 2172 2975 2310 3003; x_wconf 87' lang='lat' dir='ltr'>recen-</span> 
     </span>
    </p>
   </div>
   <div class='ocr_carea' id='block_1_4' title="bbox 1344 3026 2347 3082">
    <p class='ocr_par' dir='ltr' id='par_1_13' title="bbox 1344 3026 2347 3082">
     <span class='ocr_line' id='line_1_96' title="bbox 1344 3026 2347 3082; baseline -0.007 -12"><span class='ocrx_word' id='word_1_567' title='bbox 1344 3042 1458 3081; x_wconf 55' lang='lat' dir='ltr'>sens)</span> <span class='ocrx_word' id='word_1_568' title='bbox 1478 3034 1619 3082; x_wconf 82' lang='lat' dir='ltr'>postea</span> <span class='ocrx_word' id='word_1_569' title='bbox 1641 3030 1843 3069; x_wconf 80' lang='lat' dir='ltr'>inventum</span> <span class='ocrx_word' id='word_1_570' title='bbox 1866 3027 1986 3067; x_wconf 79' lang='lat' dir='ltr'>estin</span> <span class='ocrx_word' id='word_1_571' title='bbox 2011 3026 2152 3068; x_wconf 84' lang='lat' dir='ltr'>Codice</span> <span class='ocrx_word' id='word_1_572' title='bbox 2186 3027 2309 3064; x_wconf 86' lang='lat' dir='ltr'>Bero-</span> <span class='ocrx_word' id='word_1_573' title='bbox 2343 3074 2347 3077; x_wconf 24' lang='grc' dir='ltr'>ι</span> 
     </span>
    </p>
   </div>
   <div class='ocr_carea' id='block_1_5' title="bbox 1343 3086 2309 3396">
    <p class='ocr_par' dir='ltr' id='par_1_14' title="bbox 1343 3086 2309 3396">
     <span class='ocr_line' id='line_1_97' title="bbox 1345 3086 2309 3143; baseline -0.008 -10"><span class='ocrx_word' id='word_1_574' title='bbox 1345 3094 1488 3133; x_wconf 84' lang='lat' dir='ltr'>linensi</span> <span class='ocrx_word' id='word_1_575' title='bbox 1499 3126 1509 3143; x_wconf 81' lang='lat'><em>‚</em></span> <span class='ocrx_word' id='word_1_576' title='bbox 1530 3093 1632 3132; x_wconf 82' lang='lat' dir='ltr'>unde</span> <span class='ocrx_word' id='word_1_577' title='bbox 1665 3090 1765 3130; x_wconf 81' lang='lat' dir='ltr'>illud</span> <span class='ocrx_word' id='word_1_578' title='bbox 1791 3091 1881 3142; x_wconf 85' lang='lat' dir='ltr'>jam</span> <span class='ocrx_word' id='word_1_579' title='bbox 1918 3089 2073 3128; x_wconf 79' lang='lat' dir='ltr'>damus.</span> <span class='ocrx_word' id='word_1_580' title='bbox 2113 3086 2309 3127; x_wconf 78' lang='lat' dir='ltr'>Odoricus</span> 
     </span>
     <span class='ocr_line' id='line_1_98' title="bbox 1344 3150 2305 3207; baseline -0.008 -12"><span class='ocrx_word' id='word_1_581' title='bbox 1344 3155 1575 3207; x_wconf 76' lang='lat' dir='ltr'>Raynaldus</span> <span class='ocrx_word' id='word_1_582' title='bbox 1611 3152 1786 3207; x_wconf 85' lang='lat' dir='ltr'>ejusdem</span> <span class='ocrx_word' id='word_1_583' title='bbox 1816 3150 2031 3190; x_wconf 84' lang='lat' dir='ltr'>testimonio</span> <span class='ocrx_word' id='word_1_584' title='bbox 2059 3160 2136 3202; x_wconf 81' lang='lat' dir='ltr'>per</span> <span class='ocrx_word' id='word_1_585' title='bbox 2153 3160 2305 3188; x_wconf 85' lang='lat' dir='ltr'>omnem</span> 
     </span>
     <span class='ocr_line' id='line_1_99' title="bbox 1343 3210 2305 3263; baseline -0.009 -6"><span class='ocrx_word' id='word_1_586' title='bbox 1343 3217 1575 3257; x_wconf 76' lang='lat' dir='ltr'>Aleoeamlri</span> <span class='ocrx_word' id='word_1_587' title='bbox 1591 3218 1642 3257; x_wconf 90' lang='lat' dir='ltr'>VI</span> <span class='ocrx_word' id='word_1_588' title='bbox 1655 3216 1780 3256; x_wconf 81' lang='lat' dir='ltr'>vitam</span> <span class='ocrx_word' id='word_1_589' title='bbox 1792 3213 1920 3253; x_wconf 79' lang='lat' dir='ltr'>utitur</span> <span class='ocrx_word' id='word_1_590' title='bbox 1937 3242 1945 3262; x_wconf 86' lang='lat'>‚</span> <span class='ocrx_word' id='word_1_591' title='bbox 1967 3211 2144 3263; x_wconf 78' lang='lat' dir='ltr'>illudque</span> <span class='ocrx_word' id='word_1_592' title='bbox 2167 3210 2208 3249; x_wconf 85' lang='lat' dir='ltr'>in</span> <span class='ocrx_word' id='word_1_593' title='bbox 2225 3210 2305 3250; x_wconf 87' lang='lat' dir='ltr'>Ar-</span> 
     </span>
     <span class='ocr_line' id='line_1_100' title="bbox 1345 3274 2301 3328; baseline -0.006 -9"><span class='ocrx_word' id='word_1_594' title='bbox 1345 3279 1471 3319; x_wconf 75' lang='lat' dir='ltr'>chivio</span> <span class='ocrx_word' id='word_1_595' title='bbox 1509 3280 1712 3328; x_wconf 77' lang='lat' dir='ltr'>VaticanO,</span> <span class='ocrx_word' id='word_1_596' title='bbox 1749 3287 1914 3316; x_wconf 79' lang='lat' dir='ltr'>numero</span> <span class='ocrx_word' id='word_1_597' title='bbox 1957 3275 2036 3314; x_wconf 72' lang='grc'>404</span> <span class='ocrx_word' id='word_1_598' title='bbox 2075 3274 2275 3325; x_wconf 70' lang='grc' dir='ltr'>ειῃηαειινη</span> <span class='ocrx_word' id='word_1_599' title='bbox 2289 3306 2301 3324; x_wconf 82' lang='lat'><em>‚</em></span> 
     </span>
     <span class='ocr_line' id='line_1_101' title="bbox 1347 3335 2304 3396; baseline -0.006 -13"><span class='ocrx_word' id='word_1_600' title='bbox 1347 3346 1491 3383; x_wconf 68' lang='lat' dir='ltr'>extare</span> <span class='ocrx_word' id='word_1_601' title='bbox 1505 3341 1652 3396; x_wconf 77' lang='lat' dir='ltr'>prodit.</span> <span class='ocrx_word' id='word_1_602' title='bbox 1668 3337 1932 3381; x_wconf 73' lang='lat' dir='ltr'>Burcharclus</span> <span class='ocrx_word' id='word_1_603' title='bbox 1953 3336 1994 3376; x_wconf 81' lang='lat' dir='ltr'>in</span> <span class='ocrx_word' id='word_1_604' title='bbox 2014 3335 2082 3377; x_wconf 80' lang='lat' dir='ltr'>hoc</span> <span class='ocrx_word' id='word_1_605' title='bbox 2101 3346 2172 3376; x_wconf 80' lang='lat' dir='ltr'>suo</span> <span class='ocrx_word' id='word_1_606' title='bbox 2187 3347 2304 3393; x_wconf 81' lang='lat' dir='ltr'>opere</span> 
     </span>
    </p>
   </div>
  </div>
 </body>
</html>
