2500 4009
460 263 537 301 '⁴:5⁰
1179 299 1184 303 ,

462 334 538 371 lani
563 329 734 374 Dionysii
755 320 807 358 acl
829 316 1076 366 Bouc'fiieiwn
1098 344 1107 359 ,
1133 312 1402 362 primicerium

461 392 712 431 notai-iorum.
727 384 958 427 Bonumque
975 373 1293 414 secundicerium
1309 374 1405 411 scri-

462 459 567 504 ptam
600 449 671 486 An.
693 442 843 482 CHristi
868 438 945 477 526
971 436 1019 475 de
1043 437 1193 474 ratione
1218 434 1403 474 Paschae.

463 515 630 559 [traque
659 506 753 543 haec
782 499 958 551 Epistola
993 499 1113 536 etiam
1147 496 1263 535 obvia
1299 495 1404 546 apud

460 556 660 612 Peusvium
687 575 772 616 pag.
796 562 872 600 497
895 565 934 599 et
957 560 1031 598 499
1057 562 1178 608 atque
1198 556 1303 608 apud
1328 558 1405 595 Bu-

459 633 635 672 cherium
651 637 738 678 pag.
762 625 812 662 82
832 628 871 662 et
890 622 976 660 489.
999 620 1162 659 Proterii
1187 618 1403 669 Epistolam

461 691 694 733 Paschasius
718 695 875 737 quoque
899 681 1142 729 Quesnellus
1165 679 1287 718 edidit
1315 683 1406 729 post

461 751 676 804 Epistolam
702 747 842 786 Leonis
872 745 997 795 Magni
1033 744 1295 781 centesimam
1330 745 1409 778 ter-

462 818 583 861 tiam,
622 813 689 861 qui
728 808 964 848 Paschasius
992 805 1112 844 etiam
1144 802 1340 842 videndus
1369 803 1406 839 in

460 878 562 916 notis
593 885 677 925 pag.
710 872 811 917 502.
846 869 921 908 503
953 871 993 906 et
1017 867 1055 904 in
1086 866 1168 903 vita
1193 864 1335 903 Leonis
1358 862 1406 902 ad

459 941 619 978 Annum
660 934 734 973 454
759 944 844 984 pag.
872 930 958 970 471.
985 928 1181 975 Quoniam
1211 937 1307 965 vero
1340 924 1407 963 de-

459 999 699 1051 prehensum
721 1000 781 1033 est
807 994 855 1032 ab
878 994 961 1043 Ipso
980 990 1171 1039 Dionysio
1190 1019 1198 1038 ,
1219 989 1252 1037 a)
1274 998 1319 1026 ac
1339 985 1407 1024 de-

461 1061 550 1099 inde
566 1059 614 1098 ab
634 1058 738 1101 aliis,
759 1055 916 1105 cyclum
942 1053 1120 1103 quinque
1140 1047 1408 1089 enneadecae-

462 1121 630 1161 teridum
670 1130 745 1156 non
785 1116 966 1155 sufficere
1003 1113 1052 1152 ad
1087 1112 1297 1163 regulam,
1331 1120 1410 1160 qua

463 1182 664 1221 novilunia
687 1184 725 1217 et
755 1177 802 1216 ad
833 1176 993 1216 easdem
1030 1176 1148 1213 ferias
1184 1184 1262 1211 non
1296 1170 1411 1210 modo

460 1245 622 1283 redeant
640 1272 648 1290 ,
673 1240 740 1279 sed
763 1244 803 1277 et
822 1238 961 1277 eodem
981 1242 1119 1275 tenore
1136 1238 1410 1287 pertexantur⁷

460 1307 550 1344 hinc
579 1303 768 1354 probatus
799 1305 862 1340 est
898 1300 1050 1351 Cyclus
1071 1294 1412 1338 VICTORIANUS

464 1362 887 1406 erineadeca'eteridum
900 1361 1081 1408 XXVIII,
1098 1361 1184 1398 sive
1204 1358 1411 1398 Annorum

461 1427 644 1467 DXXXII
662 1456 671 1473 ‚
692 1425 851 1476 qualem
879 1422 1117 1463 ISIDORUS
1140 1422 1189 1460 ab
1217 1420 1263 1460 A.
1287 1419 1405 1460 (1724

459 1499 627 1529 exorsus
641 1492 717 1536 est,
734 1491 775 1526 et
788 1488 845 1525 Jo.
862 1487 1130 1535 Noviomagus
1144 1483 1193 1523 ad
1210 1481 1360 1522 Bedam
1375 1481 1411 1530 b)

462 1552 510 1590 ab
538 1551 614 1592 An.
646 1549 760 1589 4063.
780 1547 967 1587 Eundem
991 1546 1198 1585 Annorum
1219 1546 1413 1595 quingen-

461 1618 590 1652 torum
632 1616 673 1650 et
713 1610 872 1661 triginta
903 1608 1073 1648 duorum
1110 1607 1279 1658 Cyclum
1298 1636 1305 1654 ,
1341 1604 1411 1644 sed

464 1675 538 1713 alio
567 1671 879 1724 computandum
913 1670 1103 1722 principio
1140 1669 1268 1707 secuti
1294 1668 1413 1706 etiam

464 1741 558 1775 sunt
581 1736 717 1774 Graeci
736 1766 746 1782 ,
768 1738 813 1773 ut
835 1736 993 1772 constat
1009 1743 1060 1770 ex
1082 1731 1241 1770 Maximi
1269 1730 1415 1779 Marty-

466 1800 521 1836 ris
534 1802 721 1847 computo
742 1795 1024 1834 Ecclesiastico
1037 1794 1069 1842 c)
1095 1797 1135 1831 et
1155 1803 1205 1831 ex
1219 1791 1415 1831 Chronico

465 1858 716 1909 Theophanis
745 1868 831 1908 pag.
858 1857 907 1895 39
933 1855 1079 1906 quibus
1094 1853 1184 1893 addi
1205 1857 1337 1904 potest
1352 1853 1417 1890 Jo-

463 1921 617 1959 hannes
632 1918 965 1969 Archipresbyter
982 1946 990 1965 ,
1008 1927 1030 1955 a
1058 1926 1137 1966 quo
1167 1914 1413 1965 descriptum

463 1982 612 2020 Graece
646 1982 807 2019 tertium
839 1979 1039 2018 decimum
1061 1987 1251 2028 magnum
1276 1975 1415 2025 hujus-

467 2042 570 2080 modi
594 2042 797 2081 Circulum
814 2040 862 2079 ab
879 2040 954 2078 An.
970 2039 1124 2078 CIIristi
1142 2038 1218 2076 876
1234 2037 1281 2076 ad
1300 2038 1415 2076 4408.

468 2104 545 2141 MS.
584 2102 702 2140 habet
739 2100 1036 2139 eruditissimus
1074 2102 1210 2136 noster
1246 2100 1418 2136 Joanncs

469 2162 779 2212 Christophorus
803 2160 998 2206 Wolfius,
1024 2163 1119 2196 sunt
1143 2163 1276 2196 autem
1297 2171 1304 2194 :

521 2222 668 2270 Cyelus
687 2223 701 2260 I
719 2250 726 2267 ,
748 2222 824 2259 532
839 2220 888 2258 ab
913 2220 1018 2259 Orbe
1039 2218 1197 2256 condito
1219 2229 1347 2267 usquc
1367 2217 1415 2256 ad

469 2294 618 2322 annum
643 2283 751 2320 Enos
775 2281 928 2328 XCVII,
949 2286 1040 2319 ante
1062 2280 1274 2318 CIIristum
1301 2279 1417 2317 5066.

525 2344 570 2382 II.
598 2343 698 2381 4064
723 2354 850 2392 usquc
875 2341 923 2380 ad
947 2352 1097 2379 annum
1120 2340 1237 2379 Jared
1259 2341 1419 2387 CXXX,

474 2409 566 2442 ante
593 2403 805 2442 Christum
837 2404 952 2443 4534.

527 2466 591 2503 III.
616 2465 718 2503 4596
731 2476 858 2514 usque
877 2464 924 2502 ad
940 2475 1089 2501 annum
1103 2462 1420 2501 LamechCXLII

473 2531 566 2564 ante
592 2527 803 2565 CHristum
826 2526 939 2564 4002.

523 2588 584 2626 IV.
614 2588 717 2626 2⁴28
755 2598 881 2638 usque
918 2586 965 2625 ad
1001 2599 1149 2625 annum
1186 2587 1265 2625 Noe
1292 2586 1419 2626 CCCC

475 2649 668 2688 LXXXVI
691 2654 808 2696 ,ante
830 2649 1039 2688 Cllristum
1065 2649 1180 2687 3470.

523 2711 566 2749 V.
596 2711 697 2749 2660
717 2721 843 2760 usque.
863 2709 910 2748 ad
935 2721 1084 2748 annum
1107 2710 1235 2748 IIeber
1264 2711 1421 2759 XXIII,

479 2777 569 2810 ante
594 2772 803 2811 CHristum
824 2772 940 2810 2938.

524 2834 585 2872 VI.
617 2834 718 2872 3192
737 2844 863 2883 usque
879 2833 927 2871 ad
943 2845 1090 2871 annum
1106 2833 1259 2872 Nachor
1275 2834 1420 2879 XXIX,

473 2901 563 2933 ante
588 2896 798 2934 CHristum
821 2895 940 2932 2406.

527 3035 560 3073 a)
587 3036 692 3074 Epist.
715 3035 755 3065 ad
771 3035 977 3065 Petronium.
1004 3033 1168 3067 *Ibericus
1184 3034 1293 3065 Chi-on
1309 3033 1349 3065 ad
1366 3037 1429 3065 Λιι-

470 3092 547 3114 num
571 3085 701 3114 curisti
724 3083 799 3116 8-20.
823 3091 897 3123 pag.
933 3083 1003 3115 171.
1026 3084 1224 3115 Secundum
1252 3084 1424 3123 quosdam

470 3134 589 3169 llrii'aeur
620 3133 740 3163 ηουιέε
779 3142 908 3172 'nuqua
931 3132 1052 3162 tabula
1077 3133 1249 3173 Dionysius
1269 3159 1278 3171 ,
1301 3138 1424 3174 quaest

468 3189 640 3211 ‹innorum
665 3182 821 3213 1›.t'.x',x'11
845 3182 907 3211 hnc
932 3190 1028 3212 anno
1052 3181 1095 3212 ab
1118 3183 1225 3214 inicit>
1242 3183 1380 3215 Mundi.

528 3230 562 3265 b)
586 3233 685 3269 Supra
703 3235 781 3261 torn.
804 3234 811 3260 I
838 3240 910 3271 pag.
935 3231 1007 3262 40⁸.

529 3278 560 3314 s)
579 3280 612 3307 ln
638 3280 830 3319 &anologio
858 3282 980 3312 Petavii
1001 3289 1074 3320 pag.
1096 3281 1150 3312 1:20
1165 3282 1322 3314 editionis
1349 3286 1425 3314 Ani-

480 3326 641 3356 -ieloclann

1228 241 1642 281 IIIONYSIUS

1530 311 1613 350 VII.
1642 311 1744 351 3724
1767 322 1893 363 usque
1913 311 1959 351 ad
1979 322 2130 351 anuum
2151 309 2271 350 Aram
2291 311 2428 360 LVIII,

1478 377 1570 411 ante
1591 374 1800 413 CHristum
1827 374 1939 413 4874.

1532 435 1633 474 VIII.
1663 434 1764 473 4256
1787 445 1915 485 usque
1935 436 1983 475 ad
2017 447 2168 476 annum
2202 435 2429 474 Philistaeo-

1481 507 1571 535 rum
1597 496 1670 543 VI,
1695 500 1788 535 ante
1811 495 2025 536 CHristum
2048 498 2163 537 4342.
2254 514 2260 522 ·

1536 559 1604 597 ΙΧ.
1627 558 1730 597 4788
1739 569 1865 608 usque
1875 557 1923 597 ad
1939 568 2090 597 aunum
2104 558 2299 598 Ezechiae
2311 557 2429 605 LXX,

1481 626 1575 660 ante
1604 621 1814 660 CIlristum
1845 620 1934 659 840.

1532 683 1582 721 Χ.
1608 682 1709 722 5320
1737 692 1863 731 usque
1886 680 1934 720 ad
1971 692 2120 720 annum
2157 681 2431 720 Pliilometoris

1484 744 1572 783 XVI
1597 774 1605 792 ,
1629 747 1722 782 ante
1738 742 1952 796 CHristum
1976 742 2066 781 288.

1537 805 1665 844 Natus
1683 803 1880 844 CHristus
1910 803 2026 842 5508.

1536 867 1604 906 XI.
1637 866 1740 906 5852
1779 876 1906 916 usque
1940 864 1988 904 ad
2027 876 2177 905 annum
2212 867 2431 907 Constantii

1479 928 1648 979 junioris
1666 927 1775 975 VIII,
1796 930 1886 978 post
1909 927 2121 966 CHristum
2145 925 2236 966 344.

1535 990 1685 1040 Cyclus
1709 990 1781 1028 XII
1803 1019 1811 1037 ,
1836 989 1884 1028 ab
1904 988 1979 1028 An.
2017 988 2120 1027 6384
2151 998 2281 1039 usque
2307 989 2355 1028 ad
2388 989 2434 1029 A.

1483 1053 1614 1092 Basilii
1639 1051 1864 1090 Macedonis
1887 1051 1925 1090 X
1949 1080 1957 1099 ,
1982 1054 2073 1102 post
2088 1051 2298 1090 CHristum
2318 1050 2407 1089 876.

1538 1114 1642 1153 XIII.
1674 1113 1776 1153 6946
1815 1123 1944 1163 usque
1982 1110 2031 1151 ad
2066 1122 2217 1151 annum
2243 1113 2435 1152 Manuelis

1486 1175 1705 1226 Palaeologi
1729 1175 1858 1214 XXIV
1877 1203 1885 1223 ,
1906 1178 1996 1225 post
2016 1174 2227 1215 CHristum
2249 1174 2364 1214 4408.

1539 1236 1689 1275 Omitto
1718 1236 1822 1286 quod
1846 1237 1883 1274 in
1906 1236 2026 1287 Cyclo
2047 1237 2122 1274 isto
2147 1234 2294 1286 majore
2315 1237 2436 1275 etiam

1486 1310 1622 1338 annor.
1645 1299 1721 1337 532
1742 1297 1923 1338 defectus
1943 1297 2072 1338 adhuc
2092 1297 2287 1348 quosdam
2315 1309 2438 1337 anno-

1487 1362 1588 1400 tavit
1625 1371 1745 1411 sagax
1783 1361 2048 1399 recentiorum
2085 1359 2281 1399 industria
2298 1389 2308 1409 ‚
2346 1359 2438 1399 vide

1487 1422 1705 1473 Epistolam
1738 1422 1970 1461 Paschalem
2000 1420 2194 1460 Theodori
2230 1420 2441 1460 Skumino-

1486 1486 1590 1524 wicz
1612 1516 1622 1533 ‚
1659 1485 1840 1536 Episcopi
1879 1483 2256 1535 Gratianopolitani,
2291 1482 2438 1522 editam

1486 1547 1662 1586 Dantisci
1682 1547 1783 1586 4659
1802 1575 1810 1594 ,
1834 1547 1867 1584 4.
1885 1550 1925 1584 et
1943 1545 2164 1597 Epistulam
2183 1545 2348 1584 Joannis
2366 1545 2440 1584 Ba-

1488 1610 1633 1661 ptistae
1656 1608 1814 1648 Riccioli
1835 1607 1964 1646 eidem
1989 1607 2210 1658 subjectam
2229 1637 2239 1657 ,
2259 1610 2300 1646 et
2319 1604 2440 1657 hujus

1489 1670 1789 1721 Chronologiam
1821 1669 2074 1708 reformatam
2113 1668 2180 1708 lib.
2216 1670 2251 1708 4.
2280 1679 2365 1719 cap.
2387 1668 2439 1708 27

1489 1744 1575 1783 pag.
1598 1731 1660 1771 69.
1681 1732 1888 1770 Petavium
1913 1731 1961 1769 VI
1980 1760 1989 1776 ,
2013 1732 2036 1770 5
2056 1730 2106 1769 de
2134 1730 2314 1769 doctriua
2339 1734 2440 1769 tem-

1489 1804 1631 1845 porum
1647 1797 1724 1831 etc.
1740 1792 1939 1842 Anonymi
1960 1792 2271 1831 Observationes
2291 1793 2331 1829 in
2348 1792 2440 1830 Pro-

1489 1855 1593 1905 speri
1610 1858 1650 1891 et
1660 1853 1825 1893 aliorum
1842 1853 2000 1903 cyclum
2015 1862 2210 1892 annorum
2229 1852 2441 1891 LXXXIV.

1487 1917 1616 1955 Amst.
1634 1915 1736 1955 4733
1755 1946 1764 1966 ,
1787 1916 1820 1954 4.
1841 1914 1940 1955 Acta
1962 1913 2220 1954 Eruditorum
2236 1912 2310 1953 An.
2338 1913 2439 1954 4734

1490 1989 1576 2029 pag.
1605 1979 1692 2018 464.

1544 2042 1718 2091 Rogatus
1740 2052 1762 2080 a
1791 2039 1986 2091 Stephano
2000 2071 2012 2090 ,
2045 2040 2272 2079 Salonitano
2294 2039 2331 2077 in
2354 2038 2444 2078 Dal-

1492 2102 1613 2140 matia
1641 2103 1864 2152 Episcopo,
1895 2102 2111 2151 Dionysius
2146 2100 2305 2151 collegit
2341 2105 2382 2139 et
2420 2111 2443 2137 c

1492 2163 1655 2200 Graecis
1686 2162 1981 2212 exemplaribus
2014 2162 2151 2200 Latine
2178 2163 2299 2200 vertit
2328 2159 2444 2200 Codi-

1492 2234 1575 2261 cem
1585 2223 1789 2262 Canonum
1802 2222 2185 2272 Ecclesiasticorum,
2194 2234 2307 2275 quos,
2321 2222 2444 2272 hodie,

1495 2286 1622 2335 inquit
1638 2285 1898 2324 Cassiodorus
1912 2296 1998 2335 cap.
2013 2285 2078 2323 23.
2095 2286 2226 2324 Divin.
2248 2286 2353 2324 Lect.
2368 2296 2448 2325 usu

1496 2344 1753 2385 celeberrimo
1771 2345 1953 2385 Ecclesia
1966 2347 2144 2386 Romana
2163 2345 2447 2398 complectitur.

1496 2408 1692 2458 Amplexa
1707 2409 1827 2447 etiam
1847 2412 1910 2447 est
1925 2407 2061 2447 Gallia.
2077 2408 2174 2448 Vide
2191 2407 2446 2448 Sirmondum

1496 2470 1658 2520 praefat.
1675 2469 1722 2508 ad
1744 2470 1918 2509 Concilia
1938 2470 2137 2510 Gallicana
2168 2475 2262 2510 tom.
2295 2470 2316 2509 4
2346 2471 2449 2522 Ope-

1497 2543 1585 2570 rum
1615 2543 1700 2582 pag.
1731 2531 1824 2570 628.
1853 2531 2037 2571 Carolum
2070 2532 2104 2570 le
2133 2532 2273 2573 Cointe
2303 2531 2446 2572 Annal.

1498 2595 1736 2632 Francorum
1764 2597 1856 2630 tom.
1890 2593 1926 2630 2.
1947 2604 2034 2644 pag.
2058 2591 2160 2642 477,
2182 2604 2266 2644 seq.
2285 2598 2327 2632 et
2349 2597 2448 2633 tom.

1497 2656 1519 2693 6
1545 2668 1581 2706 p.
1610 2656 1658 2694 44
1674 2686 1684 2703 ,
1707 2666 1790 2705 seq.
1816 2654 1885 2693 sed
1910 2658 1951 2693 ct
1972 2655 2228 2695 Paschasium
2255 2654 2450 2702 Quesnel-

1496 2717 1577 2755 lum
1598 2716 1798 2755 dissertat.
1817 2717 1919 2766 XVI,
1935 2715 1983 2755 ad
2004 2717 2175 2756 Leonem
2188 2717 2390 2768 Magnum.
2409 2716 2452 2754 ln

1496 2779 1567 2817 hoc
1587 2778 1730 2818 Codice
1751 2783 1936 2817 exstant:
1958 2778 1992 2826 a)

1497 2840 1678 2880 Canones
1694 2839 1909 2891 Apostolici
1928 2841 2230 2891 quinquaginta.

1498 2902 1680 2942 Canones
1703 2901 1870 2943 Conci'lii
1888 2901 2056 2941 Nicaem·
2073 2903 2162 2941 XX.

1899 2962 2107 3016 Ancyram
2119 2964 2261 3003 XXIV.

1897 3025 2246 3065 Neocaesarienst's
2265 3026 2365 3065 XIV.

1897 3086 2140 3137 Ganyrensis
2159 3087 2248 3126 XX.

1894 3147 1922 3186 A
1930 3147 2125 3187 nta'ochem'
2137 3148 2258 3187 XXV.

1549 3290 1582 3318 η)
1605 3284 1727 3315 conset
1752 3280 1974 3314 Bibliothecae
1998 3283 2142 3314 Graecae
2159 3283 2286 3313 tomum
2316 3282 2354 3313 xl
2375 3289 2453 3322 pag.

1492 3330 1514 3361 5.
1540 3337 1570 3361 ei
1595 3331 1646 3364 61.
