2500 4009
394 220 471 258 566

394 293 580 339 terprete.
611 294 729 334 quem
758 282 905 329 aliquot
947 280 1042 316 locis
1079 274 1333 326 reprehendit

393 357 429 388 et
461 351 532 389 alia
562 346 708 387 Minutii
742 343 911 381 illustrat
934 344 1071 378 auctor
1094 337 1336 376 observatio-

394 424 488 451 num
515 414 552 448 in
582 409 773 447 Auctores
793 408 951 441 veteres
978 406 1018 440 et
1047 405 1228 439 recentes
1256 399 1337 439 An-

394 473 490 521 glice
514 470 706 508 editarum
734 464 897 504 Londini
924 462 1015 502 4734
1043 493 1054 510 ,
1079 463 1114 500 8.
1141 473 1229 513 pag.
1260 463 1309 501 45
1327 492 1336 510 ,

395 530 631 581 soqqssiss,
656 539 767 577 seqq.
791 531 884 564 tom.
911 525 947 563 2.
973 536 1010 575 p.
1041 524 1115 563 440
1141 523 1240 563 adde
1262 523 1336 562 An.

398 593 505 633 ¹732.
538 602 623 641 pag.
655 589 715 629 42.
747 599 858 638 seqq.
880 588 955 635 36,
980 598 1089 637 seqq.
1121 590 1160 624 et
1189 586 1250 623 84.

441 651 593 703 Belyico
629 652 674 690 A.
705 652 930 698 lilzevirio‚
959 650 1057 688 Jcto
1095 650 1336 699 interprete,

389 727 479 754 cum
508 717 623 752 notis.
648 713 815 752 Amstel.
856 712 958 752 4696
973 744 984 760 ,.
1024 712 1086 750 42.
1123 707 1341 749 Boecksaal

391 789 466 817 ran
484 777 670 828 Europae
696 775 808 816 4697.
826 787 912 826 pag.
931 777 944 814 4
957 775 1006 813 65
1028 779 1068 813 et
1091 785 1161 825 per
1177 775 1223 812 M.
1241 774 1336 812 Gar-
1358 783 1361 787 “

389 851 549 891 gonum.
575 840 810 889 Ulyssingac
839 837 939 876 4742
959 868 970 886 ‚
996 838 1033 876 8.

442 902 738 953 Hypercritieus
754 901 1002 940 Minucianus
1015 897 1180 938 Ioannis
1204 898 1337 937 Meur-

386 965 437 1004 si'z
476 976 569 1004 eum
607 964 749 1004 Critico
791 962 879 1012 ejus
929 962 1152 1001 Arnobiano
1195 961 1338 1012 prodiit

387 1027 511 1078 Lugd.
542 1028 676 1065 BataV.
704 1026 830 1071 4598,
855 1025 891 1063 8.
913 1029 953 1063 et
985 1026 1022 1062 in
1064 1023 1155 1062 edit.
1185 1024 1337 1062 Minutii

388 1090 603 1142 posteriore
650 1100 741 1128 cum
785 1088 888 1125 notis
912 1087 999 1125 Var.
1041 1085 1161 1137 Lugd.
1201 1087 1335 1124 Batav.

396 1153 523 1196 4672,
548 1153 584 1190 8,

442 1215 656 1253 Minucium
687 1212 735 1251 ab
754 1213 921 1251 Erasmo
945 1211 1114 1257 editum,
1134 1221 1232 1250 cave
1255 1221 1340 1248 cre-

390 1276 462 1316 das
485 1277 665 1326 Dupinio,
690 1275 757 1325 qui
787 1275 905 1313 etiam
930 1273 1053 1312 salsus
1075 1277 1156 1321 est,
1181 1271 1338 1323 quando

391 1340 570 1389 impingit
590 1339 765 1386 Minutio,
795 1336 899 1387 quod
930 1337 1084 1375 animas
1108 1336 1227 1374 simul
1247 1346 1338 1375 cum

390 1401 618 1452 corporibus
643 1401 740 1438 mori
765 1399 956 1438 docuerit.
978 1400 1109 1450 Longe
1123 1399 1229 1437 enim
1248 1398 1341 1436 alie-

393 1475 486 1502 num
512 1474 554 1501 se
583 1462 631 1501 ab
656 1462 728 1500 hoc
764 1473 896 1500 errore
935 1461 1056 1501 fuisse
1093 1459 1342 1499 demonstrat

390 1537 473 1576 cap.
505 1525 567 1564 34.

442 1587 715 1638 Antiquiorem
737 1597 858 1636 quam
881 1585 1002 1636 vulgo
1025 1583 1200 1623 creditur
1219 1585 1344 1623 Minu-

390 1652 495 1689 cium
518 1680 525 1697 ‚
550 1650 744 1688 extremis
774 1649 890 1687 Marci
928 1647 1118 1686 Antonini
1160 1647 1346 1697 tempori-

391 1714 465 1751 bus
494 1713 701 1762 scripsisse
731 1711 931 1762 persuasit
961 1709 1031 1748 sibi
1071 1710 1189 1747 etiam
1225 1710 1342 1747 llenr.

392 1774 622 1813 Dodwellus
669 1773 718 1811 111
746 1801 754 1819 ‚
800 1773 846 1810 46
874 1802 883 1820 ,
927 1771 1022 1809 diss.
1071 1771 1254 1821 Cyprian.
1293 1770 1344 1808 Et

393 1836 622 1875 Blondellus
654 1835 750 1873 libro
774 1835 922 1873 Gallice
945 1833 1050 1872 edito
1084 1833 1132 1872 de
1156 1832 1341 1872 Euchari-

397 1900 471 1938 stia
492 1910 577 1949 pag.
609 1898 696 1937 449.
726 1898 933 1936 Minutium
961 1896 1167 1946 aequalem
1199 1895 1346 1934 faciens

394 1961 602 1999 Frontonis
628 1989 635 2007 ‚
661 1961 728 2010 qui
749 1961 796 1998 M.
819 1959 1063 1998 Antoninum
1090 1958 1223 1997 docuit
1242 1958 1344 1996 circa

394 2024 555 2061 Annum
580 2023 732 2062 CHristi
759 2022 847 2061 460.
886 2021 1116 2060 salvianum
1156 2019 1344 2058 nonnulla

395 2086 544 2123 Minutii
575 2095 664 2122 esse
705 2085 901 2122 imitatum
937 2083 1179 2121 observavit.
1202 2083 1347 2120 Ritter-

397 2147 571 2185 sliusius.
599 2148 742 2184 Locum
765 2147 960 2195 insignem
990 2145 1140 2183 Minutii
1179 2154 1262 2193 cap.
1296 2144 1338 2181 24

398 2208 445 2245 de
470 2208 632 2246 veribus
657 2210 742 2245 sive
768 2208 922 2254 fulcris,
957 2208 1103 2245 Dianae
1137 2206 1347 2244 simulacro

399 2271 541 2320 apponi
585 2270 711 2307 solitis
751 2269 964 2307 illustravit
994 2270 1086 2307 Luc.
1123 2268 1348 2306 Holstenius

401 2333 436 2368 in
461 2331 647 2382 singulari
688 2331 784 2368 diss.
823 2330 869 2369 ad
907 2329 1162 2380 symbolicam
1203 2330 1348 2367 Dianae

398 2394 593 2445 Ephesiae
624 2398 797 2432 statuam
816 2404 838 2431 a
858 2392 1018 2432 Claudio
1044 2392 1267 2443 Menetrejo,
1297 2393 1351 2431 ci-

401 2455 1350 2506 meliotbecaeBarberinaepraefectoexpositam‚

402 2520 507 2556 iloni.
534 2519 660 2566 4688,
686 2518 745 2556 fol.
777 2519 874 2557 Eam
916 2516 1089 2556 lacobus
1125 2517 1348 2555 Gronovius

403 2583 439 2619 in
472 2586 565 2619 tom.
607 2582 697 2628 vll,
728 2581 903 2620 thesauri
940 2581 1120 2619 Graecar.
1153 2580 1346 2630 Antiquit.

402 2656 483 2695 pag.
511 2645 586 2684 393
610 2649 649 2682 et
688 2646 724 2682 in
765 2655 836 2682 sua
859 2644 1014 2682 Minucii
1051 2643 1220 2682 editione
1252 2644 1349 2680 inte-

404 2719 511 2754 gram
537 2707 716 2745 exhibuit
740 2718 826 2757 pag.
851 2706 940 2744 209.
1353 2747 1355 2749 ,

456 2770 602 2809 FELIX
625 2766 894 2807 Narbonensis
909 2768 1130 2817 Episcopus
1153 2768 1255 2805 circa
1269 2765 1349 2805 An-

405 2844 496 2870 num
528 2833 602 2870 6230
634 2831 750 2880 cujus
784 2828 961 2881 Epistola
989 2828 1044 2867 ατί
1085 2828 1345 2868 Desiderium.

404 2895 695 2933 cadurcensem
726 2893 830 2930 edita
855 2904 876 2931 a
906 2893 1061 2930 Canisio
1094 2896 1187 2929 tom.
1212 2892 1257 2929 V.
1280 2903 1349 2929 an—

407 2963 547 3006 tiquar.
580 2958 684 2994 Lect.
716 2958 822 2993 ‘tom.
856 2956 881 2992 l.
913 2954 1072 2992 edition.
1105 2965 1230 2992 novae
1260 2966 1345 3003 pag.

407 3021 479 3057 {3130
504 3024 543 3055 et
568 3017 755 3057 Desiderii
777 3017 823 3055 ad
851 3017 1017 3055 Felicem
1039 3028 1122 3067 pag.
1145 3017 1213 3055 644
1253 3017 1349 3054 liae-

407 3082 494 3119 ‹lern
516 3081 713 3132 Epistulae
743 3079 884 3118 deinde
905 3079 1032 3117 editae
1059 3080 1100 3116 in·
1127 3077 1347 3128 Marquardi

412 3144 564 3180 {fn-lieri
590 3144 760 3194 Corpore
782 3143 988 3180 Francicae
1027 3141 1211 3179 historiae
1243 3145 1351 3179 vete-

411 3206 479 3250 ris,
501 3209 539 3240 et¹
565 3207 600 3242 in
620 3205 796 3243 Andreae
813 3204 866 3244 du
884 3204 1041 3244 Cliesnc
1058 3209 1152 3242 tom.
1170 3205 1196 3243 Ι.
1212 3205 1348 3243 Frane.

411 3267 671 3316 pag.88l.et
697 3268 785 3304 888.

467 3329 609 3366 lsi-MK
630 3331 658 3366 l.
677 3329 894 3378 Episcopus
916 3331 1114 3370 Romanus
1131 3329 1178 3367 ab
1198 3328 1242 3366 A.
1260 3329 1348 3367 270.

1255 204 1488 244 FELIX

1405 274 1567 314 Calend.
1589 276 1678 313 Jau.
1701 276 1749 313 ab
1771 275 1844 315 An.
1869 272 2196 318 274.‘Decembr.
2220 279 2284 319 24.
2309 284 2350 319 et

1405 338 1552 386 Martyr
1574 337 1637 375 cui
1662 339 1743 376 cres
1768 337 1963 388 Epistolas
1998 341 2207 392 supposuit
2230 340 2351 389 Isido-

1408 409 1477 437 rus
1500 400 1715 448 Mercator,
1740 410 1859 438 unam
1879 401 1933 439 ad
1954 403 2168 442 Paternum
2191 404 2352 454 Episco-

1408 472 1530 511 pum,
1567 460 1732 499 alteram
1764 460 1818 499 ad
1850 462 2062 514 Episcopos
2096 463 2247 504 Galliae
2283 477 2353 517 per

1409 523 1633 573 provincias
1668 524 1925 572 constitutos,
1949 530 1989 564 et
2016 529 2173 567 tertiam
2210 527 2258 568 ad
2282 529 2355 568 Be-

1409 584 1581 635 niynum.
1622 585 1702 624 Eas
1740 585 1911 625 falsitate
1951 589 2155 629 convictas
2193 590 2355 630 exhibet

1408 646 1636 686 Blondellus
1651 649 1688 686 in
1714 647 2034 688 Pseudo-Isidoro
2057 661 2144 702 pag.
2160 653 2248 692 353.
2269 663 2355 703 seq.

1463 710 1614 749 FELIX
1640 711 1686 748 ΙΙ.
1715 709 1764 748 ab
1801 709 1874 749 An.
1900 711 1989 750 355.
2011 711 2060 750 ad
2085 712 2174 752 358.
2195 715 2271 754 Jul.
2291 715 2354 755 29.

1409 772 1630 822 Episcopus
1648 773 1851 811 Romanus
1869 802 1877 821 ‚
1894 785 2013 824 quem
2031 774 2232 815 intrusum
2256 777 2358 816 indi-

1408 838 1552 885 gnatur
1572 834 1610 873 S.
1636 832 1878 874 Athanasius
1902 836 1939 873 in
1979 835 2142 877 historia
2178 835 2357 878 Arianor.

1409 902 1502 935 tom.
1529 898 1544 936 4
1569 927 1576 947 ,
1602 908 1688 947 pag.
1709 897 1799 936 389.
1830 898 1927 937 Huic
1965 898 2003 936 in
2041 899 2354 940 Pseudo-Isidori

1409 959 1559 1009 sylloge
1583 959 1817 998 tribuuntur
1839 959 1943 999 duae
1962 959 2164 1012 Epi-‘stolae
2178 993 2189 1011 ,
2207 973 2286 1002 una
2307 962 2362 1002 ad

1409 1020 1671 1060 Athanasium
1687 1025 1726 1060 et
1738 1020 2242 1075 universosAEyyptwrum,
2264 1023 2359 1063 The-

1412 1082 1621 1122 baidorum
1642 1115 1650 1134 ‚
1674 1081 1890 1135 Libyorum
1925 1084 2140 1138 Episcopos
2161 1087 2199 1125 in
2223 1091 2360 1126 sancta

1409 1145 1672 1185 Alexandrina
1697 1145 1855 1196 Synodo
1874 1151 2132 1198 congregatos
2149 1160 2156 1186 :
2173 1151 2214 1186 et
2232 1147 2357 1188 altera

1412 1210 1569 1248 nomine
1593 1209 1755 1248 Concilii
1786 1209 1950 1247 Romani
1970 1208 2025 1247 ad
2054 1208 2263 1250 universos
2281 1209 2361 1262 spi-

1410 1269 1577 1310 rituales
1598 1269 1762 1322 fratres,
1784 1270 1888 1321 apud
1909 1271 2158 1311 Blondellum
2177 1273 2214 1311 in
2237 1273 2360 1313 Pseu-

1412 1332 1627 1372 do-lsidoro
1651 1344 1737 1383 pag.
1765 1333 1853 1371 499.
1888 1343 1970 1384 seq.
2007 1344 2085 1373 una
2108 1345 2200 1374 cum
2228 1336 2359 1384 notis,

1413 1395 1557 1445 quibus
1588 1395 1771 1434 falsitatis
1807 1396 2114 1435 convincuntur.
2153 1396 2305 1437 Exstat
2327 1400 2366 1436 et

1414 1457 1557 1505 tertia,
1583 1459 1710 1508 inquit
1747 1457 1851 1509 apud
1890 1457 2134 1497 Ludovicum
2170 1459 2361 1500 Jacobum

1414 1521 1648 1558 Franciscus
1683 1521 1897 1568 Joverius,
1925 1519 2045 1571 hujus
2079 1521 2278 1573 Pontificis
2309 1521 2364 1562 ad

1416 1581 1628 1633 Episcopos
1665 1581 1871 1634 AEyyptios
1905 1582 2082 1634 Epistola
2105 1583 2367 1624 cohortatoria

1416 1643 1463 1683 ad
1489 1645 1786 1695 persecutiones
1809 1650 1849 1683 et
1871 1644 2145 1685 tribulationes
2186 1646 2368 1686 ferendas

1414 1707 1622 1757 patienter.
1662 1707 1738 1746 Sed
1776 1719 1846 1758 pro
1883 1707 2000 1746 tertia
2032 1707 2137 1759 apud
2165 1709 2370 1749 Joverium

1416 1768 1520 1807 haud
1546 1769 1663 1807 dubie
1688 1768 1862 1808 secunda
1881 1770 1955 1820 legi
1979 1770 2097 1809 debet
2115 1802 2127 1820 ,
2163 1782 2254 1810 nam
2288 1781 2366 1810 non

1417 1832 1490 1869 nisi
1516 1833 1683 1882 primam
1707 1832 1769 1870 ille
1793 1832 1983 1871 attulerat
1996 1836 2107 1884 parte
2124 1833 2160 1872 3.
2176 1843 2262 1884 pag.
2280 1832 2368 1873 426.

1416 1894 1642 1932 Genuinum
1679 1894 1946 1944 fragmentum
1969 1906 2019 1934 ex
2042 1895 2220 1946 Epistola
2243 1893 2367 1946 hujus

1417 1957 1558 1995 Felicis
1581 1955 1635 1994 ad
1653 1956 1880 1996 Maoez'mum
1896 1956 2133 2008 Episcopum
2152 1960 2191 1997 et
2205 1956 2368 1998 Clerum

1418 2017 1534 2057 Aleoe.
1573 2018 1721 2058 Graece
1744 2030 1793 2057 ex
1832 2018 1942 2057 Actis
1975 2019 2137 2060 Concilii
2175 2020 2367 2072 Ephesini

1418 2080 1582 2119 Actione
1606 2081 1633 2119 Ι.
1659 2092 1745 2131 pag.
1771 2081 1859 2120 542.
1885 2084 1925 2119 et
1948 2081 2083 2131 Cyrilli
2118 2080 2370 2133 Apologetico

1419 2143 1614 2182 adversus
1637 2142 1879 2190 Orientales,
1901 2142 2155 2181 anathemate
2178 2144 2213 2181 6.
2239 2147 2278 2182 et
2300 2145 2373 2183 La-

1421 2206 1502 2243 tine
1525 2216 1574 2243 ex
1599 2205 1716 2243 Mario
1743 2205 1957 2243 Mercatore
1981 2215 2068 2255 pag.
2104 2203 2193 2244 478.
2217 2209 2258 2244 et
2280 2205 2369 2245 240.

1421 2267 1512 2305 edit.
1552 2267 1786 2306 Baluzianae
1823 2266 1936 2304 offert
1964 2271 2005 2304 et
2044 2266 2159 2305 Felici
2197 2266 2372 2306 vindicat

1422 2332 1561 2368 Petrus
1606 2330 1800 2369 Coustant
1836 2329 1874 2366 in
1911 2329 2100 2380 Epistolis
2136 2329 2370 2369 Pontificum

1422 2404 1509 2443 pag.
1530 2392 1620 2430 298.

1476 2455 1624 2493 FELIX
1649 2454 1714 2492 ΙΙΙ.
1740 2454 1841 2504 Papa
1879 2453 1928 2492 ab
1951 2452 2025 2492 An.
2062 2454 2150 2493 483.
2175 2453 2285 2493 Febr.
2311 2455 2373 2494 43.

1422 2516 1469 2555 ad
1496 2515 1568 2555 An.
1596 2516 1682 2555 492.
1707 2516 1770 2555 25
1794 2516 1905 2555 Febr.
1931 2515 1980 2555 de
1995 2515 2076 2567 ‘quo
2093 2516 2191 2556 Acta
2209 2517 2373 2556 Sancto-

1423 2590 1509 2617 rum
1550 2583 1643 2616 tom.
1669 2579 1733 2616 ΙΙΙ.
1772 2578 1881 2617 Febr.
1908 2578 1972 2618 25.
2001 2589 2088 2629 pag.
2112 2579 2200 2618 502.
2226 2589 2308 2630 seq.
2333 2583 2374 2617 et

1425 2641 1699 2679 'tillemontius
1725 2644 1819 2679 torn.
1845 2641 1946 2680 XVI.
1978 2651 2144 2679 memor.
2168 2651 2254 2692 pag.
2282 2640 2370 2680 436.

1422 2715 1504 2753 seq.
1523 2701 1648 2753 Hujus
1665 2701 1863 2753 Epistolae
1878 2701 2079 2741 seoedecz‘m
2094 2703 2134 2741 in
2147 2703 2266 2741 tomis
2274 2702 2375 2742 Con-

1422 2766 1599 2804 ciliorum
1621 2765 1831 2816 leguntur,
1856 2765 1905 2804 de
1928 2765 2074 2815 quibus
2098 2768 2192 2803 tom.
2216 2765 2284 2803 XI.
2309 2765 2373 2804 Bi-

1422 2828 1638 2867 bliothecae
1659 2828 1830 2866 Graecae
1854 2838 1939 2878 pag.
1978 2827 2065 2867 442.
2105 2826 2282 2879 Epistola
2318 2825 2374 2866 ad

1422 2892 1640 2939 Zenonem,
1686 2890 1926 2940 Episcopum
1974 2888 2254 2940 Stapulensem
2277 2917 2286 2938 7
2332 2889 2389 2927 in·

1421 2953 1589 3001 Agvirrii
1623 2951 1807 2991 Conciliis
1843 2951 2051 3001 Hispaniae
2089 2953 2183 2989 tom.
2207 2950 2258 2998 2,
2281 2961 2370 3003 pag.

1422 3016 1511 3054 234.
1529 3015 1694 3053 Felicem
1712 3013 1818 3052 hunc
1838 3012 2266 3063 Constantinopolitani
2278 3013 2372 3063 Epi-

1424 3078 1529 3129 scopi
1550 3075 1689 3115 Acacii
1706 3075 1980 3114 damnatorem
2006 3079 2123 3113 vocat
2163 3073 2370 3113 Facundus

1424 3140 1520 3178 libro
1556 3143 1693 3178 contra
1731 3138 1956 3176 Mucianum
1987 3136 2296 3184 scholasticum,
2320 3135 2369 3174 ad

1423 3214 1542 3253 quem
1567 3202 1695 3240 locum
1723 3198 1957 3239 Sirmondus
1978 3203 2072 3238 tom.
2096 3198 2133 3238 2.
2157 3197 2255 3248 Opp.
2280 3206 2368 3248 pag:

1425 3266 1513 3303 831.
1549 3261 1763 3316 formulam
1796 3260 1878 3300 sive
1902 3258 2070 3299 edictum
2105 3257 2370 3298 damnationis

1424 3325 1569 3373 edidit,
1594 3325 1729 3364 datum
1769 3323 1962 3362 venantio
1995 3321 2164 3360 Consule
2203 3319 2288 3376 (An.
2323 3323 2367 3361 C.
