2500 3841
875 216 1299 257 DIONYSIUS

502 284 712 324 Laodiceni
730 286 827 324 LIX.

503 346 927 398 Constantiaopolz'tam'
948 351 1011 388 III.

500 407 832 448 Chalcedonensis
857 412 1017 450 XXVII.

497 468 750 510 Sardicensis
769 473 877 510 XXI.

501 531 829 583 Carthayinensis
851 538 892 573 et
920 534 1051 573 diver—

125 605 262 634 sorum
283 593 553 634 Conciliorum
578 592 798 645 Africanae
809 596 1052 645 Provinciae,

94 656 346 697 CXXXVIII.

91 717 322 757 Editionem
336 717 492 758 Codicis
509 717 631 768 hujus
652 719 895 769 Dionysiani,
918 719 988 758 sed
1002 731 1051 758 ex

92 780 345 831 interpolato,
364 785 408 819 ut
432 780 610 829 videtur,
635 781 671 830 b>
693 781 836 822 Codice
857 781 1051 821 debemus

92 840 376 894 Christophoro
410 844 430 881 J
437 843 579 882 ustello
597 873 605 891 ,
646 845 805 882 Parisiis
841 845 942 883 1628
965 875 973 894 ,
1013 845 1048 882 8.

91 903 198 943 unde
218 915 388 944 recusus
411 909 474 943 est
495 906 532 942 111
558 908 653 943 tom.
683 906 812 955 priore
837 905 1051 944 Bibliothe—

89 976 160 1004 cae
180 966 402 1005 Canonicae
436 966 622 1005 Guilelmi
661 967 783 1005 vuelli
819 972 860 1006 et
892 967 1049 1007 Henrici

88 1028 110 1065 J
115 1028 268 1077 ustelli,
289 1029 511 1080 praemissa
530 1029 707 1079 Dionysii
729 1028 778 1067 ad
795 1029 1046 1080 Stephanum

88 1088 269 1140 Epistola
292 1101 329 1140 p.
366 1091 455 1129 101.
492 1091 653 1129 Parisiis
675 1090 770 1130 1661
797 1120 805 1139 ,
839 1091 902 1129 fol.
928 1094 1048 1140 atque

87 1150 180 1190 inde
199 1152 238 1190 in
261 1152 527 1191 Conciliorum
556 1153 701 1191 Tomis.

143 1214 302 1252 Primus
321 1213 441 1252 etiam
454 1214 672 1263 Dionysius
688 1214 847 1265 collegit
862 1218 903 1252 et
918 1213 1050 1265 diges-

92 1275 145 1313 sit
178 1272 326 1313 librum
357 1273 626 1325 decretorum,
663 1276 749 1315 sive
783 1276 1045 1315 decretalium

87 1337 357 1388 Epistolarum
386 1337 623 1376 Pontificum
659 1338 956 1388 Romanorum,
986 1350 1047 1377 ro-

87 1403 209 1451 gante
238 1398 400 1438 Juliano
423 1399 661 1450 Presbytero
681 1401 857 1439 Romano
876 1401 982 1440 tituli
1004 1401 1044 1440 S.

85 1461 322 1502 Anastasiae
341 1491 350 1511 ,
369 1461 420 1501 ad
442 1473 564 1512 quem
581 1460 762 1513 Epistola
783 1464 816 1512 (a
840 1462 1043 1501 Blondello

85 1528 127 1562 et
143 1535 194 1563 ex
209 1523 408 1564 Sirmondi
425 1524 569 1564 Codice
586 1535 608 1563 a
621 1526 641 1563 J
648 1525 790 1564 ustello
806 1524 1044 1575 edita)prae-

86 1586 270 1625 mittitur.
288 1586 331 1624 In
350 1585 423 1625 hac
441 1586 675 1626 collectione
695 1591 859 1626 exstant
877 1587 1039 1626 decreta

81 1648 190 1687 nulla
211 1652 304 1687 ante
333 1648 544 1687 Siricium:
576 1660 678 1699 quae
709 1660 804 1688 vero
843 1653 1006 1689 exstant
1030 1681 1038 1700 ,

84 1710 182 1750 haee
205 1714 302 1750 sunt
320 1723 329 1750 :

84 1772 170 1811 XV.
190 1773 360 1812 Decreta
379 1772 533 1822 Siricii,
554 1775 681 1824 Papae
702 1773 777 1813 An.
796 1774 874 1813 385
894 1773 943 1813 ad
965 1775 1041 1813 398

84 1833 200 1873 LVII.
367 1835 588 1874 Innocentz'i
614 1836 637 1873 I
797 1836 873 1875 402
964 1837 1039 1876 416

81 1897 144 1935 IV.
364 1896 517 1936 Zosimi
799 1897 876 1937 417
965 1899 1041 1938 418

81 1959 145 1997 lV.
361 1957 563 2012 Bonifacii
583 1960 613 1998 I.
795 1960 872 2000 418
963 1961 1039 2000 423

81 2021 208 2060 XXII.
368 2020 584 2060 Caelestini
797 2023 873 2061 423
963 2024 1031 2062 431

82 2083 221 2121 XLIX.
359 2083 498 2123 Leonis
517 2084 548 2121 I.
796 2085 872 2123 440
962 2086 1030 2125 461

81 2144 260 2183 XXVIII.
360 2143 510 2184 Gelasiz
794 2147 871 2187 492
961 2148 1037 2187 496

83 2207 180 2245 VIII.
354 2206 567 2247 Anastasii
793 2210 869 2248 496
959 2210 1035 2248 498

81 2270 185 2309 Haec
204 2270 385 2308 collectio
405 2272 566 2322 saepius
588 2271 696 2312 edita
717 2272 756 2310 in
784 2273 904 2311 tomis
933 2273 1036 2312 Con-

78 2331 259 2370 ciliorum
288 2336 329 2370 et
365 2343 458 2371 cum
488 2332 632 2373 Codice
661 2334 868 2374 Canonum
903 2346 926 2374 a
966 2336 1035 2374 Ju-

0 2420 1 2430 ,
78 2392 194 2431 stello
213 2394 247 2442 c)
267 2397 309 2431 et
329 2394 368 2432 in
389 2394 632 2434 Bibliotheca
648 2396 866 2435 Canonica:
888 2397 1034 2435 Exstat

0 2506 1 2510 Ἰ
78 2458 119 2492 et
141 2455 219 2494 MS.
247 2459 369 2495 vetus
408 2458 539 2495 versio
576 2457 786 2497 Theotisca
823 2459 1033 2508 utriusque

0 2564 1 2571 ἵ
78 2515 265 2566 sylloges,
284 2518 373 2554 tum
396 2517 617 2566 Canonum,
638 2529 731 2557 cum
750 2520 1035 2565 Decretorum,

78 2578 155 2616 nisi
174 2577 280 2628 quod
303 2577 474 2616 decretis
507 2580 628 2618 etiam
662 2581 737 2619 alia
766 2580 1034 2630 Pontificum,

0 2634 1 2637 ’
78 2641 146 2690 qui
162 2644 253 2691 post
263 2640 499 2690 Dionysium
517 2640 638 2688 fuere,
652 2646 922 2681 accesserunt.
938 2642 1036 2681 Vide

0 2712 2 2746 ζ
76 2701 355 2742 Bernhardum
372 2703 449 2741 Pez
466 2706 563 2741 tom.
579 2704 593 2742 1
607 2733 614 2741 .
629 2702 926 2743 Anecdotorum
947 2715 1034 2756 pag.

79 2763 182 2814 373,
204 2765 294 2803 401.

80 2827 219 2866 Latine
240 2829 362 2867 vertit
380 2828 597 2878 Dionysius
615 2838 730 2878 porro
747 2840 754 2865 :

139 2890 155 2928 1
192 2889 371 2928 Proterii
387 2889 608 2941 Epistolam
631 2889 873 2939 paschalem,
894 2890 942 2929 de
959 2903 1037 2941 qua

78 2962 199 3002 supra
213 2963 300 3002 pag.
322 2952 411 2991 102.

133 3014 158 3052 2
190 3013 319 3052 Vitam
337 3014 377 3053 S.
399 3013 606 3052 Pachomii
621 3012 788 3053 Abbatis
807 3025 899 3052 cum
923 3025 1035 3065 prae-

15 3070 18 3072 ’
81 3075 226 3114 fatione
240 3106 252 3124 ‚
269 3086 390 3126 quam
404 3087 427 3114 a
452 3077 695 3127 Lipomanno
716 3080 757 3115 et
778 3077 893 3116 Surio
913 3078 1032 3115 omis-

84 3147 170 3176 sam
186 3139 354 3176 miratur
368 3138 565 3177 Baronius
585 3138 633 3177 ad
653 3139 902 3189 Martyrolog.
923 3140 1032 3177 Rom.

136 3247 172 3288 b)
197 3248 279 3281 Vide
300 3249 519 3282 paschasium
543 3248 759 3289 Quesnellum
783 3257 859 3290 pag.
883 3248 945 3280 774
967 3257 1036 3290 seq.

79 3297 120 3330 ad
141 3301 285 3331 Leonem
302 3301 468 3339 Magnum.

138 3346 172 3385 a)
193 3348 420 3381 Bibliothecae
443 3351 587 3381 Graecae
609 3355 688 3381 tom.
713 3350 751 3379 xl
776 3357 850 3388 pag.
878 3348 927 3381 15.

2000 222 2071 262 451

1126 300 1210 339 pag.
1243 290 1333 328 218.
1360 289 1451 328 Sed.
1471 299 1563 328 cum
1586 289 1648 328 illa
1679 290 1923 341 praefatione
1952 297 2085 331 exstat

1127 352 1164 389 in
1189 351 1382 390 lleriberti
1402 351 1604 391 Rosweidi
1624 352 1726 390 Vitis
1746 353 1908 391 Patrum
1929 365 2004 404 pag
2029 355 2079 391 85

1125 417 1166 451 et
1186 414 1224 451 in
1244 413 1356 452 Actis
1379 414 1617 452 Sanctorum
1637 415 1739 453 XIV.
1772 414 1873 465 Maji.
1887 416 2081 454 Praefatio

1127 474 1308 526 dirigitur
1324 475 1372 514 ad
1395 476 1528 514 nescio
1552 487 1672 526 quam
1692 477 1900 515 Dominam
1920 507 1928 525 ,
1957 489 2078 529 quarn

1126 536 1397 575 venerandam
1421 535 1502 576 sibi
1518 542 1557 575 et
1577 538 1616 575 in
1635 538 1807 577 CIIristo
1823 550 1976 590 quoque
1994 551 2080 578 ma-

1127 598 1496 650 ‚qmficentissz'mam
1516 601 1734 650 Dionysius
1752 602 1936 652 appellat.

1181 661 1203 698 3
1232 659 1454 710 Epistolam
1473 659 1520 698 cle
1537 661 1615 711 fide
1633 693 1644 710 ,
1669 674 1690 700 a
1714 662 1851 700 Proclo
1887 665 2086 703 Constan-

1128 723 1384 773 tinopolitano
1417 721 1464 760 ad
1498 722 1710 762 Armeniae
1749 725 2010 775 Presbyteros
2043 732 2084 765 et

1125 783 1470 823 Archimandritas
1509 784 1542 833 a)
1585 796 1656 835 per
1696 785 1963 826 Theodosium
1997 791 2084 828 sive

1123 845 1372 884 Theodorum
1394 846 1613 884 Diaconum
1636 847 1802 885 missam
1822 848 1897 886 An.
1929 851 2085 889 CHristi

1125 908 1200 946 435
1216 919 1319 957 qnae
1336 918 1428 946 cum
1447 908 1624 957 Dionysii
1642 910 1839 957 versione,
1866 914 2087 960 praemissa

1123 967 1212 1018 ejus
1234 968 1415 1019 Epistola
1431 968 1487 1008 ad
1500 968 1748 1008 Felicianum
1772 972 1976 1011 Pastorem
1997 986 2085 1025 pro-

1123 1029 1194 1068 diit
1216 1032 1255 1069 in
1276 1031 1453 1070 antidoto
1473 1031 1670 1070 adversus
1687 1032 1886 1082 haereses,
1902 1035 2079 1074 Basileae

1125 1093 1229 1132 1528
1247 1122 1255 1141 ,
1281 1094 1343 1132 fol.
1364 1098 1405 1132 et
1425 1093 1568 1133 deinde
1590 1095 1750 1145 saepius
1772 1106 1913 1134 recusa
1934 1101 2010 1148 est,
2035 1102 2080 1136 ut

1124 1154 1205 1193 dixi
1226 1156 1264 1193 in
1290 1155 1531 1195 Bibliotheca
1555 1155 1706 1195 Graeca
1734 1161 1829 1195 tom.
1858 1158 1960 1197 VIII.
1992 1170 2078 1210 pag.

1124 1216 1201 1255 605
1220 1247 1231 1265 ,
1258 1227 1340 1267 seq.
1366 1218 1697 1257 Occurrit-etiam
1721 1220 1757 1256 in
1784 1219 1970 1258 Conciliis
1990 1221 2086 1260 Har-

1122 1277 1233 1317 duini
1253 1283 1348 1317 tom.
1375 1279 1412 1317 1.
1432 1291 1518 1331 pag.
1543 1279 1658 1320 1722.

1176 1341 1198 1379 4
1228 1340 1421 1392 Ejusdem
1445 1341 1581 1380 Procli
1596 1374 1606 1391 ,
1628 1343 1818 1393 Cyziceni
1840 1344 1972 1385 adhuc
1988 1346 2080 1396 Epi-

1120 1404 1255 1454 scopi,
1288 1402 1573 1442 Laudationem
1595 1403 1636 1442 in
1661 1406 1958 1445 sanctissimam
1988 1412 2082 1447 Θεο-

1118 1461 1233 1502 τόκον
1266 1464 1441 1505 Mariam
1455 1497 1465 1514 ,
1500 1471 1637 1505 contra
1672 1467 1897 1506 Nestorium
1932 1468 2082 1508 dictam

1117 1528 1274 1578 publice
1305 1529 1648 1579 Constantinopoli
1668 1528 1742 1568 An.
1765 1529 1855 1569 429.
1891 1532 2029 1570 Latine
2060 1544 2082 1570 e

1115 1590 1225 1629 MSto
1243 1590 1434 1629 Vaticano
1466 1590 1685 1641 publicavit
1704 1596 1745 1629 et
1770 1593 1966 1642 Dionysio
1993 1604 2082 1632 ver-

1115 1653 1269 1691 sionem
1290 1653 1429 1692 tribuit
1448 1653 1683 1693 Vincentius
1702 1654 1919 1693 Riccardus
1940 1657 1978 1693 in
1999 1666 2073 1695 sua

1115 1714 1239 1752 Procli
1253 1725 1418 1765 operum
1434 1715 1605 1755 editione
1625 1727 1711 1767 pag.
1725 1715 1801 1754 673
1817 1717 1963 1756 Romae
1976 1718 2077 1756 1630

1114 1776 1147 1813 4.
1179 1776 1281 1814 Cum
1317 1776 1457 1815 eadem
1486 1778 1683 1825 versione,
1713 1789 1835 1828 quam
1861 1790 1956 1817 vero
1993 1791 2071 1818 non

1111 1837 1302 1887 Dionysii,
1331 1837 1402 1876 sed
1425 1839 1534 1877 Marii
1564 1839 1790 1877 Mercatoris
1818 1851 1910 1879 esse
1939 1846 2074 1891 putat,

1115 1898 1297 1949 vulgavit
1322 1899 1527 1938 Johannes
1561 1900 1779 1940 Garnerius
1795 1905 1889 1940 tom.
1912 1903 1948 1940 2.
1969 1903 2072 1953 Ope-

1114 1971 1202 1998 rum
1222 1961 1449 2000 Mei-catoris
1473 1973 1561 2012 pag.
1582 1963 1645 2001 19.
1669 1963 1828 2001 Parisiis
1850 1963 1953 2002 1673
1972 1994 1980 2013 ,
2007 1964 2070 2003 fol.

1167 2024 1191 2061 5
1224 2022 1411 2074 Greyorii
1436 2023 1608 2075 Nysseni
1634 2025 1854 2075 (perperam
1888 2025 2076 2064 Emeseni

1113 2085 1149 2122 in
1172 2084 1412 2134 quibusdam
1428 2086 1632 2124 Trithemii
1651 2086 1907 2136 editionibus)
1921 2086 1968 2125 de
1987 2099 2079 2126 con-

1111 2144 1446 2185 ditionehominis:
1457 2147 1563 2186 edita
1570 2148 1743 2198 primum
1755 2148 1938 2187 Coloniae
1960 2148 2076 2196 1537,

1111 2207 1173 2246 fol.
1189 2212 1230 2246 et
1251 2208 1394 2247 deinde
1415 2210 1530 2249 1551.
1551 2210 1728 2248 Basileae
1753 2211 1866 2250 1562.
1889 2211 2073 2250 Coloniae

1111 2271 1126 2308 1
1138 2268 1271 2309 573111
1279 2271 1943 2322 LatinisNyssenieditionibus,sed
1955 2275 2076 2312 omis-

1109 2341 1152 2369 sa
1167 2332 1351 2371 versione
1360 2334 1614 2383 praefationis
1624 2335 1910 2384 Nyssenianae,
1923 2339 1967 2372 et
1982 2336 2071 2373 Dio-

1108 2394 1400 2444 nysiiEpistola
1408 2394 1647 2435 dedicatoria
1663 2395 1718 2434 ad
1728 2395 1970 2448 Euqupium
1983 2398 2074 2435 Pre-

1108 2454 1224 2504 sbyte
1234 2467 1336 2505 rum,
1355 2468 1476 2506 quam
1495 2458 1823 2508 utramqueeMS.
1840 2459 2072 2509 Corbejensi

1108 2515 1291 2566 vulgavit
1305 2518 1480 2556 Joannes
1497 2519 1746 2558 Mabillonius
1764 2520 1802 2556 111
1818 2519 1955 2557 limine
1971 2523 2067 2557 tom.

1110 2577 1147 2615 2.
1168 2575 1452 2618 Analectorum
1471 2609 1479 2626 ,
1496 2582 1654 2619 Parisiis
1677 2580 1779 2620 1677
1798 2609 1806 2628 ,
1828 2581 1864 2618 8.
1887 2582 1937 2629 (in
1960 2592 2063 2620 nova

1110 2637 1283 2678 editione
1303 2640 1424 2678 Paris.
1448 2640 1550 2680 1723
1574 2672 1582 2691 ,
1609 2642 1671 2679 fol.
1697 2653 1783 2692 pag.
1816 2642 1891 2690 59.)
1922 2642 2071 2693 Eugip-

1114 2701 1203 2750 pius
1221 2701 1284 2739 ille
1301 2700 1419 2751 idem,
1436 2713 1556 2752 quem
1578 2714 1670 2741 cum
1687 2703 1878 2753 Dionysio
1891 2704 2068 2743 celebrat

1111 2761 1374 2801 Cassiodorus
1394 2764 1569 2802 Divinar.
1591 2765 1696 2802 Lect.
1717 2775 1801 2815 cap.
1828 2764 1891 2802 23.

1162 2823 1295 2862 Β351111
1312 2823 1494 2864 homilias
1514 2826 1553 2862 in
1573 2825 1853 2873 hexaemeron,
1872 2826 2067 2877 interpre-

1110 2888 1238 2923 tatum
1260 2896 1349 2925 esse
1381 2887 1617 2937 Dionysium
1648 2887 1784 2926 scribit
1818 2887 2068 2927 clarissimus

1110 2947 1269 2986 Caveus
1288 2978 1298 2995 ,
1321 2948 1386 2986 ubi
1407 2948 1456 2988 de
1477 2949 1620 2988 Basilio
1642 2962 1648 2986 :
1672 2948 1742 2987 sed
1764 2950 1946 2999 suspicor
1981 2960 2065 2988 me-

1110 3009 1256 3047 moriae
1277 3008 1365 3059 ejus
1384 3010 1637 3050 obversatam
1651 3011 1820 3061 Nysseni
1839 3011 2065 3061 imaginem,

1109 3074 1149 3108 et
1170 3080 1263 3108 cum
1284 3072 1426 3110 Basilio
1447 3076 1713 3123 permutatam
1738 3072 1872 3110 fuisse.

1143 3131 1719 3172 ss.]l!areelliA1·ehimandritae
1737 3133 1882 3183 spelaei
1898 3134 2067 3174 Emesae

1112 3193 1227 3231 vicini
1240 3192 1446 3233 historiam
1464 3194 1696 3233 inventionis
1712 3193 1853 3245 capitis
1871 3194 1910 3233 S.
1920 3192 2064 3232 ,lolian—

1170 3350 1202 3388 a)
1227 3350 1306 3383 Vide
1326 3353 1450 3384 Baluzii
1474 3352 1621 3383 concilia
1653 3357 1732 3384 tom.
1759 3355 1769 3382 I
1799 3360 1874 3391 pag.
1896 3351 1968 3384 016.
