2500 3841
959 245 1163 286 BEDAE

136 313 391 364 Quaestiones
412 325 462 353 ex
481 313 597 353 dictis
613 314 786 363 Patrum,
800 314 1032 369 Augustino,

80 378 334 427 Hieronymo,
350 376 515 425 Isidoro,
541 377 698 416 Sedulio
711 382 786 416 etc.
806 378 846 416 in
868 378 1031 420 Genesin

80 450 167 491 pag.
191 438 254 478 78.
276 437 481 487 Emodum,
503 450 589 490 pag.
611 439 686 478 496
701 439 928 491 Leviticum,
943 455 1027 495 pag.

80 502 158 541 249
180 500 388 549 Numeros,
408 511 496 551 pag.
520 501 598 540 228
622 504 660 539 et
675 501 1029 553 Deuteronomium,

80 574 167 614 pag.
187 563 258 603 241
288 574 397 601 more
424 563 572 614 Dialogi
601 564 704 602 inter
733 566 962 615 Magistrum
991 573 1032 607 ct

79 625 337 676 Discipulum.
353 625 402 663 In
420 623 567 664 librum
587 626 746 676 Josuae,
757 639 843 678 pag.
859 628 947 667 248.
961 630 1033 668 Ju-

80 686 228 738 dicum,
251 699 338 739 pag.
359 688 449 727 255.
470 687 590 737 Ruth,
614 700 700 740 pag.
732 690 820 729 261.
858 694 1032 741 quatuor

67 747 202 795 libros
229 751 394 800 Reyum,
429 761 515 801 pag.
546 751 642 799 262,
680 752 774 798 273,
812 753 911 799 275,
940 754 1028 793 278.

77 811 340 858 Quaestiones
361 811 490 851 Bedae
513 814 552 850 in
571 813 696 852 Vetus
716 818 757 852 et
784 813 941 854 Novum
960 818 1031 855 Tc-

76 878 322 913 stamentum
356 875 459 913 mitti
494 875 567 914 sibi
591 875 749 926 petebat
775 878 910 928 Lupus
938 879 1030 917 Fer-

67 937 266 975 -rariensis
287 937 412 988 Epist.
437 938 499 977 62.

128 996 246 1037 Liber
259 998 473 1038 variarum
496 999 777 1049 Quaestionum
798 1002 870 1041 XV
884 1013 920 1052 p.
937 1002 1026 1039 286.

129 1061 186 1099 De
209 1060 460 1100 Psalmorum
488 1060 588 1100 libro
611 1062 812 1113 eaeeyesis,
837 1074 922 1113 pag.
953 1063 1028 1101 307

76 1122 126 1161 ad
145 1124 222 1162 896
243 1123 311 1163 ubi
334 1125 454 1163 etiam
477 1125 625 1163 mentio
655 1125 797 1163 Psalmi
821 1125 1027 1163 centesimi

75 1186 391 1238 quinquagesimi
422 1187 555 1237 primi,
592 1190 712 1237 atque
743 1191 1029 1225 enumerantur

75 1247 334 1298 diapsalmata
357 1249 534 1304 LXXlX.

126 1309 405 1361 Interpretatio
418 1305 558 1350 vocum
573 1309 780 1348 rariorum
796 1309 836 1348 in
846 1310 1025 1362 Psalmis,

73 1372 219 1423 quibus
235 1374 502 1412 instrumenta
515 1373 663 1412 Musica
677 1373 742 1411 vel
762 1373 859 1412 aliae
874 1375 1027 1425 species

74 1435 295 1485 singulares
317 1434 568 1474 denotantur.
592 1446 678 1485 pag.
700 1435 790 1473 899.

124 1495 335 1535 Nominum
355 1494 630 1535 Hebraeorum
648 1496 918 1549 interpretatio
940 1509 1025 1549 pag.

123 1622 262 1661 Sermo
280 1620 322 1660 in
340 1619 487 1660 Psalm.
510 1622 621 1670 LIII,
640 1623 678 1660 5.
700 1623 832 1662 DEUS
855 1622 904 1663 de
920 1624 1027 1663 coelo

73 1685 292 1736 prospexit,
312 1694 399 1735 pag.
424 1684 512 1722 904.
532 1683 725 1735 Ejusdem
743 1687 915 1725 auctoris
936 1697 1028 1726 cum

69 1746 167 1785 libro
185 1746 234 1785 de
258 1746 508 1793 substantiis,
531 1750 627 1785 tom.
652 1747 698 1785 II.

122 1808 172 1847 In
192 1807 342 1846 Boethii
360 1806 506 1846 librum
518 1807 566 1846 de
579 1809 649 1847 SS.
669 1808 700 1846 Τ
697 1808 875 1858 rinitate,
892 1821 928 1860 p.
949 1811 1025 1850 925

69 1869 198 1909 Bedae
222 1871 472 1921 suppositum
500 1880 591 1908 esse
626 1881 705 1908 non
741 1870 923 1909 dubitant
950 1872 1024 1909 viri

68 1931 190 1977 docti,
214 1933 300 1971 sive
322 1936 459 1971 auctor
481 1933 533 1970 sit
559 1931 822 1972 Eadmundus
844 1932 1023 1972 Albanus

56 1994 154 2032 -sive
173 1994 276 2032 alius
297 1994 407 2044 quiS‚
432 1997 476 2032 ut
499 1994 539 2031 in
561 1994 657 2032 Bibl.
695 1995 832 2033 Latina
855 1995 923 2042 Ill,
955 1997 1022 2044 45,

68 2056 102 2093 8.
117 2053 201 2105 jam
213 2059 350 2094 notare
373 2066 437 2094 me
457 2056 632 2094 memini.
648 2055 746 2094 Vide
762 2057 824 2094 W.
842 2057 887 2095 E.
905 2058 1024 2095 Tent-

72 2117 218 2156 zelium
236 2117 286 2156 de
309 2117 489 2168 symbolo
511 2116 779 2156 Athanasiano
801 2129 838 2168 p.
864 2119 918 2156 ’68
941 2129 1000 2168 sq.

128 2181 304 2219 Precatio
323 2178 370 2219 de
389 2182 535 2231 septem
548 2177 683 2218 verbis
699 2179 863 2219 CHristi
874 2180 914 2219 in
926 2180 1027 2220 Cra

70 2254 133 2288 ce,
153 2255 191 2294 p.
217 2243 308 2282 954.

120 2306 178 2344 De
197 2303 445 2345 meditatione
464 2304 669 2346 Passionis
694 2304 859 2347 CHristi
864 2318 940 2359 per
967 2318 1026 2346 se-

66 2370 175 2420 ptem
197 2367 277 2407 diei
295 2367 418 2408 horas
445 2380 482 2420 p.
505 2370 593 2408 965.

121 2431 178 2469 De
199 2429 386 2471 remediis
414 2434 688 2483 peccatorum,
716 2436 948 2482 excerptum
975 2431 1024 2471 de

70 2493 296 2532 Canonibus
317 2494 479 2532 Patrum
501 2493 567 2532 vel
595 2494 943 2532 Poenitentialibus
975 2494 1023 2532 ad

69 2554 290 2593 remedium
322 2556 545 2594 animarum
571 2556 726 2594 Domini
761 2554 928 2606 Aqberti
953 2555 1025 2594 Ar-

68 2617 306 2668 chiepiscopi
328 2627 415 2668 pag.
440 2617 634 2656 961-968.
658 2617 802 2655 Exstat
824 2628 913 2656 cum
933 2618 1026 2655 Poe-

71 2679 266 2719 nitentiali
280 2680 454 2717 Romano
477 2679 562 2717 sive
586 2678 812 2718 Canonibus
825 2679 1027 2729 poeniten-

73 2742 232 2781 tialibus
255 2740 406 2781 editum
430 2739 478 2779 ab
505 2739 675 2778 Antonio
703 2739 925 2790 Augustino
952 2741 1027 2779 Vc—

73 2808 153 2844 net.
179 2803 300 2853 4584,
322 2804 344 2842 4
368 2813 454 2854 pag.
477 2802 552 2842 402
577 2806 617 2840 et
640 2803 679 2840 in
700 2803 855 2841 Henrici
895 2803 1028 2853 Spcel-

74 2867 210 2907 manni
237 2865 420 2906 Conciliis
460 2863 623 2914 Angliae
645 2875 732 2914 pag.
775 2864 844 2902 281
875 2865 942 2913 qui
971 2869 1026 2903 tc-

71 2933 202 2969 statur
224 2930 262 2967 in
287 2928 364 2967 MS.
385 2927 521 2966 referri
545 2926 594 2964 ad
622 2924 837 2976 Aybertum
871 2927 1025 2976 ipsum,

72 2994 158 3032 sive
192 2990 408 3044 Eybertum
447 2989 794 3040 Archiepiscopum
838 2992 1025 3038 tanquam

72 3059 287 3095 auctorem.

125 3119 208 3159 Non
229 3117 492 3158 omittendum
510 3146 518 3165 ,
535 3115 638 3167 quod
655 3114 702 3153 de
722 3118 890 3164 quatuor
909 3124 1027 3163 gene-

77 3182 188 3221 ribus
221 3181 604 3221 Commentariorum
638 3177 765 3216 Bedae
790 3178 824 3214 in
860 3176 897 3213 S.
924 3176 1026 3213 Scri-

74 3248 232 3296 pturam
248 3244 401 3283 notavit
416 3244 552 3282 Sixtus
567 3241 754 3281 Senensis
774 3239 868 3277 libro
885 3241 1024 3288 quarto

75 3306 171 3345 Bibl.
207 3310 368 3346 sanctae
397 3317 483 3356 pag.
507 3305 595 3343 265.
633 3303 742 3342 Anno
764 3300 906 3339 aetatis
928 3311 1025 3338 suae

77 3367 274 3420 triyesimo
290 3399 299 3418 ,
316 3366 524 3420 presbyter
546 3379 569 3405 a
585 3367 732 3405 Joanne
757 3363 942 3415 Episcopo
963 3373 1024 3399 02·-

1986 257 2060 298 179

1105 320 1264 362 dinatus
1278 355 1288 372 ,
1311 321 1470 362 hortatu
1488 323 1616 363 Aecae
1630 323 1816 378 Episcopi
1835 324 2060 366 Eboracen-

1104 383 1186 432 sis,
1210 396 1258 423 ac
1286 384 1498 426 multorum
1528 385 1731 438 fratrum,
1762 398 1978 440 aqqressus
2004 395 2061 429 est

1102 445 1278 486 scribere
1300 447 1338 486 in
1360 460 1591 489 universam
1623 454 1919 491 sacrosanctam
1950 455 2058 494 Scri-

1097 512 1264 558 pturam
1293 509 1454 550 diversa
1476 512 1800 563 emplanationum
1832 516 2029 557 volumina
2048 551 2057 568 ,

1105 571 1144 609 in
1172 575 1343 623 quatuor
1379 573 1536 614 ordines
1569 575 1774 629 distincta,
1812 579 1992 620 videlicet
2020 582 2060 620 in

1104 633 1358 684 Rhapsodias.
1375 635 1648 686 Quaestiones,
1668 640 1865 691 Homilias,
1889 648 1929 681 et
1945 645 2058 683 Com-

1104 697 1331 734 mentarios.
1365 696 1413 734 In
1448 696 1706 749 Rhapsodiis,
1731 702 1813 741 sive
1851 705 2056 744 Sti-omati-

1105 755 1178 796 bus
1195 788 1204 807 ,
1226 757 1291 797 vel
1310 758 1572 798 Collectaneis
1601 765 1851 814 conqreyavit
1871 768 2057 819 mysticas·

1101 819 1256 869 magiis,
1284 831 1405 871 quam
1441 820 1650 862 historicas
1691 827 1977 878 expositiones,
2002 843 2056 867 er·

1096 879 1392 930 probatissimis
1407 882 1607 923 Ecclesiae
1619 886 1829 926 Doctorum
1845 893 2053 933 sententiis.

1102 940 1295 993 dictisque.
1315 942 1403 982 hinc
1426 943 1514 984 inde
1536 945 1787 1000 interruptim
1806 980 1813 997 .
1832 955 1869 989 et
1890 951 2055 1005 interpo-

1102 1003 1213 1042 latim
1244 1004 1424 1045 collectas
1439 1039 1449 1056 ,
1473 1009 1668 1049 nonnullis
1700 1012 1817 1050 etiam
1839 1013 1886 1052 de
1906 1025 1976 1052 suo
2002 1015 2056 1053 in-

1101 1066 1220 1105 sertis
1255 1067 1310 1106 ad
1345 1068 1598 1109 imitationem
1627 1084 1768 1112 sensus
1804 1087 1963 1118 eorum,
1989 1075 2059 1116 ubi

1102 1132 1358 1179 opportunum
1381 1130 1480 1183 fuit,
1510 1145 1584 1185 quo
1608 1133 1759 1174 diversi
1784 1138 1952 1177 Patrum
1974 1151 2058 1178 ser-

1102 1202 1234 1231 mones
1251 1222 1258 1241 ,
1279 1205 1326 1231 ac
1344 1194 1502 1245 periodi
1521 1195 1584 1234 vel
1601 1197 1732 1248 aptius
1750 1198 1851 1238 inter
1868 1211 1908 1238 se
1922 1201 2057 1241 cohae-

1101 1258 1257 1304 rerent,
1280 1255 1344 1295 vel
1366 1254 1567 1297 breviores
1589 1262 1625 1297 et
1652 1259 1888 1302 illustriores
1920 1263 2058 1303 redde-

1101 1319 1253 1355 rentur.
1283 1317 1357 1366 Εἰ,
1383 1330 1429 1357 ne
1468 1321 1666 1372 qu‘orum
1698 1321 1803 1362 dicta
1830 1323 1992 1376 furari,
2021 1331 2059 1365 et

1102 1388 1174 1427 ea,
1199 1379 1318 1429 quasi
1341 1391 1417 1418 sua
1438 1382 1608 1433 propria
1622 1415 1632 1431 .-
1655 1395 1882 1435 componere
1904 1387 2056 1428 videre-

1102 1443 1170 1478 tur
1185 1469 1194 1487 ,
1212 1441 1372 1480 nomina
1393 1444 1603 1482 Doctorum
1617 1457 1694 1497 per
1712 1446 1869 1497 sinyula
1890 1449 2056 1503 interpo-

1100 1513 1195 1541 nere
1230 1502 1482 1555 decreverat,
1507 1510 1566 1555 et,
1599 1507 1741 1558 quida
1774 1521 1848 1560 quo
1881 1510 2055 1551 Autliore

1101 1564 1247 1604 dictum
1283 1570 1407 1615 esset,
1443 1568 1673 1607 nominatim
1708 1571 1928 1611 ostendere:
1960 1575 2051 1616 sed.

1103 1637 1192 1665 cum
1215 1627 1253 1666 ei
1271 1628 1389 1668 nimis
1411 1641 1617 1680 operosum
1644 1637 1878 1684 appareret,
1899 1636 2055 1686 primas

1104 1692 1255 1728 tantum
1276 1691 1475 1731 nominum
1502 1692 1677 1745 syllabas
1702 1694 1741 1733 in
1768 1697 2014 1748 marqinibus
2034 1712 2054 1738 e

1100 1750 1258 1801 reqione
1279 1753 1470 1805 cujusque
1492 1756 1703 1795 sententiae
1725 1759 1928 1810 apposuit:
1952 1772 2054 1812 quae

1092 1817 1235 1863 postea
1258 1813 1518 1855 librariorum
1539 1817 1602 1857 vel
1640 1818 1796 1858 inscitia
1814 1853 1824 1869 ,
1850 1821 1913 1860 vel
1944 1822 2052 1862 incu-

1096 1875 1163 1914 ria
1177 1908 1188 1925 ,
1213 1888 1269 1916 eoe
1289 1877 1467 1917 omnibus
1493 1880 1792 1932 exemplaribus
1810 1884 1979 1934 periere.
2004 1886 2051 1924 In

1097 1939 1417 1989 Commentariis,
1446 1942 1767 1992 Quaestionibus,
1793 1950 1832 1983 et
1855 1935 2048 1997 Hominis,

1096 2000 1138 2038 in
1164 2001 1307 2053 quibus
1328 2002 1575 2055 frequentius
1595 2009 1632 2043 et
1653 2017 1829 2045 sermone
1843 2037 1852 2052 ‚
1874 2011 1911 2045 et
1928 2019 2048 2048 sensu

1098 2073 1168 2101 suo
1196 2063 1339 2114 utitur,
1363 2064 1508 2117 stylum
1531 2065 1648 2104 habet
1669 2079 1736 2105 nec
1756 2068 1908 2106 omnino
1934 2069 2049 2108 inele-

1095 2128 1253 2175 9antem
1267 2158 1277 2175 ‚
1294 2138 1363 2165 nec
1378 2127 1586 2178 affectatae
1607 2128 1821 2180 eleyantiae
1841 2131 2052 2179 curiosum,

1099 2186 1169 2225 sed
1187 2191 1443 2240 temperatum
1463 2204 1473 2228 :
1493 2191 1564 2242 qui
1588 2203 1657 2230 nec
1679 2191 1893 2232 verborum
1925 2193 2057 2232 multi—

1099 2249 1232 2289 tudine
1252 2250 1478 2304 fastidium,
1503 2265 1628 2306 neque
1644 2255 1848 2307 paucitate
1879 2255 2056 2296 obscuri-

1099 2315 1217 2352 tatem
1251 2315 1414 2366 pariat,
1447 2315 1517 2355 sed
1542 2315 1658 2356 brevi
1688 2316 1879 2369 facilitate
1915 2322 2059 2357 currat

1094 2377 1335 2426 ¹qratissime.

1151 2439 1260 2477 Idem
1290 2440 1427 2479 Sixtus
1456 2452 1506 2479 ex
1535 2440 1739 2480 Trithemii
1762 2453 1794 2480 c.
1814 2443 1902 2481 242.
1927 2442 2054 2481 Bedae

1097 2502 1425 2540 commenta-rium
1442 2501 2053 2545 inEcclesiastencommemorat,

1097 2566 1137 2601 et
1162 2560 1282 2601 libros
1297 2563 1430 2601 XVIII
1448 2563 1488 2601 in
1508 2563 1725 2616 Prophetas
1744 2565 1914 2616 majores
1934 2564 2054 2601 mino-

1096 2635 1252 2674 resque.
1276 2625 1332 2663 De
1365 2625 1450 2663 aliis
1475 2625 1633 2663 ineditis
1657 2636 1701 2664 ac
1733 2625 1946 2676 deperditis
1966 2627 2052 2675 ejus

1098 2687 1306 2736 Scriptoris
1329 2686 1597 2725 consulendus
1621 2687 1791 2725 Caveus.
1822 2688 2050 2737 Catalogum

1098 2747 1298 2797 Operum,
1323 2759 1442 2797 quem
1480 2749 1562 2798 ipse
1590 2747 1639 2785 ad
1675 2747 1823 2786 calcem
1861 2750 2051 2787 Historiae

1099 2809 1227 2847 texuit
1246 2808 1374 2857 Beda,
1403 2809 1520 2847 habet
1542 2810 1661 2848 etiam
1692 2809 1920 2860 Sigebcrtus
1944 2821 1976 2848 e.
2003 2812 2052 2847 68

1100 2870 1147 2909 dc
1172 2870 1210 2909 S.
1234 2871 1278 2909 E.

1288 2933 1331 2970 In
1360 2931 1484 2971 Tomis
1511 2933 1682 2984 Operum
1701 2933 1858 2972 REDAE

1424 2993 1704 3033 desiderantur
1721 3009 1731 3033 .·

1151 3055 1387 3108 Epistolaad
1398 3055 1600 3097 Albinum.
1619 3057 1666 3095 de
1683 3070 1759 3108 qua
1776 3069 1904 3109 supra.

1150 3119 1265 3158 Edita
1289 3131 1309 3157 a
1328 3117 1472 3156 Jaeolm
1501 3121 1669 3158 Waraeo
1692 3132 1782 3159 eum
1809 3122 1934 3158 notis:
1960 3121 2052 3172 Epi-

1098 3180 1196 3220 stola
1219 3179 1464 3231 Apoloqetica
1485 3192 1552 3232 pro
1575 3182 1669 3220 libro
1693 3182 1740 3219 de
1765 3194 1833 3220 sex
1856 3184 2051 3222 aetatibus

1097 3243 1149 3281 ad.
1167 3242 1402 3293 Nequitiam
1421 3243 1664 3290 Monachum,
1679 3244 1872 3284 adversus
1887 3245 2049 3284 alterius

1097 3304 1270 3344 Monaehi
1294 3303 1459 3344 Dcwidis
1480 3304 1728 3355 objectiones,

1152 3375 1184 3414 a)
1209 3378 1286 3406 Acta
1311 3375 1529 3406 Eruditorum
1553 3379 1589 3407 A.
1614 3374 1692 3408 1695
1715 3383 1788 3417 pag.
1814 3377 1885 3408 287.
