2500 4009
443 223 517 262 ¹80

501 293 673 344 Epistola
697 292 744 331 ad
776 288 990 341 Eybermm
1012 287 1303 331 Eborace'nsem
1325 292 1397 332 Ar-

439 357 728 406 ehiepiseopum
744 352 790 389 de
807 351 1029 390 Christiani
1046 351 1254 392 Praesulis
1272 354 1396 409 officio

441 420 584 467 scripta
605 414 732 464 paullo
757 418 848 451 ante.
869 414 1032 453 obitum.

499 478 600 515 l'i‘tue
627 474 798 525 quinque
824 472 1022 514 Abbatwn
1046 475 1229 527 priorum
1264 480 1397 519 Were-

439 538 698 577 marnensium
716 539 753 573 et
773 536 803 574 G
809 535 1063 575 irvicensium
1073 569 1083 585 ,
1101 537 1215 578 libris
1230 539 1393 582 duobus.

495 601 593 638 llaec
617 609 664 636 ex
696 597 865 636 editione
894 599 1124 639 Dublinensi
1148 601 1191 641 A.
1224 603 1349 652 4664,
1369 606 1393 642 8

443 659 664 699 recudenda
693 659 800 698 dedit
830 661 1028 701 Hem-icus
1063 664 1318 715 irai-thanus,
1346 668 1392 715 a)

436 721 554 760 Lond.
584 722 705 768 4693,
732 723 765 760 4.
792 722 949 773 illisque
964 724 1146 775 adjunxit
1169 727 1394 779 Eapositio-

438 795 524 821 nem
547 783 584 820 i'n
605 783 794 823 Geneseos
814 785 944 836 capita
959 787 1101 837 priora
1117 789 1225 828 XXII
1244 801 1292 829 ex
1308 792 1394 842 qui-

437 846 511 884 bus
542 850 697 884 tantum
722 847 761 883 in
797 853 915 898 caput
938 851 1109 900 primum
1125 883 1135 899 ,
1160 857 1200 890 et
1237 854 1390 892 initium

437 908 626 949 secundi,
663 908 791 946 lucem
829 914 934 948 tomo
964 917 1104 961 quarto
1142 914 1320 963 viderat,
1353 920 1392 953 et

441 969 776 1009 commentarium
801 971 840 1008 in
858 970 1063 1011 Canticum
1086 973 1302 1014 Habacuci'.
1331 976 1391 1016 Ex

436 1037 601 1081 utroquo
630 1033 849 1083 fragmenta
879 1033 1123 1074 Warthonus
1153 1037 1391 1087 produxerat

435 1095 472 1131 in
498 1095 670 1132 auctario
693 1094 741 1133 ad
780 1095 927 1133 L'sserii
963 1096 1165 1136 historiam
1202 1099 1391 1149 dogmati-

433 1168 518 1195 eam
556 1157 603 1194 de
646 1158 861 1208 Scripturis
898 1163 937 1195 et
971 1159 1102 1198 Sacris
1139 1162 1388 1211 vernaculis,

436 1218 554 1256 Lond.
586 1219 681 1257 1689
701 1248 707 1263 ,
735 1219 755 1256 4
781 1231 865 1269 pag.
889 1221 965 1259 3³36
986 1232 1068 1271 seq.
1091 1220 1251 1260 Addidit
1270 1224 1387 1262 etiam

432 1280 590 1327 lig-*berti
606 1281 896 1332 Archiepiseopi
918 1282 1177 1321 Eboraeensis
1192 1283 1386 1330 dialogum

431 1342 479 1380 ‹le
506 1343 784 1382 Ecclesiastica
822 1345 1092 1393 institutione,
1116 1350 1155 1383 et
1191 1345 1387 1386 Aldhelmi

431 1405 610 1455 Episcopi
637 1405 960 1444 Scireburnensis
984 1406 1126 1446 librum
1150 1407 1199 1446 de
1222 1408 1389 1459 Virgini-

432 1471 534 1513 tate,
565 1478 747 1504 sermone
785 1467 912 1505 soluto
951 1469 1168 1518 scriptum,
1197 1473 1238 1508 et
1275 1470 1387 1520 longe

430 1540 548 1578 quani
562 1530 597 1566 in
609 1529 800 1579 prioribus
815 1529 1052 1568 editionibus
1067 1530 1386 1570 emendatiorem.

485 1591 690 1629 Warlhoni
730 1592 910 1641 exemplo
946 1591 1114 1630 ,loannes
1151 1593 1297 1643 Smila,
1337 1595 1385 1643 b)

433 1654 654 1693 Canonieus
678 1653 983 1702 llunelniensis,
1008 1659 1047 1692 et
1069 1656 1152 1705 ipso
1177 1656 1387 1695 immortuo

431 1717 562 1765 operi,
588 1715 690 1753 tilius
723 1717 914 1765 Georgius
950 1716 1078 1754 Smitli
1116 1717 1387 1768 Cantabrigiae

435 1777 536 1816 ⁴722
563 1777 623 1814 sol.
648 1776 863 1825 vulgavere
887 1788 934 1814 ex
958 1778 1078 1815 Msus
1098 1777 1307 1817 Codicibus
1331 1791 1391 1818 re-

433 1839 583 1875 censita
607 1837 814 1882 diligenter
853 1839 1034 1888 notisque
1065 1839 1155 1877 hist.
1193 1840 1390 1880 illustrata

431 1900 574 1949 seripta
596 1898 720 1937 Bedae
747 1900 962 1949 historica,
987 1905 1106 1950 atque
1132 1902 1168 1939 in
1195 1901 1256 1940 his
1279 1914 1390 1954 prae-

432 1966 491 1998 ter
513 1961 574 1999 illa
591 1990 599 2006 ,
620 1973 720 2011 quae
746 1962 783 1998 in
821 1964 939 2000 tomis
962 1962 1134 2013 Operum
1155 1965 1237 2014 jam
1273 1965 1388 2004 obvia

432 2027 548 2069 sunt,
576 2022 810 2069 (Chronicon
837 2023 884 2062 de
908 2035 977 2062 sex
1007 2025 1229 2072 aetatibus,
1260 2027 1388 2064 llisto-

432 2085 527 2121 riam
553 2084 700 2121 lic-cles.
739 2085 868 2132 gentis
905 2084 1146 2134 Anglinum,
1178 2086 1387 2125 Cutliberti

435 2145 562 2182 Vitam
583 2149 622 2182 et
646 2145 784 2183 Felicis
800 2177 809 2192 ‚
835 2150 875 2182 et
899 2146 1072 2184 libellum
1094 2146 1142 2185 de
1172 2147 1268 2199 locis
1297 2159 1388 2186 sau-

432 2208 524 2244 etis:
544 2214 551 2252 ,ἱ
568 2208 686 2244 etiam
706 2205 1094 2256 Anyto-samnitem
1111 2211 1149 2257 c)
1166 2209 1387 2248 versionem

432 2267 629 2306 Historiae
645 2267 790 2306 Eccles.
811 2268 857 2305 acl
880 2268 1088 2307 editionem
1113 2270 1288 2309 Wheloci
1307 2300 1315 2319 ,
1335 2283 1385 2310 ex

432 2329 557 2367 tribus
578 2329 826 2367 emendatam
844 2331 986 2368 Misus.-
1012 2330 1136 2368 Vitam
1155 2330 1382 2382 Cudbcrtlu',

430 2403 547 2440 quam
574 2392 756 2430 versibus
788 2393 974 2442 scriptam
1012 2393 1170 2432 edidere
1198 2394 1382 2434 Canisius

427 2457 465 2489 et
489 2452 756 2491 Mabillonius:
783 2458 868 2491 tum
894 2454 1076 2504 vulgatas
1100 2466 1121 2493 a
1153 2455 1319 2494 Waraeo
1343 2461 1383 2495 et

429 2514 644 2552 Warthono
661 2515 767 2553 l'e'cas
783 2514 809 2552 A
821 2513 980 2553 libatum
1004 2516 1383 2562 ll'erenmclaensium

426 2575 772 2615 et(1'ii·vieensium
795 2588 842 2615 ex
870 2578 994 2615 tribus
1027 2578 1234 2618 Codicibus
1262 2581 1381 2619 MStis

427 2638 729 2686 emendatiores,
754 2643 793 2675 et
817 2638 1031 2689 Epistolam
1059 2639 1112 2678 ad
1144 2638 1381 2692 Eyberstmm

425 2711 468 2737 ac
484 2699 653 2749 denique
670 2700 995 2751 ,llartyroloyium
1011 2701 1136 2740 Bedae
1149 2704 1378 2753 genuinum,

425 2761 527 2811 quod
552 2763 588 2799 in
625 2762 752 2801 lucem
776 2762 855 2800 dixi
894 2763 1029 2802 datum
1051 2763 1099 2802 ab
1132 2764 1379 2804 llenschenio

426 2825 461 2860 in
479 2828 583 2861 tomo
600 2824 969 2864 seeundoActorum
987 2827 1221 2865 Sanctorum
1237 2828 1374 2866 Martii.

424 2886 566 2934 llisque
608 2886 791 2924 fininibus
834 2888 1045 2936 praefixam
1083 2890 1205 2928 vitam
1246 2890 1373 2929 Bedae

423 2949 605 2997 scriptam
632 2960 652 2984 a
677 2948 893 2985 Cutbberto
917 2948 1107 3000 discipulo
1126 2979 1133 2997 ,
1155 2954 1238 2990 tum
1255 2952 1369 2989 aliam

423 3020 525 3046 nunc·
555 3010 723 3059 primum
760 3009 905 3048 editam
941 3011 1163 3062 Anonymi,
1186 3024 1259 3052 nec
1292 3025 1369 3052 non

477 3140 510 3179 b)
534 3145 611 3171 Acta
634 3141 848 3175 Eruditorum
870 3147 905 3175 Λ.
944 3143 1022 3175 1724
1047 3155 1079 3186 p.
1108 3143 1179 3177 1⁶24.
1200 3148 1373 3179 Memoires

418 3190 601 3221 Litteraircs
623 3191 661 3222 de
685 3190 712 3222 la
736 3192 859 3231 grande
881 3196 1041 3235 Bretagne
1064 3200 1142 3227 tom.
1170 3198 1195 3227 X
1217 3206 1248 3237 p.
1272 3196 1346 3228 500.

477 3247 507 3273 c)
532 3240 659 3270 Praeter
682 3241 765 3274 banc
790 3242 1102 3283 anglo-saxonicam
1119 3246 1241 3278 Alfi-edi
1256 3248 1366 3287 Regis,

421 3290 525 3316 exstat
547 3290 644 3317 etiam
667 3291 798 3328 Anglica
823 3295 948 3331 versio,
966 3302 1065 3333 quam
1083 3295 1291 3327 Elisabethae
1308 3299 1372 3328 Re-

421 3341 517 3378 ginae
536 3339 654 3370 ‹lu-avit
669 3339 736 3369 Tho
757 3342 962 3380 stapletonus
977 3347 995 3374 S
1019 3347 1046 3375 J.
1061 3345 1366 3383 Ariiwerp.15654.

1335 221 1540 265 BEDAE

1470 298 1639 347 elogium
1670 299 1797 340 Bedae
1833 302 2107 352 consignatum
2130 312 2152 341 a
2188 301 2415 342 Mabillonio.

1467 360 1643 411 Denique
1677 362 1870 401 Volumen
1912 363 1983 402 hoc
2016 367 2129 402 ornat.
2151 363 2297 403 Tabula
2320 363 2420 402 Geo-

1466 415 1647 473 'graphica
1675 425 1898 463 Britanniae
1923 426 2052 476 qualis
2073 425 2150 464 illis
2177 424 2419 476 temporibus

1467 484 1554 533 suit,
1577 490 1616 523 et
1631 486 1824 537 appendix
1844 486 2128 538 diplomatum,
2148 492 2188 526 et
2203 487 2252 526 ab
2270 486 2419 526 editore

1465 545 1785 586 dissertationum
1804 549 1971 598 ,quibus
1991 549 2058 587 lux
2075 549 2242 597 insignis
2256 548 2420 598 scripto-

1467 608 1576 646 ribus
1597 613 1638 646 et
1660 609 1844 648 historiae
1869 610 1958 649 ilius
1979 611 2121 648 aetatis
2143 610 2316 648 affertur.

1518 671 1736 709 Novissime
1772 670 2005 710 Edmundus
2032 672 2208 710 Martene
2243 671 2283 724 in
2312 674 2419 709 tomo

1465 733 1603 782 quinto
1618 733 1807 773 Thesauri
1823 733 2130 782 Anecdotorum,
2148 735 2303 784 praeter
2315 742 2422 778 com-

1466 796 1680 833 mentarios
1700 796 1737 833 in
1756 795 1927 834 Genesin
1944 806 2030 846 pag.
2045 796 2249 845 tt5atque
2265 795 2303 832 in
2318 792 2422 833 Can-

1465 858 1586 895 ticum
1611 857 1802 896 }labacuci
1823 868 1906 908 pag.
1932 857 2009 897 295
2029 867 2130 908 quos
2151 868 2174 896 a
2201 855 2421 896 Warthono

1466 919 1648 969 vulgatos
1667 917 1748 968 jam
1785 919 1891 967 dixi,
1917 921 1955 957 in
1980 919 2109 958 lucem
2138 918 2302 971 protulit
2323 929 2420 968 quo-

1466 992 1541 1031 que
1574 979 1751 1019 undecim
1788 981 1915 1020 Bedae
1950 979 2145 1020 Homilias
2167 992 2254 1032 pag.
2284 977 2360 1019 347
2379 984 2420 1020 et

1464 1041 1636 1081 libellum
1660 1044 1827 1082 Precum
1849 1055 1934 1095 pag.
1961 1043 2048 1082 483.

1517 1106 1835 1158 Compositt'onem
1850 1104 2042 1156 horoloqit·
2056 1105 2204 1144 Solaris
2216 1135 2228 1155 ,
2244 1106 2417 1145 carmine

1462 1168 1715 1218 hex-ametro,
1737 1170 1875 1208 Petrus
1902 1167 2089 1207 Pithoeus
2112 1167 2187 1207 sub
2208 1167 2337 1207 Bedae
2352 1179 2421 1206 no-

1462 1231 1567 1267 mine
1605 1230 1783 1280 vulgavit
1808 1232 1846 1268 in
1882 1230 1989 1269 calce
2028 1231 2354 1282 epigrammatum
2379 1234 2420 1268 et

1461 1295 1664 1341 poetarum
1682 1296 1863 1330 veterum
1879 1303 1964 1343 pag.
1984 1292 2060 1331 488
2075 1291 2166 1331 edit.
2181 1293 2301 1331 Paris.
2314 1292 2414 1331 4590

1463 1354 1522 1393 42.
1550 1355 1653 1392 lianc
1678 1354 1800 1392 habeo
1828 1358 2002 1397 notatam
2040 1365 2162 1394 manu
2186 1354 2309 1394 Isaaci
2346 1354 2419 1394 Ca-

1462 1416 1647 1464 sauboni⁷
1675 1418 1741 1467 qui
1766 1427 1889 1456 versu
1914 1427 2016 1455 nono
2041 1420 2148 1455 recte
2181 1414 2304 1454 ,lunia
2324 1415 2419 1466 legit

1463 1491 1530 1530 pro
1552 1482 1684 1518 Janua
1701 1509 1709 1525 ,
1729 1484 1769 1518 et
1792 1490 1954 1518 versum
1981 1478 2031 1518 77
2063 1477 2230 1518 Undenis
2262 1476 2420 1517 clarum

1461 1541 1655 1580 concludit
1691 1541 1809 1580 tertia
1852 1551 2013 1579 cursum
2028 1571 2039 1590 ,
2078 1545 2119 1579 et
2155 1551 2317 1578 versum
2352 1538 2416 1577 79.

1461 1605 1613 1655 Septem
1635 1603 1774 1655 quinta
1798 1605 1898 1642 tenet
1919 1607 1994 1641 etc.
2026 1601 2134 1642 Idem
2167 1612 2326 1641 carmen
2355 1612 2419 1640 oc-

1460 1667 1578 1704 currit
1595 1666 1631 1704 in
1642 1666 1815 1703 auctiore
1828 1668 2053 1715 poematum
2075 1664 2229 1702 illorum
2248 1663 2417 1703 editione

1456 1727 1716 1775 Lugdunensi
1735 1727 1835 1766 4596
1860 1727 1885 1764 8
1899 1738 1985 1778 pag.
2007 1726 2096 1764 609.
2112 1726 2259 1765 Verum
2281 1729 2418 1765 auctor

1462 1787 1549 1838 ejus
1573 1799 1651 1826 non
1671 1789 1775 1827 Beda
1795 1792 1858 1827 est
1876 1819 1884 1838 ‚
1906 1788 1976 1826 sed
2000 1786 2420 1827 WANDALBERTUS

1462 1851 1706 1890 Prumiensis
1728 1851 1951 1901 Diaconos,
1975 1853 2022 1889 ut
2045 1861 2067 1889 a
2089 1849 2308 1889 Mabillonio
2334 1849 2417 1900 Jam

1464 1916 1655 1951 notatum.
1676 1913 1862 1964 Eclogam
1885 1911 1932 1951 de
1953 1911 2134 1963 conflictu
2147 1910 2256 1951 veris
2281 1915 2318 1951 et
2330 1909 2419 1963 hye-

1461 1974 1536 2014 mis
1552 2006 1560 2024 ,
1578 1986 1697 2025 quam
1721 1975 1890 2013 editione
1915 1974 2116 2026 indignam
2136 1974 2322 2014 Pithoeus
2344 1973 2417 2014 du-

1462 2038 1534 2084 xit,
1558 2036 1738 2074 Oudinus
1776 2040 1882 2074 torno
1911 2036 1943 2074 11
1968 2037 2343 2074 commentariorum
2366 2035 2415 2074 de

1461 2097 1724 2147 Scriptoribus
1752 2097 2047 2137 Ecclestasticis
2074 2107 2162 2148 pag.
2193 2096 2269 2136 326
2293 2098 2333 2135 in
2357 2097 2417 2137 lu·-

1459 2170 1545 2197 cem
1562 2158 1669 2197 dedit
1682 2159 1756 2197 sub
1772 2160 1928 2197 nomine
1946 2158 2146 2198 MILONIS
2158 2159 2413 2198 Elnonensis:

1459 2219 1561 2270 quod
1580 2219 1661 2270 jam
1678 2220 1750 2259 An.
1781 2221 1878 2260 4640
1906 2221 2154 2260 Francosurti
2180 2222 2218 2259 in
2235 2222 2304 2260 8.*·⁰
2324 2221 2418 2260 Ovi-

1459 2282 1584 2320 dianis
1600 2283 1799 2320 amatoriis
1814 2281 1999 2333 adjuncta
2017 2283 2092 2322 sub
2112 2283 2239 2323 Bedae
2255 2285 2414 2323 nominc

1458 2344 1585 2383 lucem
1611 2344 1787 2391 viderat,
1812 2345 1944 2384 addita
1985 2347 2104 2384 ctiam
2129 2345 2253 2384 altera
2281 2346 2414 2397 ecloge

1456 2405 1503 2444 cle
1528 2406 1693 2456 Cuculo,
1717 2419 1835 2457 quam
1861 2407 1984 2446 veluti
2021 2407 2209 2447 ineditam
2234 2407 2309 2447 sub
2328 2406 2412 2447 AL-

1456 2470 1587 2508 CUlNl
1614 2470 1772 2508 nomine
1797 2469 1977 2519 vulgavit
1999 2469 2245 2509 Mabillonius
2263 2473 2358 2509 tom.
2382 2471 2410 2509 I.

1454 2530 1631 2570 Analect.
1664 2543 1750 2583 pag.
1776 2532 1850 2570 369
1879 2531 1998 2581 (edit.
2024 2542 2150 2572 novae
2178 2532 2216 2570 in
2241 2531 2303 2571 fol.
2323 2544 2409 2584 pag.

1456 2595 1570 2644 409.)
2299 2610 2301 2612 ·
2393 2606 2403 2616 ·

1504 2655 1564 2695 Ab
1588 2656 1661 2695 hoc
1683 2656 1787 2695 Beda
1811 2655 2031 2695 Venerabili
2053 2654 2346 2707 distinguendi:
2368 2657 2407 2706 4)

1451 2718 1583 2758 BEDA
1615 2718 1777 2767 Senior,
1806 2717 2019 2757 Monachus
2049 2716 2406 2767 Lindisfarnensis,

1450 2779 1565 2831 cujus
1582 2780 1761 2818 meminit
1776 2779 1880 2818 Beda
1901 2779 2144 2820 Venerabilis
2163 2780 2202 2818 in
2221 2779 2309 2819 Vita
2327 2779 2407 2819 Cu-

1449 2843 1591 2881 tliberti
1616 2853 1699 2893 cap.
1730 2841 1778 2882 37
1802 2846 1843 2881 et
1865 2840 1980 2892 cujus
2011 2841 2253 2893 epitaphium
2277 2841 2404 2893 publi-

1447 2906 1551 2943 cavit
1574 2904 1818 2943 Mabillonius
1841 2908 1934 2942 tom.
1960 2904 2021 2942 IV.
2059 2902 2236 2943 Analect.
2261 2915 2296 2954 p.
2324 2904 2393 2943 524

1447 2966 1654 3010 (editionis
1680 2976 1803 3003 novae
1828 2977 1913 3016 pag.
1947 2965 2015 3005 384
2039 2965 2049 3014 )
2073 2965 2122 3014 2)
2143 2963 2274 3004 ΒΕΒΑ
2312 2965 2403 3003 Pre-

1443 3028 1579 3078 sbyter
1601 3027 1720 3065 italus
1743 3027 1845 3065 circa
1863 3026 1936 3065 An.
1961 3026 2048 3064 883.
2073 3025 2286 3065 Monachus
2320 3026 2398 3065 Ga-

1442 3091 1631 3129 vellensis
1647 3088 1826 3128 Coenobii
1842 3099 1960 3139 prope
1976 3087 2224 3138 Rhodigium,
2245 3086 2265 3110 *
2280 3086 2342 3138 cuj
2351 3099 2397 3127 us

1442 3152 1629 3191 memoria
1651 3150 1792 3189 colitur
1812 3150 1849 3188 in
1884 3148 2120 3200 quibusdam
2154 3149 2398 3191 calendariis

1441 3215 1503 3253 die
1523 3216 1558 3254 X
1579 3213 1723 3264 Aprilis
1738 3239 1748 3259 ,
1764 3215 1808 3251 ut
1827 3210 1955 3251 Bedae
1974 3209 2215 3253 Venerabilis
2231 3212 2281 3253 26
2295 3213 2396 3266 Maji.

1495 3345 1508 3358 '
1526 3346 1698 3386 Rhovigio.
