2500 4009
412 298 744 341 BURCllARDL'S
775 308 800 331 ιι
834 290 1056 342 Roceubury
1074 321 1084 340 ,
1104 302 1226 341 quem
1264 294 1322 329 in-

357 368 621 403 stauratorem
658 356 882 396 Platonicae
924 353 1195 404 Philosophiae
1218 354 1322 392 cele-

359 428 473 465 brant
497 424 647 461 clarum
671 419 775 456 circa
797 416 960 453 Annum
988 415 1104 454 1381,

412 479 743 525 BL'RCllARDUS
760 508 769 525 ‚
808 479 894 516 sive
935 476 1235 517 BROCARDUS
1271 478 1318 528 a)

357 551 524 589 llassus,
539 538 589 581 ex
609 540 789 580 Lobiensi
803 538 992 577 Monacho
1011 539 1211 578 Dioecesis
1229 540 1323 578 Leo—

357 609 524 652 diensis,
554 602 646 642 Ord.
685 600 909 649 Benedicti,
939 600 978 648 b)
1014 600 1322 640 wormaciensis

356 672 404 710 ab
422 670 536 708 Anno
552 665 704 706 61111511
721 664 810 701 996.
831 663 1054 713 Episcopus
1067 693 1079 711 ,
1096 662 1145 701 ab
1163 661 1320 701 Olberto

354 732 507 771 Abbate
525 732 662 779 postea
676 724 967 771 Gemblacensi,
978 728 1231 774 praeceptore
1247 735 1320 763 suo

354 793 517 843 adjutus
540 791 577 836 c)
603 787 793 826 Walterio
823 786 998 837 Spirensi
1029 785 1224 836 Episcopo
1249 787 1320 823 im-

356 855 527 906 pellente
546 849 783 901 composuit,
800 852 840 886 et
861 846 1099 885 Brunielioni
1116 848 1318 886 Ecclesiae

355 913 663 954 Wormatiensis
700 910 922 961 praeposito
946 908 1092 946 dicavit
1115 907 1318 947 duodecim

356 983 476 1016 tomos
491 975 738 1014 decretorum
755 971 941 1009 collectos
956 981 1006 1008 ex
1023 970 1146 1008 sacris
1163 970 1316 1019 11110115,

356 1052 406 1078 ex
440 1037 624 1078 Conciliis
648 1040 687 1072 et
720 1032 909 1084 Epistolis
943 1032 1088 1081 spuriis
1113 1030 1319 1070 decretali-

355 1103 447 1146 buS,
464 1100 503 1148 d,
523 1110 593 1137 nec
611 1108 686 1135 non
698 1093 968 1134 poenitentiali
984 1094 1174 1140 Romano,
1192 1093 1319 1131 Theo-

356 1163 438 1201 dori
459 1167 499 1199 et
522 1159 649 1198 Bedae
668 1171 674 1195 z
697 1162 736 1195 et
759 1167 809 1193 ex
833 1155 992 1205 scriptis
1021 1154 1089 1193 SS.
1119 1154 1314 1204 Gregorii,

354 1222 609 1272 Hieronymi,
635 1218 868 1269 Augustini,
898 1216 1121 1263 Ambrosii,
1150 1215 1318 1254 Benedi-

356 1274 581 1334 cti,1staii
616 1283 744 1331 hragra
765 1284 805 1317 ot
842 1277 1003 1325 isidori,
1028 1281 1069 1315 et
1092 1276 1167 1315 sub
1190 1277 1317 1316 taldis

355 1348 542 1398 digestos.
575 1340 825 1383 collectiones
850 1337 1041 1377 utillimos
1071 1343 1187 1377 vocat
1210 1337 1315 1377 Ano-

357 1418 504 1458 nymus
527 1404 764 1444 Mellicensis
784 1413 869 1452 cap.
892 1401 926 1438 4.
947 1401 1028 1439 1100
1047 1411 1147 1451 opus
1167 1401 1315 1450 ipsum,

355 1469 458 1521 quod
482 1480 503 1507 a
527 1467 685 1505 nomine
715 1464 888 1503 auctoris
924 1459 1187 1500 Burchardus
1214 1465 1318 1499 teste

355 1543 438 1582 cap.
459 1530 526 1569 141
553 1527 756 1578 Sigeberto
770 1523 1012 1575 appellatum
1029 1524 1317 1573 est‚integrum

356 1604 428 1632 nec
447 1592 543 1630 dum
562 1591 693 1628 lucem
715 1586 815 1624 vidit
833 1615 841 1633 ,
863 1585 933 1624 sed
955 1589 1112 1623 tantum
1129 1589 1316 1635 excerpta

355 1667 404 1693 ex
431 1654 512 1702 illo,
538 1656 692 1691 sextam
717 1648 929 1699 aequantia
952 1647 1191 1697 portionem,
1217 1645 1317 1683 divi-

355 1728 478 1766 saque,
503 1716 541 1752 in
566 1711 688 1751 libros
711 1711 774 1750 XX
796 1722 845 1751 ex
866 1708 1013 1759 quibus
1038 1709 1178 1747 Surius
1199 1706 1315 1744 modo

356 1779 443 1817 XVl
462 1774 775 1825 liabuit‚quibus
793 1774 831 1809 in
856 1771 1118 1810 Conciliorum
1143 1767 1314 1806 editione

357 1841 480 1878 utitur
505 1837 579 1876 sub
599 1836 671 1874 1100
695 1834 830 1873 titulo:
852 1844 906 1870 eae
932 1830 1072 1871 Codice
1092 1830 1180 1869 XVI
1197 1827 1316 1867 libro-

356 1912 458 1939 rum.
499 1898 745 1949 lixemplaria
782 1894 1061 1933 vetustissima
1099 1889 1317 1930 Burchardi

358 1964 543 2001 Pithoeus
560 1964 732 1999 testatur
745 1961 905 1996 exstare
920 1957 957 1993 in
975 1954 1227 1994 Bibliothecis
1242 1954 1317 1992 Ec-

355 2027 565 2064 clesiarum
586 2021 857 2065 Carnotensis,
878 2017 1142 2063 Tricassinae,
1159 2020 1199 2054 et
1220 2016 1318 2053 Bur-

354 2087 580 2138 ‹ligalensis.
608 2084 650 2121 ln
682 2079 929 2121 llendreichii
959 2078 1167 2117 Pandectis
1197 2079 1317 2115 Bran-

356 2147 608 2195 denburgicis
625 2155 709 2194 pag.
726 2142 803 2180 794
822 2144 1066 2178 memoratur
1081 2137 1199 2176 editio
1219 2138 1317 2175 Bur—

356 2207 490 2248 chardi
510 2208 616 2244 l'aris
647 2205 760 2251 1199,
777 2204 800 2240 8
817 2212 935 2251 quam
953 2210 1159 2250 nunquam
1180 2197 1316 2236 videre

361 2281 441 2317 ine,
466 2279 538 2306 nec
562 2268 609 2306 ab
633 2267 718 2304 aliis
743 2264 893 2303 laudari
918 2263 1091 2301 memini.
1118 2259 1195 2300 Sed
1223 2271 1315 2298 cum

360 2333 496 2381 viginti
524 2330 615 2375 illis,
641 2338 741 2378 quos
769 2326 874 2374 01111,
898 2325 1006 2362 libris
1042 2324 1224 2370 Decreti,
1249 2320 1318 2360 lea:

357 2392 534 2445 [omiliae
550 2401 696 2429 excusa
709 2393 771 2427 est
792 2387 975 2425 Coloniae
997 2385 1041 2424 A.
1061 2385 1161 2424 1518
1178 2385 1317 2434 (1549)

361 2455 420 2493 sol.
446 2466 493 2492 ex
519 2452 689 2491 editione
710 2447 909 2488 Bartlioldi
929 2446 1221 2497 Questenburg.
1247 2447 1322 2484 Ea—

412 2596 446 2633 a)
470 2596 553 2625 llinc
576 2591 797 2624 Brocartlimz
828 2590 941 2620 Juris.
965 2588 1083 2619 Confer
1113 2586 1326 2619 celeberrimi

358 2649 394 2676 li.
409 2644 590 2676 christiani
605 2641 771 2672 Thomasii
786 2639 1059 2671 Dissertationem
1073 2636 1113 2667 de
1127 2635 1326 2668 Brocardico

355 2703 462 2724 rausa
483 2693 584 2732 salua
603 2694 753 2721 excusat
771 2698 793 2719 α
812 2689 893 2719 (loto
910 2713 918 2726 ,
938 2687 1037 2718 Halae
1063 2686 1143 2717 1720
1160 2686 1178 2716 4
1196 2689 1230 2716 et
1260 2687 1325 2715 Da-

358 2746 453 2774 masii
485 2741 746 2776 Burchardica,
766 2740 835 2770 sive
852 2738 991 2777 Regulus
1022 2737 1208 2767 Canonicas
1223 2743 1262 2766 ex
1277 2742 1325 2765 re-

357 2795 512 2823 censione
530 2793 617 2822 Petri
638 2790 755 2821 Alauni
774 2788 898 2827 Aquilii
913 2810 922 2824 ‚
950 2786 1108 2818 Coloniae
1135 2783 1214 2815 1564
1228 2809 1237 2822 ,
1255 2783 1274 2813 8
1293 2787 1325 2814 et

359 2845 390 2872 in
415 2843 546 2872 Oceano
578 2842 688 2877 JuriS,
708 2840 777 2870 sive
805 2840 964 2868 'tractatu
993 2839 1210 2867 'rractatuum
1233 2838 1324 2865 tomo

357 2892 452 2919 „xviii
469 2914 478 2927 ‚
496 2898 569 2929 pag.
586 2889 660 2920 500.

419 2939 452 2975 b)
475 2942 617 2969 Joannes
635 2937 836 2968 'trithemius
862 2936 946 2966 1175
975 2934 1156 2966 illustrium
1186 2933 1329 2964 Benedi-

357 2989 534 3018 ctinorum.

420 3036 452 3074 c)
471 3036 549 3066 Vide
559 3035 770 3073 Sigcbertum
780 3032 820 3064 ad
839 3037 970 3064 Annum
985 3032 1063 3063 1008
1079 3036 1112 3063 et
1125 3031 1294 3063 Baluzium
1307 3031 1326 3070 S

365 3084 400 3113 18
413 3084 546 3122 praerat.
561 3087 601 3116 ad
614 3086 796 3115 Antonium
807 3084 1030 3122 Augustinum
1038 3081 1078 3112 de
1091 3081 1325 3112 emendatione

362 3135 521 3164 Gratiani.
548 3137 591 3164 De
608 3134 741 3164 olberto
760 3133 842 3170 1110,
869 3134 939 3163 sive
961 3132 1094 3163 Alberto
1122 3131 1324 3163 Trithemius

363 3187 435 3218 cap.
452 3181 511 3211 508
529 3181 634 3213 01510
663 3190 760 3221 supra
774 3190 847 3221 pag.
868 3180 938 3213 115.

425 3228 457 3264 d)
475 3229 658 3261 Blondellus
676 3232 859 3271 prolegom.
877 3232 917 3263 ad
947 3230 1212 3263 Pseudo-isidor.
1235 3239 1265 3263 0.
1287 3228 1324 3261 18

368 3285 441 3316 pag.
453 3278 492 3306 98
507 3285 573 3316 seq.
586 3281 738 3311 Vicissim
748 3281 992 3320 Capltularibus
1003 3281 1148 3313 noluisse
1159 3281 1325 3313 Burchar-

368 3327 445 3356 ‹lum
463 3327 509 3355 uti
529 3348 537 3363 ,
557 3331 647 3358 notat
664 3329 812 3362 Baluztus
831 3329 871 3362 ad
890 3331 1038 3368 Gratiae,
1058 3339 1089 3371 p.
1106 3331 1168 3362 550
1182 3330 1245 3361 3390
1257 3334 1321 3362 etc.

1107 223 1611 283 nnucuanuus

1394 292 1484 331 dem
1509 293 1622 332 deest
1646 295 1683 332 in
1708 295 1879 334 editione.
1915 297 2034 336 Paris.
2076 299 2176 339 1519
2199 301 2354 351 (1550)

1394 355 1498 406 apud
1517 356 1711 395 Joannem
1748 357 2010 398 Foucherium
2031 390 2038 409 ,
2060 362 2096 399 8.
2137 361 2216 402 Sed
2254 362 2356 402 hanc

1393 417 1585 457 claudunt
1610 418 1788 458 Canones
1813 420 1964 472 Synodi
1980 421 2354 474 Saleyunst'adensis

1394 479 1469 518 sub
1484 479 1653 519 Aribone
1670 482 1898 532 Moguntino
1913 481 2246 537 Archi-Episcopo
2258 516 2269 534 ,
2291 486 2354 524 001

1395 542 1648 581 Burchardus
1680 553 1871 594 praesens
1904 543 2030 584 adfuit
2067 546 2184 585 Anno
2207 547 2354 587 Christi

1397 604 1498 642 ⁴023
1523 609 1564 642 et
1597 604 1787 656 quomodo
1811 604 2008 644 initianda
2032 607 2242 658 Synodus,
2266 609 2353 648 sive

1394 666 1633 705 Constitutio
1652 666 1826 715 ordinis,
1847 669 1914 717 qui
1944 668 1982 705 in
2015 666 2252 708 celebranda
2281 670 2357 720 Sy-

1394 727 1494 766 nodo
1514 727 1715 765 observari
1734 727 1864 766 debet.
1883 729 1989 767 Bene
2010 729 2136 768 multa
2154 731 2356 781 accepisse

1392 788 1666 828 Burchardum
1686 800 1708 827 a
1736 789 1950 839 Reginone‚
1973 800 2046 828 nec
2069 800 2194 840 pauca
2213 790 2263 829 de
2283 801 2356 829 suo

1391 850 1621 898 addentem,
1639 850 1765 889 multa
1779 852 2021 902 corrupisse,
2037 853 2148 891 notat
2167 851 2356 892 Baluzius

1391 912 1439 951 ad
1464 913 1705 961 Reginonem
1734 923 1822 962 pag.
1853 912 1928 950 454
1953 923 2036 963 seq.
2066 917 2107 951 e't
2129 912 2178 952 ad
2206 913 2359 952 Gratia-

1393 986 1487 1013 num
1510 986 1595 1024 pag.
1614 974 1707 1021 539,
1729 974 1805 1012 552
1825 977 1901 1012 etc.
1924 973 2033 1012 Idem
2055 975 2093 1012 in
2114 975 2356 1025 praefatione

1391 1035 1438 1073 ad
1463 1035 1680 1074 Antonium
1704 1034 1976 1085 Augustinum
2000 1034 2051 1074 de
2079 1035 2358 1075 emendatione

1390 1098 1564 1136 Gratiani
1586 1097 1607 1147 g
1631 1098 1679 1136 18
1698 1101 1893 1145 10513101,
1915 1108 1958 1135 50
1978 1098 2054 1136 1113
2075 1096 2234 1136 vidisse
2256 1099 2355 1137 Bur-

1388 1159 1522 1198 chardi
1538 1159 1817 1209 antiquissima
1831 1159 2073 1210 exemplaria
2098 1160 2271 1210 optimae
2287 1171 2356 1198 no-

1390 1226 1465 1259 tae.
1490 1221 1549 1259 Ex
1571 1220 1633 1258 his
1656 1219 1842 1260 Codicem
1873 1221 2053 1271 Dionysii
2073 1221 2222 1260 Talonii
2241 1251 2250 1271 ,
2273 1221 2357 1261 lau-

1390 1283 1458 1321 dat
1482 1294 1566 1333 pag.
1595 1281 1669 1320 197
1688 1312 1696 1331 ,
1717 1282 1795 1321 502
1820 1286 1896 1320 etc.
1930 1281 2065 1333 Atque
2088 1282 2217 1322 editos
2237 1282 2355 1322 libros

1391 1357 1466 1383 non
1482 1345 1580 1384 satis
1600 1345 1774 1395 integros
1789 1348 1910 1394 atque
1929 1344 2164 1384 emendatos
2179 1349 2355 1385 exstare.

1390 1407 1646 1445 observatum
1660 1408 1779 1444 etiam
1797 1407 1834 1444 in
1850 1405 2006 1456 Georgii
2019 1406 2235 1446 Cassandri
2250 1408 2354 1458 Ope-

1391 1469 1500 1508 ribus
1521 1479 1605 1519 pag.
1633 1469 1727 1507 1091
1751 1473 1790 1506 et
1812 1468 1927 1507 1098.
1943 1467 2064 1507 Nacti
2077 1468 2197 1508 etiam
2211 1480 2353 1509 smnus

1390 1532 1536 1581 inquit,
1552 1531 1707 1569 Mscum
1722 1540 1820 1580 opus
1839 1528 2086 1579 Bur-ohardi,
2107 1530 2214 1582 quod
2226 1530 2352 1570 obiter

1392 1598 1456 1632 tan
1463 1596 1543 1631 tum
1553 1603 1642 1630 cum
1653 1591 1844 1643 impresso
1857 1591 2029 1630 Parisiis
2037 1590 2149 1631 Anno
2158 1593 2354 1632 MDXLIX

1389 1653 1638 1703 contulimus,
1656 1652 2027 1705 etdeprehendimus
2035 1653 2220 1705 epistolae
2229 1654 2355 1707 phra-

1387 1718 1451 1756 sin
1472 1720 1591 1754 totam
1614 1715 1875 1754 immutatam.
1901 1715 1949 1752 In
1967 1713 2069 1754 libro
2088 1727 2184 1755 vero
2199 1716 2265 1755 XX
2282 1716 2354 1755 im-

1382 1788 1553 1831 pressus
1592 1775 1691 1816 liber
1732 1776 1864 1829 capita
1901 1776 1946 1817 C.
1983 1777 2216 1830 eoescriptus
2256 1789 2353 1817 vero

1392 1840 1556 1882 CLVIII
1586 1839 1777 1888 continet,
1816 1841 1853 1877 et
1889 1837 2141 1889 quorundam
2177 1839 2355 1894 capitum

1390 1901 1485 1941 ordo
1523 1901 1755 1940 immutatus
1788 1899 1944 1952 leqitur.
1971 1901 2135 1939 Joannis
2174 1901 2355 1942 Molinaei

1390 1969 1525 2003 tamer.
1550 1963 1669 2002 editio
1687 1992 1695 2012 ,
1711 1974 1832 2013 quem
1853 1961 2071 2002 Burchardi
2090 1962 2200 2002 libris
2218 1968 2355 2004 emen-

1390 2026 1532 2065 dandis
1562 2036 1721 2075 operam
1758 2024 1910 2062 locasse
1947 2023 2174 2063 Cassander
2207 2025 2353 2065 ibidem

1391 2092 1587 2134 testatur,
1609 2087 1738 2124 lucem
1760 2084 1866 2124 haud
1886 2084 1997 2122 vidit.
2022 2085 2107 2124 Non
2139 2086 2224 2136 ipso
2256 2087 2356 2126 Bur-

1389 2147 1524 2186 chardi
1562 2158 1704 2197 opere,
1733 2146 1804 2184 sed
1840 2149 1998 2184 tantum
2035 2146 2140 2185 illius
2181 2148 2353 2198 epitome

1390 2220 1508 2247 usum
1534 2209 1657 2247 fuisse
1686 2208 1920 2246 Gratianum
1947 2211 2083 2245 monet
2104 2208 2233 2248 Gvido
2256 2210 2354 2248 Pan-

1389 2271 1549 2309 cirollus
1574 2271 1624 2308 111
1652 2272 1666 2309 1
1694 2269 1742 2308 00
1762 2269 1878 2307 013115
1902 2269 2034 2320 legum
2057 2271 2352 2321 interpretibus.

1391 2332 1636 2383 Argumenta
1675 2331 1863 2372 librorum
1903 2331 2042 2380 viginti
2065 2331 2262 2371 editorum
2286 2333 2355 2372 ad-

1393 2395 1563 2433 scribere
1589 2392 1855 2444 supersedeo,
1876 2393 1969 2443 quia
1992 2394 2067 2431 ista
2086 2393 2209 2432 habes
2231 2395 2354 2439 etiam

1393 2456 1497 2507 apud
1526 2455 1644 2495 Gerh.
1673 2454 1949 2494 Mastrichtum
1973 2455 2116 2494 Histor.
2136 2456 2244 2495 Juris
2278 2457 2355 2497 Ec-

1395 2519 1488 2557 cles.
1511 2518 1532 2568 ξ
1557 2518 1647 2556 254.
1685 2516 1886 2556 Oudinuin
1914 2520 2007 2555 torn.
2032 2518 2081 2564 ll,
2106 2529 2193 2569 pag.
2217 2519 2293 2559 526
2313 2523 2355 2558 01

1393 2582 1613 2631 Casparum
1636 2579 1892 2629 Sagittarium
1915 2583 2007 2616 tom.
2029 2579 2062 2617 ll
2083 2579 2295 2619 introduct.
2312 2582 2352 2619 in

1392 2644 1523 2682 Hister
1546 2642 1698 2681 Eccles.
1720 2651 1806 2691 pag.
1831 2639 1907 2678 750
1933 2650 2015 2690 seq.
2040 2640 2146 2679 Obiit
2158 2641 2356 2681 Burchar-

1392 2705 1467 2744 dus
1489 2704 1605 2743 Anno
1629 2703 1785 2742 CHristi
1807 2702 1928 2750 4025,
1951 2702 1999 2741 13
2025 2702 2109 2741 Kal.
2135 2703 2245 2754 Sept.
2264 2704 2355 2744 Sta—

1392 2771 1478 2806 tuta
1518 2767 1725 2806 Canonum
1764 2764 1813 2803 de
1851 2764 1976 2803 officio
2013 2763 2272 2804 Sacerdotum
2303 2776 2354 2805 ex

1392 2829 1500 2867 libris
1524 2826 1742 2867 Burchardi
1766 2825 1947 2876 vulgavit
1970 2825 2155 2864 Canisius
2173 2829 2281 2864 tomo
2302 2826 2354 2866 Vl

1393 2889 1555 2940 Antiqu.
1580 2891 1686 2928 Lect.
1709 2887 1799 2926 vide
1818 2891 1924 2926 tomo
1939 2887 1992 2926 111
2009 2886 2194 2927 editionis
2207 2888 2356 2927 113503-

1395 2953 1531 3002 gianae
1556 2952 1580 2989 f.
1606 2948 1684 2989 297
1707 2951 1789 2998 seq.

1446 3014 1544 3052 Huic
1575 3009 1802 3051 Burchardo
1835 3008 2024 3049 Albercus
2057 3011 2275 3059 Metensis,
2303 3009 2354 3062 de

1392 3086 1470 3125 quo
1506 3085 1627 3125 supra
1650 3083 1736 3124 pag.
1763 3072 1812 3110 45
1849 3071 2026 3111 libellum
2049 3069 2098 3110 de
2120 3070 2353 3110 diversitate

1392 3141 1616 3187 temporum
1642 3134 1859 3183 inscripsit,
1884 3142 2004 3181 quem
2028 3143 2120 3171 cum
2136 3131 2352 3170 B'urchardi

1391 3195 1570 3248 Epistola
1593 3197 1632 3234 in
1655 3193 1806 3234 Alberti
1827 3192 1983 3232 laudem
2012 3196 2239 3243 comparata
2270 3192 2353 3232 edi-

1391 3258 1449 3297 dit
1465 3260 1483 3296 J
1489 3258 1668 3296 ohannes
1681 3255 1873 3306 Georgius
1892 3253 2094 3293 Eccardus
2104 3257 2210 3293 tomo
2223 3256 2353 3306 primo

1391 3318 1874 3371 Corporis-llistoricorum
1894 3314 2113 3355 mediiaevi
2137 3327 2175 3367 p.
2198 3316 2242 3357 91
2264 3327 2349 3368 seq.
