2500 3841
979 203 1276 245 BRUNUS
2076 205 2123 243 71

120 286 205 325 illas
226 280 428 334 Epistolas
459 279 642 331 pluribus
665 278 762 318 locis
789 277 1082 318 emendatiores

119 344 357 393 exhibebat,
382 343 453 382 sed
476 344 598 382 etiam
620 342 821 394 Epistolas
849 341 979 381 adhuc
1003 340 1083 379 ine-

117 408 222 448 ditas
249 408 328 447 LII
359 418 460 459 quas
483 405 533 445 ad
569 405 726 456 prelum
755 409 914 456 paratas
937 404 986 443 ad
1011 416 1084 443 nos

107 472 247 520 misit,
270 472 409 522 eisque
433 469 611 508 libellum
634 468 684 507 de
707 468 954 519 temporibus
978 468 1082 517 suis,

117 545 169 574 ex
192 533 364 573 editione
382 533 547 583 antiqua
568 532 720 571 Veneta
739 530 927 582 subjungi
951 529 1087 569 lauda-

118 601 188 637 tus
210 596 427 648 Negelinus
449 594 589 634 voluit.

173 660 208 699 4.
219 657 440 711 Epistolam
449 657 505 697 ad
511 656 710 697 eruditam
727 657 941 696 foeminam
955 655 1087 695 Domi-

117 734 213 762 nam
231 721 457 774 Baptistam
480 720 527 760 de
549 719 773 760 Malatestis
787 753 798 771 ,
819 720 964 771 quibus
984 720 1088 759 bona

119 785 254 826 studia
272 784 623 833 commendantur,
639 783 764 823 edidit
775 783 979 822 Johannes
997 782 1089 821 Ale-

117 848 271 888 xander
298 848 578 898 Brassicanus‚
609 846 774 899 Argent.
801 847 895 887 4524
920 875 928 895 ,
954 847 977 884 8
1000 846 1088 885 Alia

118 911 173 951 ad
197 911 416 964 Cyriacum
438 909 730 950 Anconitanum
747 911 911 961 vulgata
930 921 953 949 a
971 909 1088 948 Balu-

124 977 184 1014 zio
206 979 314 1014 tomo
338 979 453 1014 sexto
476 974 690 1014 Miscellan.
715 985 803 1025 pag.
829 973 919 1012 538.

175 1037 419 1078 5.Invectiva
433 1037 475 1076 in
485 1036 676 1078 Carolam
682 1035 996 1083 Malatestam,ob
1007 1038 1089 1072 sta-

123 1105 236 1141 tuam
255 1100 427 1152 Viryilii,
444 1101 563 1140 victis
580 1100 763 1139 hostibus
781 1098 887 1150 apud
906 1099 1087 1137 Mantua-

118 1175 191 1203 nos
214 1175 423 1212 eversam,
448 1167 582 1203 exstat
605 1164 643 1201 in
668 1163 750 1201 Viri
780 1161 1001 1201 Clarissimi
1020 1160 1086 1198 Jo-

117 1226 235 1266 annis
277 1225 439 1278 Georyii
473 1223 726 1266 Schelhornii
759 1222 1083 1263 Amoenitatibus

119 1290 340 1329 Litterariis
363 1294 471 1329 tomo
493 1290 546 1328 III
561 1320 572 1338 ,
597 1300 683 1340 pag.
710 1287 908 1328 225-240.

172 1350 500 1393 6.C0mmentarii
510 1362 651 1390 rerum
659 1350 912 1389 Graecarum
929 1361 978 1389 ex
989 1348 1036 1387 ed
1044 1350 1083 1387 it.

115 1413 325 1467 Argentor.
347 1415 449 1456 4640
473 1415 537 1454 fol.
560 1414 692 1455 recusi
716 1413 755 1451 in
781 1415 888 1450 tomo
911 1413 1082 1463 septimo

117 1477 312 1516 Thesauri
327 1477 625 1529 Antiquitatum
642 1476 780 1515 Graec.
797 1475 1052 1514 Gronoviani.

170 1538 206 1578 7.
224 1539 363 1579 Oratio
378 1539 577 1579 adversus
596 1537 824 1591 hypocritas
846 1549 939 1577 cum
956 1538 1088 1588 Poggii

115 1603 276 1656 Dialogo
299 1602 481 1654 ejusdem
505 1603 746 1653 argumenti,
764 1612 907 1641 recusa
928 1601 1087 1652 Maglia-

115 1665 230 1704 bechi
252 1677 378 1706 svasu
397 1665 580 1718 Lugduni
605 1666 707 1706 4689
735 1666 797 1706 42.

171 1728 193 1750 *
208 1728 408 1781 Epistolas
423 1728 510 1768 eius
526 1729 676 1780 ingenti
694 1739 862 1767 numero
878 1732 1018 1767 auctas
1043 1731 1084 1767 et

117 1790 276 1830 erudita
294 1791 538 1842 praefatione
557 1793 718 1830 ornatas
737 1791 921 1841 vulgavit
944 1792 988 1831 V.
1010 1794 1089 1833 cla-

118 1855 208 1893 riss.
231 1855 348 1893 cuius
367 1853 540 1892 amicitia
562 1852 658 1891 mihi
678 1853 873 1904 applaudo
893 1853 965 1893 Ab.
988 1856 1090 1896 Lau-

118 1917 275 1956 rentius
297 1916 438 1956 Mehus
456 1915 710 1955 Florentinus
726 1945 736 1964 ‚
757 1917 825 1967 qui
849 1916 1006 1957 duobus
1028 1923 1089 1958 to-

117 1980 195 2018 mis
223 1983 349 2018 totam
369 1980 488 2017 istam
525 1977 800 2017 collectionem
828 1979 1011 2019 absolvit.
1042 1982 1086 2020 In

116 2042 359 2093 praefatione
383 2041 617 2091 Catalogum
648 2041 747 2080 satis
771 2040 1004 2091 diligentem
1030 2044 1089 2081 in-

115 2105 248 2144 texuit
276 2115 442 2156 operum
472 2104 652 2143 omnium
682 2103 886 2142 Leonardi.
919 2104 982 2144 Ex
1013 2106 1087 2144 viri

115 2167 235 2218 igitur
257 2165 418 2206 doctiss.
440 2166 763 2206 adnotationibus
784 2166 891 2206 hunc
913 2179 984 2218 ego
1008 2173 1088 2207 tra-

115 2229 208 2269 dam
237 2229 287 2269 de
316 2229 513 2282 Operibus
541 2230 693 2269 Latinis
717 2230 910 2269 Leonardi
933 2231 1087 2270 Aretini

113 2293 365 2346 catalogum,
389 2305 435 2333 ea
459 2297 618 2332 tantum
648 2293 870 2346 supplendo
893 2305 996 2345 quae
1021 2294 1088 2333 de-

115 2360 213 2396 sunt
236 2357 276 2394 in
300 2357 488 2396 Fabricio.

166 2418 439 2470 Epistolarum
473 2418 577 2458 Libri
608 2420 658 2458 X.
683 2431 734 2458 ex
758 2431 911 2459 recens.
942 2422 983 2459 L.
1008 2422 1088 2460 Me-

116 2479 194 2519 hus
215 2482 438 2521 Florentiae
457 2481 553 2520 editi
575 2480 649 2520 An.
676 2481 792 2521 4744.
817 2485 845 2520 t.
870 2483 906 2522 2.
932 2483 968 2520 8.

168 2543 204 2581 8.
234 2543 291 2582 De
319 2543 425 2582 Bello
455 2543 604 2583 Punico
634 2544 738 2582 Libri
763 2545 828 2582 111.
853 2543 1086 2596 prodierunt

114 2606 241 2656 primo
264 2607 420 2645 Brixiae
444 2617 507 2645 an.
533 2607 648 2646 4498.
680 2607 756 2645 sub
779 2606 817 2645 h.
843 2611 870 2644 t.
897 2605 1085 2659 Polybius

114 2666 138 2706 h
146 2666 332 2706 istoricus
350 2667 396 2706 de
407 2667 539 2720 primo
556 2666 662 2706 Bello
671 2667 819 2707 Punico
836 2667 955 2708 latine
968 2671 1082 2709 Leon.

114 2729 226 2769 Aret.
253 2729 481 2783 interprete.

168 2793 206 2832 9.
225 2792 563 2833 Commentarium
581 2804 720 2832 rerum
750 2792 1002 2833 Graecarum
1029 2793 1083 2834 acl

114 2855 283 2909 equitem
296 2855 397 2908 Any.
412 2854 657 2895 Acciaiolum
672 2855 720 2894 de
741 2855 848 2906 quib.
865 2856 1078 2896 Fabricius

172 2920 234 2960 40.
261 2918 494 2971 Isaqoqicon
509 2917 676 2957 moralis
697 2916 930 2970 disciplinae
945 2918 1000 2957 ad
1007 2919 1084 2957 Ga-

45 3016 49 3023 .
117 2981 276 3022 lenitum
299 2981 526 3022 Ricasolum
549 2982 617 3033 qui
640 2980 737 3020 liber
766 2991 828 3019 an.
855 2980 969 3020 4475.
994 2993 1084 3033 pro-

116 3045 189 3085 diit
207 3046 369 3085 Lovanii
391 3045 465 3084 sub
485 3045 523 3083 h.
544 3048 572 3083 t.
588 3041 819 3083 Aristoteles
838 3042 884 3081 de
903 3043 1082 3084 moribus

117 3106 173 3147 ad
191 3106 431 3147 Eudemium
450 3107 571 3146 latine
588 3108 706 3146 Leon.
723 3104 830 3145 Aret.
853 3106 1081 3157 interprete.

175 3172 238 3210 44.
268 3171 520 3222 Dialogorum
544 3170 648 3208 Libri
668 3170 732 3208 ΙΙΙ.
753 3168 801 3207 ad
830 3169 992 3207 Petrum
1020 3170 1084 3208 lli-

123 3234 266 3273 strium
287 3232 521 3285 prodierunt
541 3233 715 3272 Basilaee
735 3243 798 3271 an.
817 3231 932 3271 4536.
948 3231 1023 3270 sub
1043 3231 1080 3270 h.

120 3299 149 3334 t.
172 3294 331 3348 Dialoyi
350 3295 427 3335 duo
450 3295 497 3334 de
519 3293 800 3346 disputationis
829 3293 1080 3334 exercitatio-

124 3357 260 3410 nisque
283 3358 508 3399 studiorum
532 3369 609 3398 uStt
633 3361 668 3398 et
691 3357 930 3399 necessitate.

1211 279 1271 317 42.
1303 276 1359 315 De
1381 273 1606 317 Aristotelis
1628 275 1714 316 vita
1732 275 1780 315 ad
1796 275 1957 316 Card.S.
1973 276 2126 315 Crucis.

1156 340 1335 380 nondum
1359 339 1516 392 prodiit.

1211 404 1272 444 43.
1303 404 1360 442 De
1395 401 1539 444 Militia
1577 401 1627 441 ad
1654 401 1892 441 Rainaldum
1916 399 2127 440 Albertum

1158 468 1281 517 equit.
1306 467 1408 506 Flor.
1431 465 1618 506 Nondum
1642 464 1799 517 prodiit.

1214 530 1276 569 44.
1297 529 1353 568 De
1369 527 1513 569 studiis
1537 531 1576 567 et
1597 527 1724 568 literis
1762 527 1810 567 ad
1835 527 2032 567 illustrem
2053 529 2127 567 Do-

1159 592 1309 630 minam
1324 592 1545 643 Baptistam
1561 590 1610 629 de
1626 591 1856 629 Malatestis.
1872 589 2019 629 Prodiit
2033 588 2129 629 Am-

1160 653 1299 693 stelod.
1331 654 1435 693 4645
1470 664 1563 691 cum
1602 654 1701 704 Hug.
1738 653 1862 691 Grotii
1891 657 1931 692 et
1960 653 2126 693 aliorum

1158 715 1514 755 Dissertationibus
1527 714 1575 754 de
1585 715 1737 754 Studiis
1747 714 1847 754 bene
1858 715 2127 755 instituendis.

1215 780 1277 818 45.
1303 779 1360 817 De
1393 776 1716 830 interpretatione
1744 781 1856 816 recta
1884 777 1934 817 ad
1963 779 2129 818 Bertum

1165 841 1436 880 Genuensem.
1467 840 1652 879 Nondum
1677 839 1833 891 prodiit.

1215 904 1277 943 46.
1302 903 1358 942 De
1375 902 1473 955 oriq.
1488 904 1636 942 Romae
1654 905 1693 941 et
1703 901 1807 941 unde
1824 901 1931 941 dicta
1946 903 2009 942 sit.
2025 905 2128 943 Non-

1158 966 1255 1005 dum
1279 966 1434 1018 prodiit..

1215 1028 1276 1070 47.
1296 1029 1562 1081 Interroqatio
1577 1028 1632 1068 acl
1653 1028 1915 1068 Franciscum
1934 1027 1981 1067 de
2002 1028 2129 1068 Fiano

1160 1105 1238 1145 quo
1276 1097 1455 1145 tempore
1495 1093 1637 1142 suerit,
1673 1092 1864 1140 Ovidius;
1902 1102 2024 1131 causa
2059 1104 2130 1143 per

1159 1168 1278 1208 quam
1304 1155 1616 1195 Ovidius'fuerit
1640 1156 1678 1194 in
1703 1156 1869 1194 exilium
1898 1155 2127 1206 relegatu53

1156 1224 1197 1259 ct
1221 1221 1254 1259 si
1279 1223 1491 1259 revocatus
1519 1219 1569 1258 ab
1597 1219 1715 1258 exilio
1742 1219 1861 1258 fuerit
1890 1219 1929 1256 in
1959 1218 2127 1269 patriam

1159 1284 1367 1322 remissus.
1397 1282 1525 1322 Nond.
1549 1281 1706 1333 prodiit.

1215 1346 1277 1385 48.
1302 1346 1359 1384 De
1383 1344 1627 1384 institutione
1649 1343 1957 1383 adolescentium
1979 1343 2035 1383 acl
2055 1345 2130 1383 Ro-

1159 1406 1358 1448 bertinum
1409 1408 1720 1449 Carrariensem
1748 1408 1924 1458 Ambigit
1964 1407 2127 1446 doctiss.

1159 1471 1300 1511 Mehus
1318 1503 1326 1521 ,
1347 1484 1444 1511 num
1470 1472 1567 1510 falso
1592 1473 1751 1510 nomine
1771 1471 1963 1510 Leonardi
1988 1471 2131 1509 inscri-

1160 1538 1256 1586 ptus
1286 1535 1338 1573 sit
1369 1535 1529 1574 libellus
1562 1535 1664 1583 iste3
1690 1546 1782 1572 nam
1813 1534 1925 1572 facile
1954 1533 2029 1573 sub
2058 1533 2133 1572 hoc

1159 1599 1220 1636 tit.
1252 1598 1349 1637 latet
1389 1598 1551 1637 libellus
1589 1598 1693 1636 Petri
1732 1597 1841 1635 Pauli
1878 1597 2052 1648 Vergerii
2083 1596 2133 1636 ad

1158 1661 1393 1701 Ubertinum
1419 1660 1468 1700 de
1486 1661 1665 1700 Carraria
1689 1658 1736 1698 cle
1759 1658 1940 1710 inqenuis
1954 1657 2133 1698 moribus

1156 1727 1196 1763 et
1217 1722 1453 1763 liberalibus
1476 1722 1620 1762 studiis
1643 1721 1944 1761 adolescentiae.

1218 1788 1280 1826 49.
1297 1787 1354 1825 De
1371 1784 1469 1826 Nob.
1486 1786 1520 1824 F
1523 1785 1660 1824 lorent.
1685 1783 1813 1824 Urbis.
1835 1785 1960 1825 Nond.
1977 1785 2132 1837 prodiit.

1217 1850 1280 1889 20.
1293 1851 1392 1900 Imp.
1405 1848 1620 1899 Eliogabali
1640 1847 1777 1886 Oratio
1786 1847 2036 1899 protreptica
2049 1838 2133 1887 sive

1163 1912 1442 1952 aclhortatoria
1465 1910 1520 1950 ad
1541 1911 1786 1950 meretrices.
1801 1911 1919 1950 Edita
1941 1915 2005 1950 est
2028 1912 2132 1949 inter

1162 1977 1261 2015 Hist.
1281 1976 1487 2027 Augustae
1505 1974 1727 2026 Scriptores
1746 1973 1795 2012 ab
1813 1973 1914 2012 Aldo
1933 1974 2035 2012 Man.
2056 1974 2131 2012 Ve-

1163 2044 1243 2078 net.
1268 2050 1330 2078 an.
1358 2039 1474 2078 1549.

1215 2102 1278 2141 24.
1306 2100 1443 2140 Oratio
1456 2112 1534 2153 pro
1555 2112 1596 2140 se
1615 2099 1699 2152 ipso
1717 2098 1772 2138 ad
1777 2097 2000 2152 praesides.
2026 2099 2130 2138 Non-

1160 2163 1257 2203 dum
1281 2164 1436 2216 prodiit.

1215 2227 1278 2267 22.
1297 2249 1351 2256 -—
1364 2227 1413 2265 In
1431 2224 1662 2266 nebulonem
1681 2223 1931 2264 maledicum.
1946 2223 2129 2264 Nondum

1159 2290 1316 2342 prodiit.

1215 2354 1277 2393 23.
1294 2352 1440 2393 Basilii
1452 2354 1502 2393 M.
1520 2351 1622 2392 liber
1635 2352 1684 2391 ab
1700 2363 1746 2390 eo
1762 2352 1800 2389 in
1818 2352 2003 2389 Latinum
2020 2355 2129 2389 tran-

1162 2418 1290 2457 slatus
1327 2417 1382 2456 ad
1407 2418 1600 2469 juvenes,
1638 2413 1783 2466 quibus
1824 2413 1969 2453 studiis
2010 2424 2130 2464 opera

1161 2480 1294 2519 clancla
1318 2484 1385 2520 est.
1411 2481 1544 2519 Paruit
1567 2479 1765 2517 Bononiae
1789 2489 1811 2515 a
1837 2476 1951 2516 4497.
1972 2476 2047 2514 Est
2071 2477 2128 2514 in-

1159 2544 1391 2594 terpetratio
1424 2542 1612 2582 orationis
1641 2542 1681 2580 S.
1710 2540 1840 2579 Basilii
1873 2539 1922 2577 de
1948 2538 2128 2589 legendis

1159 2606 1416 2656 antiquorum
1446 2604 1568 2643 libris.

1212 2669 1275 2707 24.
1306 2665 1563 2718 Xenophontis
1586 2662 1810 2716 philosophi
1841 2661 1941 2701 liber
1969 2662 2041 2714 qui
2067 2662 2125 2702 di-

1157 2730 1262 2769 citur
1291 2733 1486 2782 tyrannus
1509 2739 1585 2780 per
1614 2725 1805 2765 Leonard.
1829 2725 2040 2764 Aretinum
2069 2739 2125 2766 ea:

1159 2793 1311 2831 Graeco
1337 2801 1482 2831 versus
1517 2788 1572 2828 acl
1599 2787 1806 2828 Nicolaum
1829 2787 1966 2827 Nicoli.
1997 2789 2121 2829 Nond.

1155 2856 1298 2907 paruit.
1735 2856 1740 2862 '

1210 2917 1275 2956 25.
1302 2916 1387 2956 Vita
1410 2917 1449 2956 S.
1474 2914 1636 2955 Antonii
1667 2927 1686 2954 e
1721 2914 1874 2954 Graeco
1910 2925 2031 2954 versa
2058 2915 2119 2954 ed.

1155 2980 1272 3018 Basil.
1299 2980 1413 3019 4540.
1438 2980 1474 3017 8.

1210 3043 1272 3082 26.
1302 3065 1353 3070 -
1382 3041 1499 3081 Pirri
1536 3053 1591 3081 ρας
1634 3039 1821 3081 Plutarco
1857 3051 1989 3080 versa.
2018 3042 2121 3081 Non-

1157 3105 1251 3144 dum
1282 3105 1436 3156 prodiit.

1212 3166 1274 3206 27.
1303 3190 1356 3196 --
1379 3166 1499 3206 Pauli
1517 3167 1678 3207 Aemilii
1699 3171 1780 3206 tum
1805 3165 1953 3206 Tiberii
1978 3170 2014 3206 et
2043 3166 2122 3206 Cai

1160 3228 1458 3280 Gracchorum,
1488 3230 1681 3280 Sertorii,
1714 3229 1875 3270 Catonis
1901 3229 2116 3277 Uticensis,

1161 3292 1425 3332 Demosthenis
1450 3293 1623 3334 oratoris
1644 3305 1714 3346 per
1735 3293 1853 3333 eund.
1878 3303 2019 3332 versae
2044 3303 2116 3331 nec-

1154 3356 1281 3397 cditae
1308 3356 1474 3408 hucusq.
