<?xml version="1.0" encoding="UTF-8"?>
<!DOCTYPE html PUBLIC "-//W3C//DTD XHTML 1.0 Transitional//EN"
    "http://www.w3.org/TR/xhtml1/DTD/xhtml1-transitional.dtd">
<html xmlns="http://www.w3.org/1999/xhtml" xml:lang="en" lang="en">
 <head>
  <title>
</title>
<meta http-equiv="Content-Type" content="text/html;charset=utf-8" />
  <meta name='ocr-system' content='tesseract 3.04.00' />
  <meta name='ocr-capabilities' content='ocr_page ocr_carea ocr_par ocr_line ocrx_word'/>
</head>
<body>
  <div class='ocr_page' id='page_1' title='image "./bibliothecalatin01fabruoft_0260.png"; bbox 0 0 2500 4009; ppageno 0'>
   <div class='ocr_carea' id='block_1_1' title="bbox 392 199 472 228">
    <p class='ocr_par' dir='ltr' id='par_1_1' title="bbox 392 199 472 228">
     <span class='ocr_line' id='line_1_1' title="bbox 392 199 472 228; baseline -0.025 0"><span class='ocrx_word' id='word_1_1' title='bbox 392 199 472 228; x_wconf 64' lang='lat' dir='ltr'><strong>ooo</strong></span> 
     </span>
    </p>
   </div>
   <div class='ocr_carea' id='block_1_2' title="bbox 394 226 473 237">
    <p class='ocr_par' dir='ltr' id='par_1_2' title="bbox 394 226 473 237">
     <span class='ocr_line' id='line_1_2' title="bbox 394 226 473 237; baseline 0 0"><span class='ocrx_word' id='word_1_2' title='bbox 394 226 473 237; x_wconf 66' lang='lat' dir='ltr'><strong>-a—-u</strong></span> 
     </span>
    </p>
   </div>
   <div class='ocr_carea' id='block_1_3' title="bbox 368 260 1352 3320">
    <p class='ocr_par' dir='ltr' id='par_1_3' title="bbox 391 260 1352 316">
     <span class='ocr_line' id='line_1_3' title="bbox 391 260 1352 316; baseline 0 -10"><span class='ocrx_word' id='word_1_3' title='bbox 391 272 676 306; x_wconf 75' lang='lat' dir='ltr'><strong>sentcntiarmn</strong></span> <span class='ocrx_word' id='word_1_4' title='bbox 696 265 841 306; x_wconf 71' lang='lat' dir='ltr'><strong>Veteris</strong></span> <span class='ocrx_word' id='word_1_5' title='bbox 856 268 894 304; x_wconf 83' lang='lat' dir='ltr'><strong>et</strong></span> <span class='ocrx_word' id='word_1_6' title='bbox 908 264 1012 304; x_wconf 67' lang='lat' dir='ltr'><strong>,vovi</strong></span> <span class='ocrx_word' id='word_1_7' title='bbox 1021 260 1263 316; x_wconf 74' lang='lat' dir='ltr'><strong>Testamenti,</strong></span> <span class='ocrx_word' id='word_1_8' title='bbox 1270 268 1317 306; x_wconf 84' lang='lat' dir='ltr'><strong>ed</strong></span> <span class='ocrx_word' id='word_1_9' title='bbox 1324 269 1352 306; x_wconf 86' lang='lat' dir='ltr'><strong>i-</strong></span> 
     </span>
    </p>

    <p class='ocr_par' dir='ltr' id='par_1_4' title="bbox 376 328 1351 1411">
     <span class='ocr_line' id='line_1_4' title="bbox 379 328 1347 368; baseline 0.001 -2"><span class='ocrx_word' id='word_1_10' title='bbox 379 334 454 367; x_wconf 78' lang='lat' dir='ltr'><strong>-tos</strong></span> <span class='ocrx_word' id='word_1_11' title='bbox 477 332 562 367; x_wconf 82' lang='lat' dir='ltr'><strong>sine</strong></span> <span class='ocrx_word' id='word_1_12' title='bbox 589 330 743 366; x_wconf 85' lang='lat' dir='ltr'><strong>nomine</strong></span> <span class='ocrx_word' id='word_1_13' title='bbox 766 328 939 364; x_wconf 85' lang='lat' dir='ltr'><strong>auctoris</strong></span> <span class='ocrx_word' id='word_1_14' title='bbox 958 328 1134 366; x_wconf 83' lang='lat' dir='ltr'><strong>Basilcae</strong></span> <span class='ocrx_word' id='word_1_15' title='bbox 1159 330 1260 367; x_wconf 79' lang='grc'>1530</span> <span class='ocrx_word' id='word_1_16' title='bbox 1287 330 1347 368; x_wconf 77' lang='lat' dir='ltr'><strong>fol.</strong></span> 
     </span>
     <span class='ocr_line' id='line_1_5' title="bbox 392 387 1350 429; baseline 0.002 -2"><span class='ocrx_word' id='word_1_17' title='bbox 392 391 549 428; x_wconf 74' lang='lat' dir='ltr'><strong>Parisiis</strong></span> <span class='ocrx_word' id='word_1_18' title='bbox 580 390 693 426; x_wconf 63' lang='grc'>1536,</span> <span class='ocrx_word' id='word_1_19' title='bbox 724 388 767 425; x_wconf 74' lang='lat'><strong>12</strong></span> <span class='ocrx_word' id='word_1_20' title='bbox 791 398 883 426; x_wconf 91' lang='lat' dir='ltr'><strong>cum</strong></span> <span class='ocrx_word' id='word_1_21' title='bbox 909 388 1017 427; x_wconf 84' lang='lat' dir='ltr'><strong>libris</strong></span> <span class='ocrx_word' id='word_1_22' title='bbox 1039 387 1183 426; x_wconf 72' lang='lat' dir='ltr'><strong>Jum‘lii</strong></span> <span class='ocrx_word' id='word_1_23' title='bbox 1202 389 1350 429; x_wconf 81' lang='lat' dir='ltr'><strong>Africa-</strong></span> 
     </span>
     <span class='ocr_line' id='line_1_6' title="bbox 392 448 1347 500; baseline 0.003 -13"><span class='ocrx_word' id='word_1_24' title='bbox 392 453 449 487; x_wconf 88' lang='lat' dir='ltr'><strong>ni:</strong></span> <span class='ocrx_word' id='word_1_25' title='bbox 475 456 509 487; x_wconf 79' lang='lat' dir='ltr'><strong>et</strong></span> <span class='ocrx_word' id='word_1_26' title='bbox 538 451 574 485; x_wconf 86' lang='lat' dir='ltr'><strong>in</strong></span> <span class='ocrx_word' id='word_1_27' title='bbox 600 448 849 486; x_wconf 84' lang='lat' dir='ltr'><strong>Bibliothecis</strong></span> <span class='ocrx_word' id='word_1_28' title='bbox 870 450 1049 496; x_wconf 87' lang='lat' dir='ltr'><strong>Patrum‚</strong></span> <span class='ocrx_word' id='word_1_29' title='bbox 1074 451 1111 488; x_wconf 95' lang='lat' dir='ltr'><strong>in</strong></span> <span class='ocrx_word' id='word_1_30' title='bbox 1137 451 1282 500; x_wconf 87' lang='lat' dir='ltr'><strong>quibus</strong></span> <span class='ocrx_word' id='word_1_31' title='bbox 1297 463 1347 490; x_wconf 83' lang='lat' dir='ltr'><strong>ex</strong></span> 
     </span>
     <span class='ocr_line' id='line_1_7' title="bbox 392 509 1349 552; baseline 0.004 -4"><span class='ocrx_word' id='word_1_32' title='bbox 392 512 529 548; x_wconf 78' lang='lat' dir='ltr'><strong>Felicis</strong></span> <span class='ocrx_word' id='word_1_33' title='bbox 543 509 729 547; x_wconf 56' lang='lat' dir='ltr'><strong>‘toletani</strong></span> <span class='ocrx_word' id='word_1_34' title='bbox 747 509 822 547; x_wconf 81' lang='lat' dir='ltr'><strong>side</strong></span> <span class='ocrx_word' id='word_1_35' title='bbox 841 509 1001 548; x_wconf 76' lang='lat' dir='ltr'><strong>Iuliano</strong></span> <span class='ocrx_word' id='word_1_36' title='bbox 1026 509 1204 550; x_wconf 82' lang='lat' dir='ltr'><em>Toletano</em></span> <span class='ocrx_word' id='word_1_37' title='bbox 1224 514 1349 552; x_wconf 87' lang='lat' dir='ltr'><strong>tribu-</strong></span> 
     </span>
     <span class='ocr_line' id='line_1_8' title="bbox 390 569 1351 622; baseline 0.005 -14"><span class='ocrx_word' id='word_1_38' title='bbox 390 576 527 609; x_wconf 86' lang='lat' dir='ltr'><strong>untur:</strong></span> <span class='ocrx_word' id='word_1_39' title='bbox 545 569 661 619; x_wconf 82' lang='lat' dir='ltr'><strong>cujus</strong></span> <span class='ocrx_word' id='word_1_40' title='bbox 677 581 755 608; x_wconf 92' lang='lat' dir='ltr'><strong>non</strong></span> <span class='ocrx_word' id='word_1_41' title='bbox 773 572 900 622; x_wconf 82' lang='lat' dir='ltr'><strong>magis</strong></span> <span class='ocrx_word' id='word_1_42' title='bbox 916 577 1007 610; x_wconf 87' lang='lat' dir='ltr'><strong>sunt</strong></span> <span class='ocrx_word' id='word_1_43' title='bbox 1029 584 1149 622; x_wconf 82' lang='lat' dir='ltr'><strong>quam</strong></span> <span class='ocrx_word' id='word_1_44' title='bbox 1166 573 1351 613; x_wconf 80' lang='lat' dir='ltr'><strong>Saluiani</strong></span> 
     </span>
     <span class='ocr_line' id='line_1_9' title="bbox 381 632 1348 682; baseline 0.004 -12"><span class='ocrx_word' id='word_1_45' title='bbox 381 632 523 670; x_wconf 76' lang='lat' dir='ltr'><strong>Massil.</strong></span> <span class='ocrx_word' id='word_1_46' title='bbox 565 642 656 670; x_wconf 89' lang='lat' dir='ltr'><strong>cum</strong></span> <span class='ocrx_word' id='word_1_47' title='bbox 681 633 828 682; x_wconf 87' lang='lat' dir='ltr'><strong>quibus</strong></span> <span class='ocrx_word' id='word_1_48' title='bbox 861 644 931 671; x_wconf 83' lang='lat' dir='ltr'><strong>eos</strong></span> <span class='ocrx_word' id='word_1_49' title='bbox 952 633 1068 672; x_wconf 80' lang='lat' dir='ltr'><strong>Anno</strong></span> <span class='ocrx_word' id='word_1_50' title='bbox 1094 635 1196 674; x_wconf 73' lang='lat'>⁴530</span> <span class='ocrx_word' id='word_1_51' title='bbox 1225 635 1348 674; x_wconf 79' lang='lat' dir='ltr'><strong>edidit</strong></span> 
     </span>
     <span class='ocr_line' id='line_1_10' title="bbox 385 692 1349 737; baseline 0.008 -8"><span class='ocrx_word' id='word_1_52' title='bbox 385 692 576 730; x_wconf 70' lang='lat' dir='ltr'><strong>,Iohannis</strong></span> <span class='ocrx_word' id='word_1_53' title='bbox 600 693 825 732; x_wconf 84' lang='lat' dir='ltr'><strong>Alexander</strong></span> <span class='ocrx_word' id='word_1_54' title='bbox 859 696 1134 735; x_wconf 89' lang='lat' dir='ltr'><strong>Brassicanus:</strong></span> <span class='ocrx_word' id='word_1_55' title='bbox 1176 699 1240 736; x_wconf 85' lang='lat' dir='ltr'><strong>vel</strong></span> <span class='ocrx_word' id='word_1_56' title='bbox 1282 698 1349 737; x_wconf 85' lang='lat' dir='ltr'><strong>Ri-</strong></span> 
     </span>
     <span class='ocr_line' id='line_1_11' title="bbox 385 752 1346 807; baseline 0.009 -17"><span class='ocrx_word' id='word_1_57' title='bbox 385 752 528 792; x_wconf 67' lang='lat' dir='ltr'><strong>eliardi</strong></span> <span class='ocrx_word' id='word_1_58' title='bbox 548 755 840 803; x_wconf 84' lang='lat' dir='ltr'><strong>Cluniacensis‚</strong></span> <span class='ocrx_word' id='word_1_59' title='bbox 864 756 912 795; x_wconf 90' lang='lat' dir='ltr'><strong>ad</strong></span> <span class='ocrx_word' id='word_1_60' title='bbox 937 768 1056 807; x_wconf 84' lang='lat' dir='ltr'><strong>quem</strong></span> <span class='ocrx_word' id='word_1_61' title='bbox 1082 759 1346 799; x_wconf 79' lang='lat' dir='ltr'><strong>reseruntura</strong></span> 
     </span>
     <span class='ocr_line' id='line_1_12' title="bbox 383 816 1344 860; baseline 0.008 -8"><span class='ocrx_word' id='word_1_62' title='bbox 383 816 493 853; x_wconf 72' lang='lat' dir='ltr'><strong>Sixto</strong></span> <span class='ocrx_word' id='word_1_63' title='bbox 522 816 688 854; x_wconf 85' lang='lat' dir='ltr'><strong>Senensi</strong></span> <span class='ocrx_word' id='word_1_64' title='bbox 728 818 790 856; x_wconf 90' lang='lat' dir='ltr'><strong>lib.</strong></span> <span class='ocrx_word' id='word_1_65' title='bbox 827 819 877 856; x_wconf 79' lang='lat' dir='ltr'><strong>lv</strong></span> <span class='ocrx_word' id='word_1_66' title='bbox 901 819 1166 859; x_wconf 83' lang='lat' dir='ltr'><strong>Bibliothecae</strong></span> <span class='ocrx_word' id='word_1_67' title='bbox 1201 822 1344 860; x_wconf 80' lang='lat' dir='ltr'><strong>Sacrae</strong></span> 
     </span>
     <span class='ocr_line' id='line_1_13' title="bbox 382 878 1342 932; baseline 0.01 -22"><span class='ocrx_word' id='word_1_68' title='bbox 382 887 468 926; x_wconf 70' lang='lat' dir='ltr'><strong>pag.</strong></span> <span class='ocrx_word' id='word_1_69' title='bbox 489 878 577 916; x_wconf 84' lang='grc'>371.</span> <span class='ocrx_word' id='word_1_70' title='bbox 595 879 648 916; x_wconf 83' lang='lat' dir='ltr'><strong>De</strong></span> <span class='ocrx_word' id='word_1_71' title='bbox 672 881 840 917; x_wconf 82' lang='lat' dir='ltr'><strong>caeteris</strong></span> <span class='ocrx_word' id='word_1_72' title='bbox 861 880 1052 919; x_wconf 85' lang='lat' dir='ltr'><strong>Bertharii</strong></span> <span class='ocrx_word' id='word_1_73' title='bbox 1075 883 1234 932; x_wconf 88' lang='lat' dir='ltr'><strong>scriptis</strong></span> <span class='ocrx_word' id='word_1_74' title='bbox 1254 883 1342 920; x_wconf 94' lang='lat' dir='ltr'><strong>nolo</strong></span> 
     </span>
     <span class='ocr_line' id='line_1_14' title="bbox 382 939 1341 993; baseline 0.008 -19"><span class='ocrx_word' id='word_1_75' title='bbox 382 942 577 988; x_wconf 83' lang='lat' dir='ltr'><strong>repetere,</strong></span> <span class='ocrx_word' id='word_1_76' title='bbox 601 951 703 989; x_wconf 79' lang='lat' dir='ltr'><strong>quae</strong></span> <span class='ocrx_word' id='word_1_77' title='bbox 738 939 819 989; x_wconf 88' lang='lat' dir='ltr'><strong>jam</strong></span> <span class='ocrx_word' id='word_1_78' title='bbox 841 946 975 980; x_wconf 87' lang='lat' dir='ltr'><strong>notata</strong></span> <span class='ocrx_word' id='word_1_79' title='bbox 991 953 1011 980; x_wconf 88' lang='lat' dir='ltr'><strong>a</strong></span> <span class='ocrx_word' id='word_1_80' title='bbox 1029 944 1143 981; x_wconf 88' lang='lat' dir='ltr'><strong>Petro</strong></span> <span class='ocrx_word' id='word_1_81' title='bbox 1159 944 1341 993; x_wconf 70' lang='lat' dir='ltr'><strong>ommno,</strong></span> 
     </span>
     <span class='ocr_line' id='line_1_15' title="bbox 382 1000 1339 1054; baseline 0.008 -19"><span class='ocrx_word' id='word_1_82' title='bbox 382 1003 422 1035; x_wconf 87' lang='lat' dir='ltr'><strong>et</strong></span> <span class='ocrx_word' id='word_1_83' title='bbox 447 1000 484 1036; x_wconf 93' lang='lat' dir='ltr'><strong>in</strong></span> <span class='ocrx_word' id='word_1_84' title='bbox 509 1000 701 1039; x_wconf 79' lang='lat' dir='ltr'><strong>Joliannis</strong></span> <span class='ocrx_word' id='word_1_85' title='bbox 726 1003 903 1053; x_wconf 81' lang='lat' dir='ltr'>Baptista</span> <span class='ocrx_word' id='word_1_86' title='bbox 923 1005 1015 1041; x_wconf 85' lang='lat' dir='ltr'><strong>Mari</strong></span> <span class='ocrx_word' id='word_1_87' title='bbox 1036 1003 1084 1042; x_wconf 91' lang='lat' dir='ltr'><strong>ad</strong></span> <span class='ocrx_word' id='word_1_88' title='bbox 1109 1016 1201 1043; x_wconf 90' lang='lat' dir='ltr'><strong>eum</strong></span> <span class='ocrx_word' id='word_1_89' title='bbox 1218 1006 1339 1054; x_wconf 87' lang='lat' dir='ltr'><strong>notis,</strong></span> 
     </span>
     <span class='ocr_line' id='line_1_16' title="bbox 381 1061 1340 1114; baseline 0.008 -19"><span class='ocrx_word' id='word_1_90' title='bbox 381 1064 418 1096; x_wconf 84' lang='lat' dir='ltr'><strong>et</strong></span> <span class='ocrx_word' id='word_1_91' title='bbox 445 1061 547 1111; x_wconf 85' lang='lat' dir='ltr'><strong>apud</strong></span> <span class='ocrx_word' id='word_1_92' title='bbox 573 1062 766 1101; x_wconf 84' lang='lat' dir='ltr'><strong>Caveum:</strong></span> <span class='ocrx_word' id='word_1_93' title='bbox 792 1065 865 1101; x_wconf 92' lang='lat' dir='ltr'><strong>nisi</strong></span> <span class='ocrx_word' id='word_1_94' title='bbox 889 1065 993 1114; x_wconf 87' lang='lat' dir='ltr'><strong>quod</strong></span> <span class='ocrx_word' id='word_1_95' title='bbox 1021 1066 1166 1103; x_wconf 77' lang='lat' dir='ltr'><em>Versus</em></span> <span class='ocrx_word' id='word_1_96' title='bbox 1185 1064 1231 1103; x_wconf 80' lang='lat' dir='ltr'><strong>de</strong></span> <span class='ocrx_word' id='word_1_97' title='bbox 1245 1066 1340 1113; x_wconf 69' lang='lat' dir='ltr'><strong>vita,</strong></span> 
     </span>
     <span class='ocr_line' id='line_1_17' title="bbox 381 1119 1340 1164; baseline 0.007 -7"><span class='ocrx_word' id='word_1_98' title='bbox 381 1119 487 1158; x_wconf 78' lang='lat' dir='ltr'><strong>obitu</strong></span> <span class='ocrx_word' id='word_1_99' title='bbox 502 1133 550 1159; x_wconf 85' lang='lat' dir='ltr'><strong>ac</strong></span> <span class='ocrx_word' id='word_1_100' title='bbox 565 1123 774 1162; x_wconf 75' lang='lat' dir='ltr'><em>miraculis</em></span> <span class='ocrx_word' id='word_1_101' title='bbox 793 1127 831 1163; x_wconf 85' lang='lat' dir='ltr'><strong>S.</strong></span> <span class='ocrx_word' id='word_1_102' title='bbox 852 1124 1054 1163; x_wconf 78' lang='lat' dir='ltr'><em>Benedicti</em></span> <span class='ocrx_word' id='word_1_103' title='bbox 1072 1127 1190 1164; x_wconf 87' lang='lat' dir='ltr'><strong>etiam</strong></span> <span class='ocrx_word' id='word_1_104' title='bbox 1212 1126 1340 1164; x_wconf 88' lang='lat' dir='ltr'><strong>editos</strong></span> 
     </span>
     <span class='ocr_line' id='line_1_18' title="bbox 382 1182 1337 1233; baseline 0.006 -14"><span class='ocrx_word' id='word_1_105' title='bbox 382 1194 542 1220; x_wconf 82' lang='lat' dir='ltr'><strong>monere</strong></span> <span class='ocrx_word' id='word_1_106' title='bbox 563 1182 676 1233; x_wconf 72' lang='lat' dir='ltr'><strong>juvat</strong></span> <span class='ocrx_word' id='word_1_107' title='bbox 705 1186 741 1222; x_wconf 88' lang='lat' dir='ltr'><strong>in</strong></span> <span class='ocrx_word' id='word_1_108' title='bbox 772 1184 883 1223; x_wconf 83' lang='lat' dir='ltr'><strong>Actis</strong></span> <span class='ocrx_word' id='word_1_109' title='bbox 903 1187 971 1224; x_wconf 79' lang='lat' dir='ltr'><strong>SS.</strong></span> <span class='ocrx_word' id='word_1_110' title='bbox 997 1186 1196 1224; x_wconf 81' lang='lat' dir='ltr'><strong>Benedict.</strong></span> <span class='ocrx_word' id='word_1_111' title='bbox 1213 1189 1337 1226; x_wconf 89' lang='lat' dir='ltr'><strong>tom.1</strong></span> 
     </span>
     <span class='ocr_line' id='line_1_19' title="bbox 380 1245 1340 1297; baseline 0.007 -17"><span class='ocrx_word' id='word_1_112' title='bbox 380 1254 467 1292; x_wconf 63' lang='lat' dir='ltr'><strong>pag.</strong></span> <span class='ocrx_word' id='word_1_113' title='bbox 492 1245 553 1281; x_wconf 66' lang='grc'><strong>99.</strong></span> <span class='ocrx_word' id='word_1_114' title='bbox 580 1246 823 1285; x_wconf 76' lang='lat' dir='ltr'><strong>Tritliemius</strong></span> <span class='ocrx_word' id='word_1_115' title='bbox 841 1258 925 1297; x_wconf 89' lang='lat' dir='ltr'><strong>cap.</strong></span> <span class='ocrx_word' id='word_1_116' title='bbox 951 1247 1095 1285; x_wconf 56' lang='lat' dir='ltr'><strong>326.oe</strong></span> <span class='ocrx_word' id='word_1_117' title='bbox 1111 1248 1251 1286; x_wconf 79' lang='lat' dir='ltr'><strong>illustr.</strong></span> <span class='ocrx_word' id='word_1_118' title='bbox 1270 1250 1340 1287; x_wconf 88' lang='lat' dir='ltr'><strong>Be-</strong></span> 
     </span>
     <span class='ocr_line' id='line_1_20' title="bbox 378 1304 1339 1360; baseline 0.009 -20"><span class='ocrx_word' id='word_1_119' title='bbox 378 1304 564 1342; x_wconf 81' lang='lat' dir='ltr'><strong>nedietin.</strong></span> <span class='ocrx_word' id='word_1_120' title='bbox 592 1307 623 1344; x_wconf 85' lang='grc' dir='ltr'><strong>ΙΙ</strong></span> <span class='ocrx_word' id='word_1_121' title='bbox 649 1306 698 1344; x_wconf 80' lang='lat'><strong>72</strong></span> <span class='ocrx_word' id='word_1_122' title='bbox 723 1308 1000 1347; x_wconf 89' lang='lat' dir='ltr'><strong>tantummodo</strong></span> <span class='ocrx_word' id='word_1_123' title='bbox 1020 1318 1225 1347; x_wconf 88' lang='lat' dir='ltr'><strong>sermones</strong></span> <span class='ocrx_word' id='word_1_124' title='bbox 1252 1309 1339 1360; x_wconf 83' lang='lat' dir='ltr'><strong>ejus</strong></span> 
     </span>
     <span class='ocr_line' id='line_1_21' title="bbox 376 1365 900 1411; baseline 0.011 -9"><span class='ocrx_word' id='word_1_125' title='bbox 376 1365 579 1411; x_wconf 58' lang='lat' dir='ltr'><strong>elegantes</strong></span> <span class='ocrx_word' id='word_1_126' title='bbox 602 1374 900 1407; x_wconf 77' lang='lat' dir='ltr'><strong>commemorat..</strong></span> 
     </span>
    </p>

    <p class='ocr_par' dir='ltr' id='par_1_5' title="bbox 373 1427 1340 1848">
     <span class='ocr_line' id='line_1_22' title="bbox 429 1427 1340 1483; baseline 0.009 -19"><span class='ocrx_word' id='word_1_127' title='bbox 429 1427 750 1469; x_wconf 79' lang='lat' dir='ltr'>BERTHARIUS</span> <span class='ocrx_word' id='word_1_128' title='bbox 771 1431 999 1480; x_wconf 76' lang='lat' dir='ltr'><strong>Presbyter,</strong></span> <span class='ocrx_word' id='word_1_129' title='bbox 1014 1433 1080 1481; x_wconf 87' lang='lat' dir='ltr'><strong>qui</strong></span> <span class='ocrx_word' id='word_1_130' title='bbox 1099 1433 1257 1483; x_wconf 80' lang='lat' dir='ltr'><strong>scripsit</strong></span> <span class='ocrx_word' id='word_1_131' title='bbox 1275 1443 1340 1483; x_wconf 71' lang='lat' dir='ltr'><strong>yc—</strong></span> 
     </span>
     <span class='ocr_line' id='line_1_23' title="bbox 379 1487 1337 1540; baseline 0.01 -18"><span class='ocrx_word' id='word_1_132' title='bbox 379 1488 439 1523; x_wconf 81' lang='lat' dir='ltr'><strong>sta</strong></span> <span class='ocrx_word' id='word_1_133' title='bbox 466 1487 751 1540; x_wconf 75' lang='lat' dir='ltr'><strong>Episcoporum</strong></span> <span class='ocrx_word' id='word_1_134' title='bbox 777 1491 1082 1530; x_wconf 78' lang='lat' dir='ltr'><strong>Virclunensz&#39;um</strong></span> <span class='ocrx_word' id='word_1_135' title='bbox 1109 1495 1337 1533; x_wconf 88' lang='lat' dir='ltr'><strong>continuata</strong></span> 
     </span>
     <span class='ocr_line' id='line_1_24' title="bbox 376 1550 1338 1600; baseline 0.009 -16"><span class='ocrx_word' id='word_1_136' title='bbox 376 1559 446 1597; x_wconf 85' lang='lat' dir='ltr'><strong>per</strong></span> <span class='ocrx_word' id='word_1_137' title='bbox 466 1550 721 1600; x_wconf 72' lang='lat' dir='ltr'><strong>Anonymum</strong></span> <span class='ocrx_word' id='word_1_138' title='bbox 736 1554 968 1592; x_wconf 81' lang='lat' dir='ltr'><strong>Monachum</strong></span> <span class='ocrx_word' id='word_1_139' title='bbox 987 1556 1025 1592; x_wconf 83' lang='lat' dir='ltr'><strong>S.</strong></span> <span class='ocrx_word' id='word_1_140' title='bbox 1047 1555 1176 1592; x_wconf 73' lang='lat' dir='ltr'><strong>Vitoni</strong></span> <span class='ocrx_word' id='word_1_141' title='bbox 1197 1556 1338 1594; x_wconf 80' lang='lat' dir='ltr'><strong>virdu-</strong></span> 
     </span>
     <span class='ocr_line' id='line_1_25' title="bbox 377 1612 1334 1656; baseline 0.009 -10"><span class='ocrx_word' id='word_1_142' title='bbox 377 1612 512 1649; x_wconf 82' lang='lat' dir='ltr'><strong>nensis</strong></span> <span class='ocrx_word' id='word_1_143' title='bbox 533 1612 580 1650; x_wconf 86' lang='lat' dir='ltr'><strong>ab</strong></span> <span class='ocrx_word' id='word_1_144' title='bbox 598 1613 712 1651; x_wconf 74' lang='lat' dir='ltr'><strong>Anno</strong></span> <span class='ocrx_word' id='word_1_145' title='bbox 737 1616 813 1652; x_wconf 89' lang='lat'><strong>888</strong></span> <span class='ocrx_word' id='word_1_146' title='bbox 830 1615 878 1653; x_wconf 87' lang='lat' dir='ltr'><strong>ad</strong></span> <span class='ocrx_word' id='word_1_147' title='bbox 900 1616 998 1654; x_wconf 70' lang='grc'>1043</span> <span class='ocrx_word' id='word_1_148' title='bbox 1013 1621 1052 1654; x_wconf 88' lang='lat' dir='ltr'><strong>et</strong></span> <span class='ocrx_word' id='word_1_149' title='bbox 1076 1629 1096 1655; x_wconf 89' lang='lat' dir='ltr'><strong>a</strong></span> <span class='ocrx_word' id='word_1_150' title='bbox 1124 1618 1334 1656; x_wconf 89' lang='lat' dir='ltr'><strong>Laurentio</strong></span> 
     </span>
     <span class='ocr_line' id='line_1_26' title="bbox 374 1671 1337 1716; baseline 0.009 -9"><span class='ocrx_word' id='word_1_151' title='bbox 374 1671 579 1710; x_wconf 82' lang='lat' dir='ltr'><strong>Leodiensi</strong></span> <span class='ocrx_word' id='word_1_152' title='bbox 604 1674 651 1712; x_wconf 87' lang='lat' dir='ltr'><strong>ad</strong></span> <span class='ocrx_word' id='word_1_153' title='bbox 676 1676 835 1715; x_wconf 71' lang='lat' dir='ltr'><strong>Annum</strong></span> <span class='ocrx_word' id='word_1_154' title='bbox 862 1678 964 1715; x_wconf 88' lang='grc'>1197</span> <span class='ocrx_word' id='word_1_155' title='bbox 978 1681 1018 1714; x_wconf 85' lang='lat' dir='ltr'><strong>et</strong></span> <span class='ocrx_word' id='word_1_156' title='bbox 1033 1678 1082 1715; x_wconf 84' lang='lat' dir='ltr'><strong>ab</strong></span> <span class='ocrx_word' id='word_1_157' title='bbox 1096 1678 1218 1716; x_wconf 87' lang='lat' dir='ltr'><strong>altero</strong></span> <span class='ocrx_word' id='word_1_158' title='bbox 1232 1678 1337 1716; x_wconf 84' lang='lat' dir='ltr'><strong>Ano-</strong></span> 
     </span>
     <span class='ocr_line' id='line_1_27' title="bbox 374 1734 1334 1789; baseline 0.009 -21"><span class='ocrx_word' id='word_1_159' title='bbox 374 1742 495 1781; x_wconf 69' lang='lat' dir='ltr'><strong>nymo</strong></span> <span class='ocrx_word' id='word_1_160' title='bbox 519 1734 565 1771; x_wconf 85' lang='lat' dir='ltr'><strong>ad</strong></span> <span class='ocrx_word' id='word_1_161' title='bbox 592 1736 731 1774; x_wconf 75' lang='lat' dir='ltr'><strong>Annal.</strong></span> <span class='ocrx_word' id='word_1_162' title='bbox 751 1749 836 1787; x_wconf 74' lang='lat' dir='ltr'><strong>pag.</strong></span> <span class='ocrx_word' id='word_1_163' title='bbox 859 1739 935 1776; x_wconf 80' lang='lat'><strong>6:38</strong></span> <span class='ocrx_word' id='word_1_164' title='bbox 959 1743 999 1775; x_wconf 89' lang='lat' dir='ltr'><strong>et</strong></span> <span class='ocrx_word' id='word_1_165' title='bbox 1021 1738 1150 1776; x_wconf 85' lang='lat' dir='ltr'><strong>Jacobi</strong></span> <span class='ocrx_word' id='word_1_166' title='bbox 1170 1739 1205 1775; x_wconf 81' lang='lat' dir='ltr'><strong>le</strong></span> <span class='ocrx_word' id='word_1_167' title='bbox 1228 1740 1334 1789; x_wconf 79' lang='lat' dir='ltr'><strong>Long</strong></span> 
     </span>
     <span class='ocr_line' id='line_1_28' title="bbox 373 1793 1212 1848; baseline 0.011 -20"><span class='ocrx_word' id='word_1_168' title='bbox 373 1793 652 1834; x_wconf 85' lang='lat' dir='ltr'><strong>Bibliothecam</strong></span> <span class='ocrx_word' id='word_1_169' title='bbox 680 1799 819 1836; x_wconf 83' lang='lat' dir='ltr'><strong>llistor.</strong></span> <span class='ocrx_word' id='word_1_170' title='bbox 844 1798 992 1836; x_wconf 84' lang='lat' dir='ltr'><strong>Galliae</strong></span> <span class='ocrx_word' id='word_1_171' title='bbox 1012 1810 1097 1848; x_wconf 84' lang='lat' dir='ltr'><strong>pag.</strong></span> <span class='ocrx_word' id='word_1_172' title='bbox 1124 1799 1212 1837; x_wconf 70' lang='lat'><strong>207.</strong></span> 
     </span>
    </p>

    <p class='ocr_par' dir='ltr' id='par_1_6' title="bbox 368 1855 1333 3320">
     <span class='ocr_line' id='line_1_29' title="bbox 426 1855 1331 1912; baseline 0.009 -21"><span class='ocrx_word' id='word_1_173' title='bbox 426 1855 756 1897; x_wconf 71' lang='lat' dir='ltr'><strong>BERTllOLlHJS</strong></span> <span class='ocrx_word' id='word_1_174' title='bbox 779 1859 1331 1912; x_wconf 77' lang='lat' dir='ltr'><strong>ConstantiensisPresbyter,</strong></span> 
     </span>
     <span class='ocr_line' id='line_1_30' title="bbox 372 1916 1330 1971; baseline 0.009 -19"><span class='ocrx_word' id='word_1_175' title='bbox 372 1927 448 1953; x_wconf 88' lang='lat' dir='ltr'><strong>non</strong></span> <span class='ocrx_word' id='word_1_176' title='bbox 465 1916 665 1964; x_wconf 66' lang='lat' dir='ltr'><strong>diversus,</strong></span> <span class='ocrx_word' id='word_1_177' title='bbox 692 1924 732 1957; x_wconf 86' lang='lat' dir='ltr'><strong>nt</strong></span> <span class='ocrx_word' id='word_1_178' title='bbox 759 1920 918 1959; x_wconf 80' lang='lat' dir='ltr'><strong>videtur</strong></span> <span class='ocrx_word' id='word_1_179' title='bbox 941 1933 962 1959; x_wconf 88' lang='lat' dir='ltr'><strong>a</strong></span> <span class='ocrx_word' id='word_1_180' title='bbox 987 1922 1265 1971; x_wconf 79' lang='lat' dir='ltr'>BERNOLDO,</span> <span class='ocrx_word' id='word_1_181' title='bbox 1281 1923 1330 1961; x_wconf 87' lang='lat' dir='ltr'><strong>de</strong></span> 
     </span>
     <span class='ocr_line' id='line_1_31' title="bbox 372 1980 1326 2028; baseline 0.012 -17"><span class='ocrx_word' id='word_1_182' title='bbox 372 1989 449 2026; x_wconf 84' lang='lat' dir='ltr'><strong>quo</strong></span> <span class='ocrx_word' id='word_1_183' title='bbox 475 1989 612 2028; x_wconf 77' lang='lat' dir='ltr'><strong>supra7</strong></span> <span class='ocrx_word' id='word_1_184' title='bbox 639 1980 803 2018; x_wconf 78' lang='lat' dir='ltr'><strong>Ordinis</strong></span> <span class='ocrx_word' id='word_1_185' title='bbox 840 1983 1008 2020; x_wconf 80' lang='lat' dir='ltr'><strong>Romani</strong></span> <span class='ocrx_word' id='word_1_186' title='bbox 1033 1986 1326 2022; x_wconf 84' lang='lat' dir='ltr'><strong>concinnatore.</strong></span> 
     </span>
     <span class='ocr_line' id='line_1_32' title="bbox 371 2038 1330 2093; baseline 0.009 -20"><span class='ocrx_word' id='word_1_187' title='bbox 371 2038 609 2086; x_wconf 71' lang='lat' dir='ltr'><strong>Anonymus</strong></span> <span class='ocrx_word' id='word_1_188' title='bbox 631 2042 866 2079; x_wconf 79' lang='lat' dir='ltr'><strong>Mellicensis</strong></span> <span class='ocrx_word' id='word_1_189' title='bbox 889 2054 972 2093; x_wconf 86' lang='lat' dir='ltr'><strong>cap.</strong></span> <span class='ocrx_word' id='word_1_190' title='bbox 994 2045 1043 2081; x_wconf 73' lang='lat'><strong>92</strong></span> <span class='ocrx_word' id='word_1_191' title='bbox 1060 2056 1150 2081; x_wconf 90' lang='lat' dir='ltr'><strong>eum</strong></span> <span class='ocrx_word' id='word_1_192' title='bbox 1169 2045 1330 2081; x_wconf 80' lang='lat' dir='ltr'><strong>aitscri-</strong></span> 
     </span>
     <span class='ocr_line' id='line_1_33' title="bbox 368 2098 1327 2150; baseline 0.01 -18"><span class='ocrx_word' id='word_1_193' title='bbox 368 2099 497 2146; x_wconf 73' lang='lat' dir='ltr'><strong>psisse</strong></span> <span class='ocrx_word' id='word_1_194' title='bbox 509 2098 626 2137; x_wconf 75' lang='lat' dir='ltr'><strong>vitam</strong></span> <span class='ocrx_word' id='word_1_195' title='bbox 648 2103 819 2150; x_wconf 64' lang='lat' dir='ltr'><strong>Magistri</strong></span> <span class='ocrx_word' id='word_1_196' title='bbox 838 2105 898 2140; x_wconf 91' lang='lat' dir='ltr'><strong>sui</strong></span> <span class='ocrx_word' id='word_1_197' title='bbox 916 2103 1139 2141; x_wconf 74' lang='lat' dir='ltr'><strong>Hermanni</strong></span> <span class='ocrx_word' id='word_1_198' title='bbox 1158 2104 1327 2142; x_wconf 82' lang='lat' dir='ltr'><strong>Contra-</strong></span> 
     </span>
     <span class='ocr_line' id='line_1_34' title="bbox 372 2158 1326 2216; baseline 0.013 -24"><span class='ocrx_word' id='word_1_199' title='bbox 372 2158 438 2206; x_wconf 68' lang='lat' dir='ltr'><strong>eci,</strong></span> <span class='ocrx_word' id='word_1_200' title='bbox 464 2164 500 2195; x_wconf 84' lang='lat' dir='ltr'><strong>et</strong></span> <span class='ocrx_word' id='word_1_201' title='bbox 531 2159 782 2207; x_wconf 75' lang='lat' dir='ltr'><strong>Clirom&#39;cam7</strong></span> <span class='ocrx_word' id='word_1_202' title='bbox 819 2164 922 2201; x_wconf 88' lang='lat' dir='ltr'><strong>illam</strong></span> <span class='ocrx_word' id='word_1_203' title='bbox 962 2166 1167 2212; x_wconf 81' lang='lat' dir='ltr'><strong>nimirum⁷</strong></span> <span class='ocrx_word' id='word_1_204' title='bbox 1207 2177 1326 2216; x_wconf 88' lang='lat' dir='ltr'><strong>quam</strong></span> 
     </span>
     <span class='ocr_line' id='line_1_35' title="bbox 372 2219 1329 2265; baseline 0.01 -10"><span class='ocrx_word' id='word_1_205' title='bbox 372 2219 420 2255; x_wconf 82' lang='lat' dir='ltr'><strong>ab</strong></span> <span class='ocrx_word' id='word_1_206' title='bbox 444 2219 558 2256; x_wconf 70' lang='lat' dir='ltr'><strong>Anno</strong></span> <span class='ocrx_word' id='word_1_207' title='bbox 579 2222 675 2260; x_wconf 65' lang='grc'>1054</span> <span class='ocrx_word' id='word_1_208' title='bbox 700 2224 779 2261; x_wconf 77' lang='lat' dir='ltr'><strong>(ubi</strong></span> <span class='ocrx_word' id='word_1_209' title='bbox 797 2226 1007 2262; x_wconf 80' lang='lat' dir='ltr'><strong>llermanni</strong></span> <span class='ocrx_word' id='word_1_210' title='bbox 1026 2226 1246 2264; x_wconf 79' lang='lat' dir='ltr'><strong>(Ilironicon</strong></span> <span class='ocrx_word' id='word_1_211' title='bbox 1263 2227 1329 2265; x_wconf 85' lang='lat' dir='ltr'><strong>de-</strong></span> 
     </span>
     <span class='ocr_line' id='line_1_36' title="bbox 373 2281 1325 2327; baseline 0.013 -12"><span class='ocrx_word' id='word_1_212' title='bbox 373 2281 479 2327; x_wconf 41' lang='lat' dir='ltr'><strong>sinit(</strong></span> <span class='ocrx_word' id='word_1_213' title='bbox 503 2281 667 2320; x_wconf 77' lang='lat' dir='ltr'><strong>deduxit</strong></span> <span class='ocrx_word' id='word_1_214' title='bbox 705 2284 750 2321; x_wconf 80' lang='lat' dir='ltr'><strong>ad</strong></span> <span class='ocrx_word' id='word_1_215' title='bbox 789 2286 949 2323; x_wconf 79' lang='lat' dir='ltr'><strong>Annum</strong></span> <span class='ocrx_word' id='word_1_216' title='bbox 976 2287 1091 2325; x_wconf 89' lang='grc'>1100.</span> <span class='ocrx_word' id='word_1_217' title='bbox 1129 2288 1275 2326; x_wconf 82' lang='lat' dir='ltr'><strong>editam</strong></span> <span class='ocrx_word' id='word_1_218' title='bbox 1306 2301 1325 2327; x_wconf 87' lang='lat' dir='ltr'><strong>a</strong></span> 
     </span>
     <span class='ocr_line' id='line_1_37' title="bbox 373 2341 1329 2387; baseline 0.009 -11"><span class='ocrx_word' id='word_1_219' title='bbox 373 2341 595 2379; x_wconf 70' lang='lat' dir='ltr'><strong>‹tiu-istiano</strong></span> <span class='ocrx_word' id='word_1_220' title='bbox 621 2345 785 2384; x_wconf 80' lang='lat' dir='ltr'><strong>I’rstisio</strong></span> <span class='ocrx_word' id='word_1_221' title='bbox 821 2352 926 2384; x_wconf 89' lang='lat' dir='ltr'><strong>tomo</strong></span> <span class='ocrx_word' id='word_1_222' title='bbox 958 2349 970 2385; x_wconf 92' lang='lat' dir='ltr'><strong>l</strong></span> <span class='ocrx_word' id='word_1_223' title='bbox 1010 2349 1124 2386; x_wconf 84' lang='lat' dir='ltr'><strong>Basil.</strong></span> <span class='ocrx_word' id='word_1_224' title='bbox 1159 2351 1258 2387; x_wconf 66' lang='lat'><strong>4584</strong></span> <span class='ocrx_word' id='word_1_225' title='bbox 1289 2355 1329 2387; x_wconf 85' lang='lat' dir='ltr'><strong>et</strong></span> 
     </span>
     <span class='ocr_line' id='line_1_38' title="bbox 376 2403 1327 2458; baseline 0.012 -21"><span class='ocrx_word' id='word_1_226' title='bbox 376 2403 615 2441; x_wconf 55' lang='lat' dir='ltr'><strong>{fixius-osuin</strong></span> <span class='ocrx_word' id='word_1_227' title='bbox 643 2406 743 2444; x_wconf 92' lang='grc'>1670</span> <span class='ocrx_word' id='word_1_228' title='bbox 771 2408 829 2445; x_wconf 79' lang='lat' dir='ltr'><strong>fol.</strong></span> <span class='ocrx_word' id='word_1_229' title='bbox 856 2420 1083 2458; x_wconf 79' lang='lat' dir='ltr'><strong>quanquam</strong></span> <span class='ocrx_word' id='word_1_230' title='bbox 1117 2411 1151 2446; x_wconf 93' lang='lat' dir='ltr'><strong>in</strong></span> <span class='ocrx_word' id='word_1_231' title='bbox 1183 2411 1327 2448; x_wconf 84' lang='lat' dir='ltr'><strong>Canisii</strong></span> 
     </span>
     <span class='ocr_line' id='line_1_39' title="bbox 370 2462 1325 2520; baseline 0.013 -23"><span class='ocrx_word' id='word_1_232' title='bbox 370 2462 540 2502; x_wconf 72' lang='lat' dir='ltr'><strong>editione</strong></span> <span class='ocrx_word' id='word_1_233' title='bbox 564 2470 656 2503; x_wconf 89' lang='lat' dir='ltr'><strong>tom.</strong></span> <span class='ocrx_word' id='word_1_234' title='bbox 682 2468 694 2505; x_wconf 88' lang='lat'><em>1</em></span> <span class='ocrx_word' id='word_1_235' title='bbox 721 2472 875 2506; x_wconf 89' lang='lat' dir='ltr'><strong>tantum</strong></span> <span class='ocrx_word' id='word_1_236' title='bbox 901 2470 1096 2520; x_wconf 80' lang='lat' dir='ltr'><strong>appendix</strong></span> <span class='ocrx_word' id='word_1_237' title='bbox 1121 2482 1249 2520; x_wconf 85' lang='lat' dir='ltr'><strong>usque</strong></span> <span class='ocrx_word' id='word_1_238' title='bbox 1278 2472 1325 2510; x_wconf 85' lang='lat' dir='ltr'><strong>ad</strong></span> 
     </span>
     <span class='ocr_line' id='line_1_40' title="bbox 370 2524 1328 2577; baseline 0.011 -17"><span class='ocrx_word' id='word_1_239' title='bbox 370 2524 529 2563; x_wconf 62' lang='lat' dir='ltr'><strong>⁴Xnnum</strong></span> <span class='ocrx_word' id='word_1_240' title='bbox 556 2528 656 2565; x_wconf 86' lang='grc'>1066</span> <span class='ocrx_word' id='word_1_241' title='bbox 679 2529 833 2577; x_wconf 66' lang='lat' dir='ltr'><strong>legitur.</strong></span> <span class='ocrx_word' id='word_1_242' title='bbox 857 2534 949 2568; x_wconf 87' lang='lat' dir='ltr'><strong>tom.</strong></span> <span class='ocrx_word' id='word_1_243' title='bbox 976 2532 1026 2568; x_wconf 88' lang='grc' dir='ltr'><strong>ΙΙΙ</strong></span> <span class='ocrx_word' id='word_1_244' title='bbox 1049 2531 1232 2570; x_wconf 84' lang='lat' dir='ltr'><strong>editionis</strong></span> <span class='ocrx_word' id='word_1_245' title='bbox 1259 2544 1328 2571; x_wconf 87' lang='lat' dir='ltr'><strong>no-</strong></span> 
     </span>
     <span class='ocr_line' id='line_1_41' title="bbox 370 2589 1328 2643; baseline 0.011 -22"><span class='ocrx_word' id='word_1_246' title='bbox 370 2596 443 2623; x_wconf 79' lang='lat' dir='ltr'><strong>vae</strong></span> <span class='ocrx_word' id='word_1_247' title='bbox 473 2598 557 2637; x_wconf 70' lang='lat' dir='ltr'><strong>pag.</strong></span> <span class='ocrx_word' id='word_1_248' title='bbox 598 2589 791 2628; x_wconf 67' lang='lat'><strong>274-276.</strong></span> <span class='ocrx_word' id='word_1_249' title='bbox 831 2593 873 2630; x_wconf 91' lang='lat' dir='ltr'><strong>In</strong></span> <span class='ocrx_word' id='word_1_250' title='bbox 908 2594 1097 2643; x_wconf 80' lang='lat' dir='ltr'><strong>temporis</strong></span> <span class='ocrx_word' id='word_1_251' title='bbox 1127 2595 1328 2633; x_wconf 88' lang='lat' dir='ltr'><strong>notatione</strong></span> 
     </span>
     <span class='ocr_line' id='line_1_42' title="bbox 370 2651 1327 2695; baseline 0.013 -13"><span class='ocrx_word' id='word_1_252' title='bbox 370 2658 460 2684; x_wconf 80' lang='lat' dir='ltr'><strong>eum</strong></span> <span class='ocrx_word' id='word_1_253' title='bbox 487 2660 562 2686; x_wconf 91' lang='lat' dir='ltr'><strong>non</strong></span> <span class='ocrx_word' id='word_1_254' title='bbox 588 2661 674 2688; x_wconf 86' lang='lat' dir='ltr'><strong>raro</strong></span> <span class='ocrx_word' id='word_1_255' title='bbox 699 2651 928 2691; x_wconf 86' lang='lat' dir='ltr'><strong>hallucinari</strong></span> <span class='ocrx_word' id='word_1_256' title='bbox 950 2656 1102 2692; x_wconf 81' lang='lat' dir='ltr'><strong>notavit</strong></span> <span class='ocrx_word' id='word_1_257' title='bbox 1131 2654 1327 2695; x_wconf 83' lang='lat' dir='ltr'><strong>Antonius</strong></span> 
     </span>
     <span class='ocr_line' id='line_1_43' title="bbox 371 2709 1328 2766; baseline 0.01 -21"><span class='ocrx_word' id='word_1_258' title='bbox 371 2709 457 2753; x_wconf 58' lang='lat' dir='ltr'><strong>Pas-ri</strong></span> <span class='ocrx_word' id='word_1_259' title='bbox 484 2710 529 2747; x_wconf 83' lang='lat' dir='ltr'><strong>ad</strong></span> <span class='ocrx_word' id='word_1_260' title='bbox 556 2710 714 2750; x_wconf 70' lang='lat' dir='ltr'><strong>Annum</strong></span> <span class='ocrx_word' id='word_1_261' title='bbox 744 2715 844 2751; x_wconf 90' lang='grc'>1090</span> <span class='ocrx_word' id='word_1_262' title='bbox 869 2727 906 2752; x_wconf 90' lang='lat' dir='ltr'><strong>n.</strong></span> <span class='ocrx_word' id='word_1_263' title='bbox 934 2716 1203 2766; x_wconf 72' lang='lat' dir='ltr'><strong>V1.Sunt‚qui</strong></span> <span class='ocrx_word' id='word_1_264' title='bbox 1223 2717 1328 2756; x_wconf 79' lang='lat' dir='ltr'><strong>hunc</strong></span> 
     </span>
     <span class='ocr_line' id='line_1_44' title="bbox 369 2771 1327 2826; baseline 0.014 -22"><span class='ocrx_word' id='word_1_265' title='bbox 369 2771 600 2819; x_wconf 66' lang='lat' dir='ltr'><strong>scriptorem</strong></span> <span class='ocrx_word' id='word_1_266' title='bbox 617 2774 787 2813; x_wconf 84' lang='lat' dir='ltr'><strong>eundem</strong></span> <span class='ocrx_word' id='word_1_267' title='bbox 801 2781 1043 2826; x_wconf 89' lang='lat' dir='ltr'><strong>putantcum</strong></span> <span class='ocrx_word' id='word_1_268' title='bbox 1061 2777 1327 2817; x_wconf 77' lang='lat' dir='ltr'><strong>BERNALDO</strong></span> 
     </span>
     <span class='ocr_line' id='line_1_45' title="bbox 370 2832 1323 2890; baseline 0.012 -23"><span class='ocrx_word' id='word_1_269' title='bbox 370 2832 603 2882; x_wconf 71' lang='lat' dir='ltr'><strong>Presbytero</strong></span> <span class='ocrx_word' id='word_1_270' title='bbox 619 2836 930 2886; x_wconf 75' lang='lat' dir='ltr'><strong>constantiensi,</strong></span> <span class='ocrx_word' id='word_1_271' title='bbox 947 2839 1130 2877; x_wconf 83' lang='lat' dir='ltr'><strong>Caesaris</strong></span> <span class='ocrx_word' id='word_1_272' title='bbox 1153 2841 1323 2890; x_wconf 88' lang='lat' dir='ltr'><strong>partium</strong></span> 
     </span>
     <span class='ocr_line' id='line_1_46' title="bbox 373 2892 1329 2945; baseline 0.015 -19"><span class='ocrx_word' id='word_1_273' title='bbox 373 2892 544 2940; x_wconf 56' lang='lat' dir='ltr'><strong>inimico.</strong></span> <span class='ocrx_word' id='word_1_274' title='bbox 569 2897 684 2945; x_wconf 87' lang='lat' dir='ltr'><strong>cujus</strong></span> <span class='ocrx_word' id='word_1_275' title='bbox 710 2898 805 2936; x_wconf 78' lang='lat' dir='ltr'><strong>liber</strong></span> <span class='ocrx_word' id='word_1_276' title='bbox 828 2899 958 2938; x_wconf 88' lang='lat' dir='ltr'><strong>editus</strong></span> <span class='ocrx_word' id='word_1_277' title='bbox 977 2902 1079 2938; x_wconf 83' lang='lat' dir='ltr'><strong>inter</strong></span> <span class='ocrx_word' id='word_1_278' title='bbox 1094 2905 1230 2939; x_wconf 84' lang='lat' dir='ltr'><strong>vetera</strong></span> <span class='ocrx_word' id='word_1_279' title='bbox 1248 2913 1329 2939; x_wconf 89' lang='lat' dir='ltr'><strong>mo-</strong></span> 
     </span>
     <span class='ocr_line' id='line_1_47' title="bbox 373 2958 1330 3013; baseline 0.016 -26"><span class='ocrx_word' id='word_1_280' title='bbox 373 2960 562 2992; x_wconf 82' lang='lat' dir='ltr'><strong>numenta</strong></span> <span class='ocrx_word' id='word_1_281' title='bbox 581 2967 600 2993; x_wconf 87' lang='lat' dir='ltr'><strong>a</strong></span> <span class='ocrx_word' id='word_1_282' title='bbox 623 2958 854 2996; x_wconf 71' lang='lat' dir='ltr'><strong>Sebastiano</strong></span> <span class='ocrx_word' id='word_1_283' title='bbox 873 2962 1123 3011; x_wconf 74' lang='lat' dir='ltr'><strong>Tegnagelio,</strong></span> <span class='ocrx_word' id='word_1_284' title='bbox 1140 2963 1330 3013; x_wconf 73' lang='lat' dir='ltr'><strong>ingolsta—</strong></span> 
     </span>
     <span class='ocr_line' id='line_1_48' title="bbox 373 3012 1330 3064; baseline 0.018 -19"><span class='ocrx_word' id='word_1_285' title='bbox 373 3012 422 3048; x_wconf 83' lang='lat' dir='ltr'><strong>‹lii</strong></span> <span class='ocrx_word' id='word_1_286' title='bbox 451 3016 569 3064; x_wconf 61' lang='grc'>1612,</span> <span class='ocrx_word' id='word_1_287' title='bbox 589 3018 620 3054; x_wconf 70' lang='lat'><strong>4.</strong></span> <span class='ocrx_word' id='word_1_288' title='bbox 644 3020 699 3056; x_wconf 84' lang='lat' dir='ltr'><strong>De</strong></span> <span class='ocrx_word' id='word_1_289' title='bbox 716 3020 877 3058; x_wconf 80' lang='lat' dir='ltr'><strong>vitanda</strong></span> <span class='ocrx_word' id='word_1_290' title='bbox 897 3023 1330 3062; x_wconf 67' lang='lat' dir='ltr'><strong>emmnmum‘catorum</strong></span> 
     </span>
     <span class='ocr_line' id='line_1_49' title="bbox 374 3078 1332 3135; baseline 0.017 -27"><span class='ocrx_word' id='word_1_291' title='bbox 374 3078 653 3127; x_wconf 48' lang='lat' dir='ltr'><strong>communione)</strong></span> <span class='ocrx_word' id='word_1_292' title='bbox 673 3080 718 3118; x_wconf 80' lang='lat' dir='ltr'><strong>cle</strong></span> <span class='ocrx_word' id='word_1_293' title='bbox 735 3082 1048 3121; x_wconf 74' lang='lat' dir='ltr'><strong>reconciliatione</strong></span> <span class='ocrx_word' id='word_1_294' title='bbox 1064 3084 1278 3135; x_wconf 76' lang='lat' dir='ltr'><strong>lapsorum,</strong></span> <span class='ocrx_word' id='word_1_295' title='bbox 1295 3090 1332 3124; x_wconf 80' lang='lat' dir='ltr'><strong>et</strong></span> 
     </span>
     <span class='ocr_line' id='line_1_50' title="bbox 375 3132 1326 3196; baseline 0.017 -26"><span class='ocrx_word' id='word_1_296' title='bbox 375 3132 419 3168; x_wconf 67' lang='lat' dir='ltr'><strong>(lc</strong></span> <span class='ocrx_word' id='word_1_297' title='bbox 443 3137 722 3189; x_wconf 67' lang='lat' dir='ltr'><strong>(fonailmrmn,</strong></span> <span class='ocrx_word' id='word_1_298' title='bbox 745 3142 1008 3194; x_wconf 78' lang='lat' dir='ltr'><strong>decretorum,</strong></span> <span class='ocrx_word' id='word_1_299' title='bbox 1039 3146 1298 3185; x_wconf 64' lang='lat' dir='ltr'><strong>decretalium</strong></span> <span class='ocrx_word' id='word_1_300' title='bbox 1316 3179 1326 3196; x_wconf 86' lang='lat'><em>‚</em></span> 
     </span>
     <span class='ocr_line' id='line_1_51' title="bbox 378 3194 1332 3258; baseline 0.017 -28"><span class='ocrx_word' id='word_1_301' title='bbox 378 3194 625 3258; x_wconf 68' lang='lat' dir='ltr'><strong>ipsorumque</strong></span> <span class='ocrx_word' id='word_1_302' title='bbox 648 3204 872 3254; x_wconf 77' lang='lat' dir='ltr'><strong>Pontificum</strong></span> <span class='ocrx_word' id='word_1_303' title='bbox 894 3208 1158 3245; x_wconf 74' lang='lat' dir='ltr'><strong>Romanorum</strong></span> <span class='ocrx_word' id='word_1_304' title='bbox 1198 3212 1332 3246; x_wconf 84' lang='lat' dir='ltr'><strong>aucto-</strong></span> 
     </span>
     <span class='ocr_line' id='line_1_52' title="bbox 376 3258 1333 3320; baseline 0.021 -30"><span class='ocrx_word' id='word_1_305' title='bbox 376 3258 508 3296; x_wconf 73' lang='lat' dir='ltr'><strong>ritate.</strong></span> <span class='ocrx_word' id='word_1_306' title='bbox 533 3260 746 3304; x_wconf 76' lang='lat' dir='ltr'><strong>Bcrnaldus</strong></span> <span class='ocrx_word' id='word_1_307' title='bbox 767 3268 884 3307; x_wconf 81' lang='lat' dir='ltr'><strong>etiam</strong></span> <span class='ocrx_word' id='word_1_308' title='bbox 910 3270 1129 3320; x_wconf 77' lang='lat' dir='ltr'><strong>appellatur</strong></span> <span class='ocrx_word' id='word_1_309' title='bbox 1154 3271 1192 3309; x_wconf 88' lang='lat' dir='ltr'><strong>in</strong></span> <span class='ocrx_word' id='word_1_310' title='bbox 1217 3270 1333 3311; x_wconf 80' lang='lat' dir='ltr'><strong>Codi-</strong></span> 
     </span>
    </p>
   </div>
   <div class='ocr_carea' id='block_1_4' title="bbox 1140 196 1634 240">
    <p class='ocr_par' dir='ltr' id='par_1_7' title="bbox 1140 196 1634 240">
     <span class='ocr_line' id='line_1_53' title="bbox 1140 196 1634 240; baseline 0.012 -6"><span class='ocrx_word' id='word_1_311' title='bbox 1140 196 1634 240; x_wconf 76' lang='lat' dir='ltr'>BERTIIARIUS</span> 
     </span>
    </p>
   </div>
   <div class='ocr_carea' id='block_1_5' title="bbox 1400 268 2381 2955">
    <p class='ocr_par' dir='ltr' id='par_1_8' title="bbox 1400 268 2381 2955">
     <span class='ocr_line' id='line_1_54' title="bbox 1423 268 2381 327; baseline 0.007 -19"><span class='ocrx_word' id='word_1_312' title='bbox 1423 280 1469 309; x_wconf 88' lang='lat' dir='ltr'><strong>ce.</strong></span> <span class='ocrx_word' id='word_1_313' title='bbox 1489 271 1567 310; x_wconf 88' lang='lat' dir='ltr'><strong>MS.</strong></span> <span class='ocrx_word' id='word_1_314' title='bbox 1602 268 1883 323; x_wconf 84' lang='lat' dir='ltr'><strong>opusculorum</strong></span> <span class='ocrx_word' id='word_1_315' title='bbox 1906 271 1956 313; x_wconf 65' lang='lat' dir='ltr'><strong>ex</strong></span> <span class='ocrx_word' id='word_1_316' title='bbox 1980 285 2059 325; x_wconf 86' lang='lat' dir='ltr'><strong>quo</strong></span> <span class='ocrx_word' id='word_1_317' title='bbox 2081 271 2270 315; x_wconf 89' lang='lat' dir='ltr'><strong>nonnulla</strong></span> <span class='ocrx_word' id='word_1_318' title='bbox 2292 286 2381 327; x_wconf 87' lang='lat' dir='ltr'><strong>pro-</strong></span> 
     </span>
     <span class='ocr_line' id='line_1_55' title="bbox 1423 329 2380 386; baseline 0.007 -18"><span class='ocrx_word' id='word_1_319' title='bbox 1423 329 1532 370; x_wconf 80' lang='lat' dir='ltr'><strong>ducit</strong></span> <span class='ocrx_word' id='word_1_320' title='bbox 1553 333 1610 370; x_wconf 88' lang='lat' dir='ltr'><strong>Jo.</strong></span> <span class='ocrx_word' id='word_1_321' title='bbox 1648 334 1816 372; x_wconf 69' lang='lat' dir='ltr'><strong>,lacobus</strong></span> <span class='ocrx_word' id='word_1_322' title='bbox 1840 336 2096 386; x_wconf 82' lang='lat' dir='ltr'><strong>llottingerus</strong></span> <span class='ocrx_word' id='word_1_323' title='bbox 2125 338 2162 374; x_wconf 92' lang='lat' dir='ltr'><strong>in</strong></span> <span class='ocrx_word' id='word_1_324' title='bbox 2188 337 2380 376; x_wconf 81' lang='lat' dir='ltr'><strong>addendis</strong></span> 
     </span>
     <span class='ocr_line' id='line_1_56' title="bbox 1421 392 2379 445; baseline 0.006 -15"><span class='ocrx_word' id='word_1_325' title='bbox 1421 392 1471 430; x_wconf 88' lang='lat' dir='ltr'><strong>ad</strong></span> <span class='ocrx_word' id='word_1_326' title='bbox 1495 397 1646 433; x_wconf 90' lang='lat' dir='ltr'><strong>tomum</strong></span> <span class='ocrx_word' id='word_1_327' title='bbox 1685 400 1871 445; x_wconf 88' lang='lat' dir='ltr'><strong>quartum</strong></span> <span class='ocrx_word' id='word_1_328' title='bbox 1897 397 2087 436; x_wconf 80' lang='lat' dir='ltr'><strong>Historiae</strong></span> <span class='ocrx_word' id='word_1_329' title='bbox 2109 399 2379 438; x_wconf 85' lang='lat' dir='ltr'><strong>Ecclesiarum</strong></span> 
     </span>
     <span class='ocr_line' id='line_1_57' title="bbox 1421 453 2378 505; baseline 0.005 -14"><span class='ocrx_word' id='word_1_330' title='bbox 1421 453 1732 503; x_wconf 85' lang='lat' dir='ltr'><strong>Helveticarum‚</strong></span> <span class='ocrx_word' id='word_1_331' title='bbox 1760 455 1889 494; x_wconf 87' lang='lat' dir='ltr'><strong>editae.</strong></span> <span class='ocrx_word' id='word_1_332' title='bbox 1913 456 2148 496; x_wconf 87' lang='lat' dir='ltr'><strong>Germanico</strong></span> <span class='ocrx_word' id='word_1_333' title='bbox 2171 457 2378 505; x_wconf 83' lang='lat' dir='ltr'><strong>idiomate,</strong></span> 
     </span>
     <span class='ocr_line' id='line_1_58' title="bbox 1421 515 2378 569; baseline 0.005 -17"><span class='ocrx_word' id='word_1_334' title='bbox 1421 525 1506 565; x_wconf 78' lang='lat' dir='ltr'><strong>pag.</strong></span> <span class='ocrx_word' id='word_1_335' title='bbox 1533 516 1582 553; x_wconf 76' lang='lat'><strong>45</strong></span> <span class='ocrx_word' id='word_1_336' title='bbox 1602 526 1684 566; x_wconf 88' lang='lat' dir='ltr'><strong>seq.</strong></span> <span class='ocrx_word' id='word_1_337' title='bbox 1710 517 1775 555; x_wconf 90' lang='lat' dir='ltr'><strong>ubi</strong></span> <span class='ocrx_word' id='word_1_338' title='bbox 1794 521 1986 554; x_wconf 84' lang='lat' dir='ltr'><strong>memorat</strong></span> <span class='ocrx_word' id='word_1_339' title='bbox 2005 515 2094 566; x_wconf 85' lang='lat' dir='ltr'><strong>ejus</strong></span> <span class='ocrx_word' id='word_1_340' title='bbox 2115 517 2378 569; x_wconf 72' lang='lat' dir='ltr'><strong>apoloyetccas</strong></span> 
     </span>
     <span class='ocr_line' id='line_1_59' title="bbox 1418 574 2379 630; baseline 0.005 -19"><span class='ocrx_word' id='word_1_341' title='bbox 1418 574 1593 614; x_wconf 75' lang='lat' dir='ltr'><strong>rationes</strong></span> <span class='ocrx_word' id='word_1_342' title='bbox 1614 576 1810 615; x_wconf 76' lang='lat' dir='ltr'><strong>adversus</strong></span> <span class='ocrx_word' id='word_1_343' title='bbox 1828 576 2180 616; x_wconf 73' lang='lat' dir='ltr'><strong>schismaticorum</strong></span> <span class='ocrx_word' id='word_1_344' title='bbox 2197 576 2379 630; x_wconf 77' lang='lat' dir='ltr'><strong>objectio-</strong></span> 
     </span>
     <span class='ocr_line' id='line_1_60' title="bbox 1420 636 2376 687; baseline 0.005 -16"><span class='ocrx_word' id='word_1_345' title='bbox 1420 646 1513 675; x_wconf 81' lang='lat' dir='ltr'><strong>nes:</strong></span> <span class='ocrx_word' id='word_1_346' title='bbox 1537 638 1734 687; x_wconf 88' lang='lat' dir='ltr'><strong>Epistolas</strong></span> <span class='ocrx_word' id='word_1_347' title='bbox 1769 637 1816 676; x_wconf 84' lang='lat' dir='ltr'><strong>de</strong></span> <span class='ocrx_word' id='word_1_348' title='bbox 1840 636 1922 687; x_wconf 70' lang='lat' dir='ltr'><strong>leqc</strong></span> <span class='ocrx_word' id='word_1_349' title='bbox 1957 637 2376 677; x_wconf 58' lang='lat' dir='ltr'><strong>excommunicationis</strong></span> 
     </span>
     <span class='ocr_line' id='line_1_61' title="bbox 1420 696 2376 750; baseline 0.004 -16"><span class='ocrx_word' id='word_1_350' title='bbox 1420 696 1468 735; x_wconf 89' lang='lat' dir='ltr'><strong>ad</strong></span> <span class='ocrx_word' id='word_1_351' title='bbox 1490 697 1748 736; x_wconf 77' lang='lat' dir='ltr'><strong>Adelbertum</strong></span> <span class='ocrx_word' id='word_1_352' title='bbox 1773 699 2054 737; x_wconf 82' lang='lat' dir='ltr'><strong>Nemetensem</strong></span> <span class='ocrx_word' id='word_1_353' title='bbox 2079 700 2376 750; x_wconf 79' lang='lat' dir='ltr'><strong>Praepositum,</strong></span> 
     </span>
     <span class='ocr_line' id='line_1_62' title="bbox 1419 757 2378 810; baseline 0.004 -15"><span class='ocrx_word' id='word_1_354' title='bbox 1419 757 1466 796; x_wconf 75' lang='lat' dir='ltr'><strong>cle</strong></span> <span class='ocrx_word' id='word_1_355' title='bbox 1487 758 1677 797; x_wconf 77' lang='lat' dir='ltr'><strong>solutione</strong></span> <span class='ocrx_word' id='word_1_356' title='bbox 1691 757 1930 810; x_wconf 74' lang='lat' dir='ltr'><strong>juramenti,</strong></span> <span class='ocrx_word' id='word_1_357' title='bbox 1953 759 2003 798; x_wconf 88' lang='lat' dir='ltr'><strong>ad</strong></span> <span class='ocrx_word' id='word_1_358' title='bbox 2026 758 2286 799; x_wconf 84' lang='lat' dir='ltr'><strong>Adelbertum</strong></span> <span class='ocrx_word' id='word_1_359' title='bbox 2303 759 2378 799; x_wconf 85' lang='lat' dir='ltr'><strong>Ar—</strong></span> 
     </span>
     <span class='ocr_line' id='line_1_63' title="bbox 1418 821 2376 871; baseline 0.003 -14"><span class='ocrx_word' id='word_1_360' title='bbox 1418 821 1695 869; x_wconf 74' lang='lat' dir='ltr'><strong>gentinensem</strong></span> <span class='ocrx_word' id='word_1_361' title='bbox 1725 822 2013 871; x_wconf 85' lang='lat' dir='ltr'><strong>Praepositum,</strong></span> <span class='ocrx_word' id='word_1_362' title='bbox 2036 832 2113 859; x_wconf 82' lang='lat' dir='ltr'><strong>non</strong></span> <span class='ocrx_word' id='word_1_363' title='bbox 2143 824 2223 860; x_wconf 82' lang='lat' dir='ltr'><strong>tam</strong></span> <span class='ocrx_word' id='word_1_364' title='bbox 2250 824 2376 860; x_wconf 82' lang='lat' dir='ltr'><strong>mente</strong></span> 
     </span>
     <span class='ocr_line' id='line_1_64' title="bbox 1417 879 2377 934; baseline 0.001 -15"><span class='ocrx_word' id='word_1_365' title='bbox 1417 893 1538 932; x_wconf 75' lang='lat' dir='ltr'><strong>quam</strong></span> <span class='ocrx_word' id='word_1_366' title='bbox 1560 893 1722 933; x_wconf 86' lang='lat' dir='ltr'><strong>corpore</strong></span> <span class='ocrx_word' id='word_1_367' title='bbox 1753 892 1875 933; x_wconf 76' lang='lat' dir='ltr'><strong>super</strong></span> <span class='ocrx_word' id='word_1_368' title='bbox 1909 879 2008 921; x_wconf 86' lang='lat' dir='ltr'><strong>ollas</strong></span> <span class='ocrx_word' id='word_1_369' title='bbox 2031 882 2196 934; x_wconf 71' lang='lat' dir='ltr'><strong>AEqypti</strong></span> <span class='ocrx_word' id='word_1_370' title='bbox 2213 880 2377 921; x_wconf 89' lang='lat' dir='ltr'><strong>colloca-</strong></span> 
     </span>
     <span class='ocr_line' id='line_1_65' title="bbox 1416 942 2376 994; baseline 0.002 -14"><span class='ocrx_word' id='word_1_371' title='bbox 1416 946 1498 980; x_wconf 77' lang='lat' dir='ltr'><strong>tum</strong></span> <span class='ocrx_word' id='word_1_372' title='bbox 1521 945 1730 982; x_wconf 84' lang='lat' dir='ltr'><strong>Recconcm</strong></span> <span class='ocrx_word' id='word_1_373' title='bbox 1753 948 1827 982; x_wconf 86' lang='lat' dir='ltr'><strong>etc.</strong></span> <span class='ocrx_word' id='word_1_374' title='bbox 1851 942 1911 982; x_wconf 82' lang='lat' dir='ltr'><strong>Ad</strong></span> <span class='ocrx_word' id='word_1_375' title='bbox 1934 943 2191 983; x_wconf 87' lang='lat' dir='ltr'><strong>Gebhardum</strong></span> <span class='ocrx_word' id='word_1_376' title='bbox 2210 944 2376 994; x_wconf 85' lang='lat' dir='ltr'><strong>Episco-</strong></span> 
     </span>
     <span class='ocr_line' id='line_1_66' title="bbox 1415 1003 2374 1055; baseline 0.002 -13"><span class='ocrx_word' id='word_1_377' title='bbox 1415 1016 1509 1055; x_wconf 87' lang='lat' dir='ltr'><strong>pum</strong></span> <span class='ocrx_word' id='word_1_378' title='bbox 1533 1004 1580 1043; x_wconf 76' lang='lat' dir='ltr'><strong>cle</strong></span> <span class='ocrx_word' id='word_1_379' title='bbox 1605 1004 1859 1043; x_wconf 75' lang='lat' dir='ltr'><strong>ordinatione</strong></span> <span class='ocrx_word' id='word_1_380' title='bbox 1899 1003 2082 1054; x_wconf 76' lang='lat' dir='ltr'><strong>vitanda,</strong></span> <span class='ocrx_word' id='word_1_381' title='bbox 2106 1008 2148 1043; x_wconf 87' lang='lat' dir='ltr'><strong>et</strong></span> <span class='ocrx_word' id='word_1_382' title='bbox 2170 1004 2218 1043; x_wconf 88' lang='lat' dir='ltr'><strong>de</strong></span> <span class='ocrx_word' id='word_1_383' title='bbox 2245 1003 2374 1044; x_wconf 76' lang='lat' dir='ltr'><strong>salute</strong></span> 
     </span>
     <span class='ocr_line' id='line_1_67' title="bbox 1408 1064 2375 1118; baseline 0.001 -15"><span class='ocrx_word' id='word_1_384' title='bbox 1408 1065 1693 1117; x_wconf 75' lang='lat' dir='ltr'><strong>parvulorum,</strong></span> <span class='ocrx_word' id='word_1_385' title='bbox 1716 1066 1787 1118; x_wconf 78' lang='lat' dir='ltr'><strong>qul</strong></span> <span class='ocrx_word' id='word_1_386' title='bbox 1803 1065 1854 1104; x_wconf 83' lang='lat' dir='ltr'><strong>ab</strong></span> <span class='ocrx_word' id='word_1_387' title='bbox 1875 1065 2230 1106; x_wconf 70' lang='lat' dir='ltr'><strong>excommunicatis</strong></span> <span class='ocrx_word' id='word_1_388' title='bbox 2247 1064 2375 1117; x_wconf 83' lang='lat' dir='ltr'><strong>bapti-</strong></span> 
     </span>
     <span class='ocr_line' id='line_1_68' title="bbox 1412 1127 2370 1179; baseline 0.002 -15"><span class='ocrx_word' id='word_1_389' title='bbox 1412 1127 1618 1176; x_wconf 74' lang='lat' dir='ltr'><strong>zatisunt,</strong></span> <span class='ocrx_word' id='word_1_390' title='bbox 1648 1139 1749 1178; x_wconf 84' lang='lat' dir='ltr'><strong>quos</strong></span> <span class='ocrx_word' id='word_1_391' title='bbox 1774 1132 1890 1178; x_wconf 83' lang='lat' dir='ltr'><strong>negat</strong></span> <span class='ocrx_word' id='word_1_392' title='bbox 1925 1127 2239 1179; x_wconf 86' lang='lat' dir='ltr'><strong>rebaptizandos.</strong></span> <span class='ocrx_word' id='word_1_393' title='bbox 2267 1138 2370 1167; x_wconf 84' lang='lat' dir='ltr'><strong>esse.</strong></span> 
     </span>
     <span class='ocr_line' id='line_1_69' title="bbox 1412 1187 2372 1228; baseline 0.002 -3"><span class='ocrx_word' id='word_1_394' title='bbox 1412 1188 1468 1226; x_wconf 81' lang='lat' dir='ltr'><strong>De</strong></span> <span class='ocrx_word' id='word_1_395' title='bbox 1490 1189 1654 1227; x_wconf 77' lang='lat' dir='ltr'><strong>emtione</strong></span> <span class='ocrx_word' id='word_1_396' title='bbox 1676 1189 1966 1228; x_wconf 75' lang='lat' dir='ltr'><strong>Ecclesiarum:</strong></span> <span class='ocrx_word' id='word_1_397' title='bbox 1986 1199 2059 1227; x_wconf 87' lang='lat' dir='ltr'><strong>nec</strong></span> <span class='ocrx_word' id='word_1_398' title='bbox 2099 1199 2177 1227; x_wconf 91' lang='lat' dir='ltr'><strong>non</strong></span> <span class='ocrx_word' id='word_1_399' title='bbox 2201 1187 2248 1227; x_wconf 86' lang='lat' dir='ltr'><strong>de</strong></span> <span class='ocrx_word' id='word_1_400' title='bbox 2278 1189 2372 1227; x_wconf 84' lang='lat' dir='ltr'><strong>Pre-</strong></span> 
     </span>
     <span class='ocr_line' id='line_1_70' title="bbox 1411 1248 2371 1304; baseline 0.001 -17"><span class='ocrx_word' id='word_1_401' title='bbox 1411 1248 1663 1300; x_wconf 72' lang='lat' dir='ltr'><strong>sbyterorum</strong></span> <span class='ocrx_word' id='word_1_402' title='bbox 1683 1251 1822 1304; x_wconf 78' lang='lat' dir='ltr'><strong>officie,</strong></span> <span class='ocrx_word' id='word_1_403' title='bbox 1843 1250 1892 1289; x_wconf 90' lang='lat' dir='ltr'><strong>ad</strong></span> <span class='ocrx_word' id='word_1_404' title='bbox 1916 1251 2058 1289; x_wconf 80' lang='lat' dir='ltr'><strong>fratres</strong></span> <span class='ocrx_word' id='word_1_405' title='bbox 2081 1249 2186 1300; x_wconf 81' lang='lat' dir='ltr'><strong>apud</strong></span> <span class='ocrx_word' id='word_1_406' title='bbox 2206 1250 2371 1288; x_wconf 82' lang='lat' dir='ltr'><strong>Retten-</strong></span> 
     </span>
     <span class='ocr_line' id='line_1_71' title="bbox 1413 1309 2371 1362; baseline 0.002 -14"><span class='ocrx_word' id='word_1_407' title='bbox 1413 1311 1532 1349; x_wconf 80' lang='lat' dir='ltr'><strong>bocli:</strong></span> <span class='ocrx_word' id='word_1_408' title='bbox 1558 1313 1624 1351; x_wconf 89' lang='lat' dir='ltr'><strong>ubi</strong></span> <span class='ocrx_word' id='word_1_409' title='bbox 1650 1314 1753 1350; x_wconf 86' lang='lat' dir='ltr'><strong>inter</strong></span> <span class='ocrx_word' id='word_1_410' title='bbox 1765 1313 1838 1351; x_wconf 88' lang='lat' dir='ltr'><strong>alia</strong></span> <span class='ocrx_word' id='word_1_411' title='bbox 1863 1311 2071 1362; x_wconf 74' lang='lat' dir='ltr'><strong>profitetur</strong></span> <span class='ocrx_word' id='word_1_412' title='bbox 2086 1311 2252 1350; x_wconf 90' lang='lat' dir='ltr'><strong>Paulum</strong></span> <span class='ocrx_word' id='word_1_413' title='bbox 2266 1309 2371 1362; x_wconf 84' lang='lat' dir='ltr'><strong>Apo-</strong></span> 
     </span>
     <span class='ocr_line' id='line_1_72' title="bbox 1413 1371 2369 1423; baseline 0.002 -14"><span class='ocrx_word' id='word_1_414' title='bbox 1413 1373 1559 1412; x_wconf 87' lang='lat' dir='ltr'><strong>stolum</strong></span> <span class='ocrx_word' id='word_1_415' title='bbox 1599 1372 1886 1412; x_wconf 73' lang='lat' dir='ltr'><strong>evidentissime</strong></span> <span class='ocrx_word' id='word_1_416' title='bbox 1922 1371 2077 1421; x_wconf 81' lang='lat' dir='ltr'><strong>docere,</strong></span> <span class='ocrx_word' id='word_1_417' title='bbox 2115 1371 2221 1422; x_wconf 84' lang='lat' dir='ltr'><strong>quod</strong></span> <span class='ocrx_word' id='word_1_418' title='bbox 2263 1371 2369 1423; x_wconf 87' lang='lat' dir='ltr'><strong>apud</strong></span> 
     </span>
     <span class='ocr_line' id='line_1_73' title="bbox 1411 1433 2366 1484; baseline 0.001 -13"><span class='ocrx_word' id='word_1_419' title='bbox 1411 1436 1597 1484; x_wconf 84' lang='lat' dir='ltr'><strong>antiquos</strong></span> <span class='ocrx_word' id='word_1_420' title='bbox 1634 1435 1654 1457; x_wconf 78' lang='lat'>*</span> <span class='ocrx_word' id='word_1_421' title='bbox 1689 1434 1901 1484; x_wconf 73' lang='lat' dir='ltr'><strong>Presbyter</strong></span> <span class='ocrx_word' id='word_1_422' title='bbox 1937 1437 1978 1472; x_wconf 89' lang='lat' dir='ltr'><strong>et</strong></span> <span class='ocrx_word' id='word_1_423' title='bbox 2012 1434 2234 1484; x_wconf 89' lang='lat' dir='ltr'><strong>Episcopus</strong></span> <span class='ocrx_word' id='word_1_424' title='bbox 2263 1433 2366 1472; x_wconf 89' lang='lat' dir='ltr'><strong>idem</strong></span> 
     </span>
     <span class='ocr_line' id='line_1_74' title="bbox 1411 1495 2369 1546; baseline 0 -13"><span class='ocrx_word' id='word_1_425' title='bbox 1411 1496 1568 1533; x_wconf 81' lang='lat' dir='ltr'><strong>suerint.</strong></span> <span class='ocrx_word' id='word_1_426' title='bbox 1603 1496 1694 1534; x_wconf 87' lang='lat' dir='ltr'><strong>Mihi</strong></span> <span class='ocrx_word' id='word_1_427' title='bbox 1729 1506 1921 1546; x_wconf 83' lang='lat' dir='ltr'><strong>perquam</strong></span> <span class='ocrx_word' id='word_1_428' title='bbox 1957 1495 2173 1533; x_wconf 86' lang='lat' dir='ltr'><strong>verisimile</strong></span> <span class='ocrx_word' id='word_1_429' title='bbox 2208 1495 2369 1534; x_wconf 85' lang='lat' dir='ltr'><strong>videtur</strong></span> 
     </span>
     <span class='ocr_line' id='line_1_75' title="bbox 1407 1555 2369 1606; baseline 0 -12"><span class='ocrx_word' id='word_1_430' title='bbox 1407 1567 1484 1594; x_wconf 91' lang='lat' dir='ltr'><strong>non</strong></span> <span class='ocrx_word' id='word_1_431' title='bbox 1501 1557 1621 1595; x_wconf 90' lang='lat' dir='ltr'><strong>alium</strong></span> <span class='ocrx_word' id='word_1_432' title='bbox 1641 1558 1760 1594; x_wconf 86' lang='lat' dir='ltr'><strong>etiam</strong></span> <span class='ocrx_word' id='word_1_433' title='bbox 1777 1567 1867 1595; x_wconf 86' lang='lat' dir='ltr'><strong>esse</strong></span> <span class='ocrx_word' id='word_1_434' title='bbox 1884 1555 2189 1594; x_wconf 84' lang='lat' dir='ltr'><strong>BERNARDUM</strong></span> <span class='ocrx_word' id='word_1_435' title='bbox 2201 1556 2369 1606; x_wconf 84' lang='lat' dir='ltr'><strong>Presby-</strong></span> 
     </span>
     <span class='ocr_line' id='line_1_76' title="bbox 1408 1616 2368 1668; baseline 0.002 -14"><span class='ocrx_word' id='word_1_436' title='bbox 1408 1622 1560 1664; x_wconf 83' lang='lat' dir='ltr'><strong>terum,</strong></span> <span class='ocrx_word' id='word_1_437' title='bbox 1584 1617 1633 1656; x_wconf 89' lang='lat' dir='ltr'><strong>de</strong></span> <span class='ocrx_word' id='word_1_438' title='bbox 1653 1628 1732 1668; x_wconf 89' lang='lat' dir='ltr'><strong>quo</strong></span> <span class='ocrx_word' id='word_1_439' title='bbox 1756 1618 1853 1656; x_wconf 80' lang='lat' dir='ltr'><strong>haec</strong></span> <span class='ocrx_word' id='word_1_440' title='bbox 1876 1616 2115 1666; x_wconf 80' lang='lat' dir='ltr'><strong>Anonymus</strong></span> <span class='ocrx_word' id='word_1_441' title='bbox 2129 1617 2368 1656; x_wconf 88' lang='lat' dir='ltr'><strong>Mellicensis</strong></span> 
     </span>
     <span class='ocr_line' id='line_1_77' title="bbox 1408 1676 2368 1729; baseline 0.003 -13"><span class='ocrx_word' id='word_1_442' title='bbox 1408 1689 1492 1729; x_wconf 86' lang='lat' dir='ltr'><strong>cap.</strong></span> <span class='ocrx_word' id='word_1_443' title='bbox 1520 1681 1606 1718; x_wconf 91' lang='grc'>101.</span> <span class='ocrx_word' id='word_1_444' title='bbox 1641 1677 1877 1716; x_wconf 79' lang='lat' dir='ltr'><strong>Bcrnardus</strong></span> <span class='ocrx_word' id='word_1_445' title='bbox 1897 1676 2110 1729; x_wconf 76' lang='lat' dir='ltr'><strong>Presbyter</strong></span> <span class='ocrx_word' id='word_1_446' title='bbox 2129 1677 2196 1716; x_wconf 83' lang='lat' dir='ltr'><strong>vir</strong></span> <span class='ocrx_word' id='word_1_447' title='bbox 2230 1678 2368 1719; x_wconf 82' lang='lat' dir='ltr'><strong>doctus</strong></span> 
     </span>
     <span class='ocr_line' id='line_1_78' title="bbox 1409 1737 2369 1789; baseline 0.002 -13"><span class='ocrx_word' id='word_1_448' title='bbox 1409 1743 1447 1777; x_wconf 85' lang='lat' dir='ltr'><strong>et</strong></span> <span class='ocrx_word' id='word_1_449' title='bbox 1469 1739 1711 1787; x_wconf 72' lang='lat' dir='ltr'><strong>Catholicas,</strong></span> <span class='ocrx_word' id='word_1_450' title='bbox 1736 1751 1825 1777; x_wconf 77' lang='lat' dir='ltr'><strong>cnm</strong></span> <span class='ocrx_word' id='word_1_451' title='bbox 1848 1737 1996 1789; x_wconf 72' lang='lat' dir='ltr'><strong>collcya</strong></span> <span class='ocrx_word' id='word_1_452' title='bbox 2019 1748 2090 1776; x_wconf 84' lang='lat' dir='ltr'><strong>suo</strong></span> <span class='ocrx_word' id='word_1_453' title='bbox 2105 1737 2258 1777; x_wconf 90' lang='lat' dir='ltr'><strong>Albano</strong></span> <span class='ocrx_word' id='word_1_454' title='bbox 2273 1741 2369 1779; x_wconf 84' lang='lat' dir='ltr'><strong>Pre-</strong></span> 
     </span>
     <span class='ocr_line' id='line_1_79' title="bbox 1407 1798 2366 1851; baseline 0.002 -13"><span class='ocrx_word' id='word_1_455' title='bbox 1407 1798 1563 1851; x_wconf 73' lang='lat' dir='ltr'><strong>sbytero</strong></span> <span class='ocrx_word' id='word_1_456' title='bbox 1586 1800 1721 1839; x_wconf 74' lang='lat' dir='ltr'><strong>utilem</strong></span> <span class='ocrx_word' id='word_1_457' title='bbox 1744 1798 1884 1838; x_wconf 78' lang='lat' dir='ltr'><strong>habuit</strong></span> <span class='ocrx_word' id='word_1_458' title='bbox 1898 1800 2126 1838; x_wconf 81' lang='lat' dir='ltr'><strong>conflictum</strong></span> <span class='ocrx_word' id='word_1_459' title='bbox 2162 1811 2284 1851; x_wconf 88' lang='lat' dir='ltr'><strong>super</strong></span> <span class='ocrx_word' id='word_1_460' title='bbox 2310 1802 2366 1839; x_wconf 92' lang='lat' dir='ltr'><strong>in-</strong></span> 
     </span>
     <span class='ocr_line' id='line_1_80' title="bbox 1406 1859 2369 1914; baseline 0.002 -15"><span class='ocrx_word' id='word_1_461' title='bbox 1406 1863 1649 1900; x_wconf 76' lang='lat' dir='ltr'><strong>continentia</strong></span> <span class='ocrx_word' id='word_1_462' title='bbox 1666 1861 1938 1901; x_wconf 77' lang='lat' dir='ltr'><strong>sacerdotum.</strong></span> <span class='ocrx_word' id='word_1_463' title='bbox 1953 1859 2103 1900; x_wconf 79' lang='lat' dir='ltr'><strong>Scribil</strong></span> <span class='ocrx_word' id='word_1_464' title='bbox 2116 1860 2253 1900; x_wconf 70' lang='lat' dir='ltr'><strong>deinde</strong></span> <span class='ocrx_word' id='word_1_465' title='bbox 2265 1862 2369 1914; x_wconf 85' lang='lat' dir='ltr'><strong>Apo-</strong></span> 
     </span>
     <span class='ocr_line' id='line_1_81' title="bbox 1406 1922 2365 1974; baseline 0.003 -14"><span class='ocrx_word' id='word_1_466' title='bbox 1406 1923 1616 1974; x_wconf 81' lang='lat' dir='ltr'><strong>logeticum</strong></span> <span class='ocrx_word' id='word_1_467' title='bbox 1640 1935 1761 1974; x_wconf 84' lang='lat' dir='ltr'><strong>super</strong></span> <span class='ocrx_word' id='word_1_468' title='bbox 1779 1925 1961 1970; x_wconf 82' lang='lat' dir='ltr'><strong>Decreta,</strong></span> <span class='ocrx_word' id='word_1_469' title='bbox 1987 1934 2103 1973; x_wconf 82' lang='lat' dir='ltr'><strong>quem</strong></span> <span class='ocrx_word' id='word_1_470' title='bbox 2124 1922 2365 1964; x_wconf 73' lang='lat' dir='ltr'><strong>venerabilis</strong></span> 
     </span>
     <span class='ocr_line' id='line_1_82' title="bbox 1404 1983 2366 2036; baseline 0.002 -14"><span class='ocrx_word' id='word_1_471' title='bbox 1404 1986 1517 2034; x_wconf 84' lang='lat' dir='ltr'><strong>Papa</strong></span> <span class='ocrx_word' id='word_1_472' title='bbox 1548 1984 1766 2034; x_wconf 73' lang='lat' dir='ltr'><strong>Greqorius</strong></span> <span class='ocrx_word' id='word_1_473' title='bbox 1789 1983 1962 2034; x_wconf 76' lang='lat' dir='ltr'><strong>ejusdem</strong></span> <span class='ocrx_word' id='word_1_474' title='bbox 1990 1983 2158 2022; x_wconf 71' lang='lat' dir='ltr'><strong>nommis</strong></span> <span class='ocrx_word' id='word_1_475' title='bbox 2177 1984 2366 2036; x_wconf 77' lang='lat' dir='ltr'><strong>septimus</strong></span> 
     </span>
     <span class='ocr_line' id='line_1_83' title="bbox 1405 2043 2365 2096; baseline 0.004 -16"><span class='ocrx_word' id='word_1_476' title='bbox 1405 2044 1445 2082; x_wconf 81' lang='lat' dir='ltr'><strong>in</strong></span> <span class='ocrx_word' id='word_1_477' title='bbox 1466 2047 1644 2083; x_wconf 85' lang='lat' dir='ltr'><strong>Romana</strong></span> <span class='ocrx_word' id='word_1_478' title='bbox 1666 2044 1818 2095; x_wconf 78' lang='lat' dir='ltr'><strong>Synodo</strong></span> <span class='ocrx_word' id='word_1_479' title='bbox 1843 2043 1973 2093; x_wconf 86' lang='lat' dir='ltr'><strong>(Anno</strong></span> <span class='ocrx_word' id='word_1_480' title='bbox 1997 2044 2112 2092; x_wconf 74' lang='grc'>1074)</span> <span class='ocrx_word' id='word_1_481' title='bbox 2140 2046 2365 2096; x_wconf 82' lang='lat' dir='ltr'><strong>promulga-</strong></span> 
     </span>
     <span class='ocr_line' id='line_1_84' title="bbox 1403 2106 2366 2145; baseline 0.003 -3"><span class='ocrx_word' id='word_1_482' title='bbox 1403 2107 1462 2143; x_wconf 87' lang='lat' dir='ltr'><strong>vit</strong></span> <span class='ocrx_word' id='word_1_483' title='bbox 1485 2111 1621 2144; x_wconf 85' lang='lat' dir='ltr'><strong>contra</strong></span> <span class='ocrx_word' id='word_1_484' title='bbox 1648 2107 1890 2143; x_wconf 86' lang='lat' dir='ltr'><strong>Simoniacos</strong></span> <span class='ocrx_word' id='word_1_485' title='bbox 1914 2110 1954 2143; x_wconf 89' lang='lat' dir='ltr'><strong>et</strong></span> <span class='ocrx_word' id='word_1_486' title='bbox 1977 2106 2270 2144; x_wconf 82' lang='lat' dir='ltr'><strong>incontinentes</strong></span> <span class='ocrx_word' id='word_1_487' title='bbox 2299 2106 2366 2145; x_wconf 94' lang='grc' dir='ltr'><strong>ΛΙ-</strong></span> 
     </span>
     <span class='ocr_line' id='line_1_85' title="bbox 1402 2165 2364 2218; baseline 0.003 -14"><span class='ocrx_word' id='word_1_488' title='bbox 1402 2167 1499 2204; x_wconf 87' lang='lat' dir='ltr'><strong>taris</strong></span> <span class='ocrx_word' id='word_1_489' title='bbox 1523 2168 1737 2204; x_wconf 87' lang='lat' dir='ltr'><strong>ministros.</strong></span> <span class='ocrx_word' id='word_1_490' title='bbox 1763 2165 1914 2205; x_wconf 76' lang='lat' dir='ltr'><strong>Scribit</strong></span> <span class='ocrx_word' id='word_1_491' title='bbox 1923 2169 2134 2218; x_wconf 80' lang='lat' dir='ltr'><strong>practerea</strong></span> <span class='ocrx_word' id='word_1_492' title='bbox 2151 2165 2300 2206; x_wconf 75' lang='lat' dir='ltr'><strong>librum</strong></span> <span class='ocrx_word' id='word_1_493' title='bbox 2315 2168 2364 2207; x_wconf 84' lang='lat' dir='ltr'><strong>de</strong></span> 
     </span>
     <span class='ocr_line' id='line_1_86' title="bbox 1403 2228 2365 2282; baseline 0.005 -18"><span class='ocrx_word' id='word_1_494' title='bbox 1403 2232 1599 2277; x_wconf 78' lang='lat' dir='ltr'><strong>potestate</strong></span> <span class='ocrx_word' id='word_1_495' title='bbox 1616 2228 1957 2277; x_wconf 58' lang='lat' dir='ltr'><strong>Presbyterorum.</strong></span> <span class='ocrx_word' id='word_1_496' title='bbox 1981 2228 2037 2266; x_wconf 86' lang='lat' dir='ltr'><strong>De</strong></span> <span class='ocrx_word' id='word_1_497' title='bbox 2054 2228 2275 2267; x_wconf 76' lang='lat' dir='ltr'><strong>Concordia</strong></span> <span class='ocrx_word' id='word_1_498' title='bbox 2299 2229 2365 2282; x_wconf 82' lang='lat' dir='ltr'><strong>Of-</strong></span> 
     </span>
     <span class='ocr_line' id='line_1_87' title="bbox 1400 2287 2364 2340; baseline 0.004 -14"><span class='ocrx_word' id='word_1_499' title='bbox 1400 2288 1583 2340; x_wconf 73' lang='lat' dir='ltr'><strong>siclorum</strong></span> <span class='ocrx_word' id='word_1_500' title='bbox 1621 2287 1779 2326; x_wconf 77' lang='lat' dir='ltr'><strong>librum.</strong></span> <span class='ocrx_word' id='word_1_501' title='bbox 1805 2287 1970 2326; x_wconf 75' lang='lat' dir='ltr'><strong>Librum</strong></span> <span class='ocrx_word' id='word_1_502' title='bbox 1993 2299 2145 2340; x_wconf 77' lang='lat' dir='ltr'><strong>quoque</strong></span> <span class='ocrx_word' id='word_1_503' title='bbox 2182 2289 2231 2328; x_wconf 84' lang='lat' dir='ltr'><strong>de</strong></span> <span class='ocrx_word' id='word_1_504' title='bbox 2260 2291 2364 2329; x_wconf 86' lang='lat' dir='ltr'><strong>Con-</strong></span> 
     </span>
     <span class='ocr_line' id='line_1_88' title="bbox 1404 2345 2366 2390; baseline 0.002 -2"><span class='ocrx_word' id='word_1_505' title='bbox 1404 2351 1587 2388; x_wconf 80' lang='lat' dir='ltr'><strong>fessione.</strong></span> <span class='ocrx_word' id='word_1_506' title='bbox 1612 2350 1675 2388; x_wconf 77' lang='lat' dir='ltr'><strong>Ad</strong></span> <span class='ocrx_word' id='word_1_507' title='bbox 1707 2349 1775 2388; x_wconf 80' lang='lat' dir='ltr'><strong>hoc</strong></span> <span class='ocrx_word' id='word_1_508' title='bbox 1796 2354 1913 2388; x_wconf 69' lang='lat' dir='ltr'><strong>etlam</strong></span> <span class='ocrx_word' id='word_1_509' title='bbox 1946 2350 2046 2389; x_wconf 73' lang='lat' dir='ltr'><strong>satis</strong></span> <span class='ocrx_word' id='word_1_510' title='bbox 2070 2345 2204 2390; x_wconf 71' lang='lat' dir='ltr'><strong>utilem</strong></span> <span class='ocrx_word' id='word_1_511' title='bbox 2226 2351 2366 2390; x_wconf 76' lang='lat' dir='ltr'><strong>scribit</strong></span> 
     </span>
     <span class='ocr_line' id='line_1_89' title="bbox 1405 2411 2363 2464; baseline 0.002 -14"><span class='ocrx_word' id='word_1_512' title='bbox 1405 2412 1652 2450; x_wconf 83' lang='lat' dir='ltr'><strong>Clironicam.</strong></span> <span class='ocrx_word' id='word_1_513' title='bbox 1691 2411 1940 2450; x_wconf 79' lang='lat' dir='ltr'>BERNALDI</span> <span class='ocrx_word' id='word_1_514' title='bbox 1978 2411 2258 2463; x_wconf 82' lang='lat' dir='ltr'><strong>Apologeticus</strong></span> <span class='ocrx_word' id='word_1_515' title='bbox 2294 2426 2363 2464; x_wconf 91' lang='lat' dir='ltr'><strong>pro</strong></span> 
     </span>
     <span class='ocr_line' id='line_1_90' title="bbox 1403 2473 2364 2523; baseline 0.003 -12"><span class='ocrx_word' id='word_1_516' title='bbox 1403 2474 1589 2523; x_wconf 73' lang='lat' dir='ltr'><strong>Gregorio</strong></span> <span class='ocrx_word' id='word_1_517' title='bbox 1612 2474 1691 2510; x_wconf 80' lang='lat' dir='ltr'><strong>VII.</strong></span> <span class='ocrx_word' id='word_1_518' title='bbox 1713 2484 1785 2512; x_wconf 88' lang='lat' dir='ltr'><strong>seu</strong></span> <span class='ocrx_word' id='word_1_519' title='bbox 1805 2477 2001 2512; x_wconf 86' lang='lat' dir='ltr'><strong>tractatus</strong></span> <span class='ocrx_word' id='word_1_520' title='bbox 2026 2473 2074 2512; x_wconf 92' lang='lat' dir='ltr'><strong>de</strong></span> <span class='ocrx_word' id='word_1_521' title='bbox 2103 2477 2364 2514; x_wconf 79' lang='lat' dir='ltr'><strong>sacramentis</strong></span> 
     </span>
     <span class='ocr_line' id='line_1_91' title="bbox 1402 2534 2363 2584; baseline 0.006 -13"><span class='ocrx_word' id='word_1_522' title='bbox 1402 2535 1835 2573; x_wconf 80' lang='lat' dir='ltr'><strong>excommunicatorum</strong></span> <span class='ocrx_word' id='word_1_523' title='bbox 1856 2534 1972 2584; x_wconf 81' lang='lat' dir='ltr'><strong>juxta</strong></span> <span class='ocrx_word' id='word_1_524' title='bbox 2000 2537 2262 2575; x_wconf 86' lang='lat' dir='ltr'><strong>assertionem</strong></span> <span class='ocrx_word' id='word_1_525' title='bbox 2293 2537 2363 2576; x_wconf 91' lang='lat' dir='ltr'><strong>SS.</strong></span> 
     </span>
     <span class='ocr_line' id='line_1_92' title="bbox 1402 2597 2364 2646; baseline 0.005 -13"><span class='ocrx_word' id='word_1_526' title='bbox 1402 2597 1563 2635; x_wconf 84' lang='lat' dir='ltr'><strong>I&#39;atrum</strong></span> <span class='ocrx_word' id='word_1_527' title='bbox 1581 2607 1748 2635; x_wconf 84' lang='lat' dir='ltr'><strong>recusus</strong></span> <span class='ocrx_word' id='word_1_528' title='bbox 1770 2597 1807 2633; x_wconf 90' lang='lat' dir='ltr'><strong>in</strong></span> <span class='ocrx_word' id='word_1_529' title='bbox 1822 2600 1928 2634; x_wconf 89' lang='lat' dir='ltr'><strong>tomo</strong></span> <span class='ocrx_word' id='word_1_530' title='bbox 1947 2597 2085 2646; x_wconf 88' lang='lat' dir='ltr'><strong>quinto</strong></span> <span class='ocrx_word' id='word_1_531' title='bbox 2101 2597 2364 2638; x_wconf 87' lang='lat' dir='ltr'><strong>Bibliothecae</strong></span> 
     </span>
     <span class='ocr_line' id='line_1_93' title="bbox 1403 2656 2361 2708; baseline 0.002 -12"><span class='ocrx_word' id='word_1_532' title='bbox 1403 2660 1599 2697; x_wconf 79' lang='lat' dir='ltr'><strong>maximae</strong></span> <span class='ocrx_word' id='word_1_533' title='bbox 1624 2657 1848 2696; x_wconf 78' lang='lat' dir='ltr'><strong>Pontificiae</strong></span> <span class='ocrx_word' id='word_1_534' title='bbox 1870 2658 1927 2695; x_wconf 83' lang='lat' dir='ltr'><strong>Jo.</strong></span> <span class='ocrx_word' id='word_1_535' title='bbox 1952 2656 2125 2696; x_wconf 84' lang='lat' dir='ltr'><strong>Thomae</strong></span> <span class='ocrx_word' id='word_1_536' title='bbox 2143 2659 2361 2708; x_wconf 82' lang='lat' dir='ltr'><strong>Rocaberti‚</strong></span> 
     </span>
     <span class='ocr_line' id='line_1_94' title="bbox 1401 2718 2359 2770; baseline 0.003 -13"><span class='ocrx_word' id='word_1_537' title='bbox 1401 2720 1545 2757; x_wconf 67' lang='lat' dir='ltr'><strong>Itomae</strong></span> <span class='ocrx_word' id='word_1_538' title='bbox 1569 2719 1671 2758; x_wconf 85' lang='grc'>1698</span> <span class='ocrx_word' id='word_1_539' title='bbox 1696 2719 1762 2756; x_wconf 85' lang='lat' dir='ltr'><strong>fol.</strong></span> <span class='ocrx_word' id='word_1_540' title='bbox 1780 2718 1981 2768; x_wconf 87' lang='lat' dir='ltr'><strong>Opuscula</strong></span> <span class='ocrx_word' id='word_1_541' title='bbox 1998 2729 2067 2769; x_wconf 87' lang='lat' dir='ltr'><strong>pro</strong></span> <span class='ocrx_word' id='word_1_542' title='bbox 2087 2719 2273 2770; x_wconf 82' lang='lat' dir='ltr'><strong>Gregorio</strong></span> <span class='ocrx_word' id='word_1_543' title='bbox 2290 2721 2359 2760; x_wconf 86' lang='lat' dir='ltr'><strong>Vll</strong></span> 
     </span>
     <span class='ocr_line' id='line_1_95' title="bbox 1400 2779 2358 2831; baseline 0.001 -11"><span class='ocrx_word' id='word_1_544' title='bbox 1400 2782 1560 2831; x_wconf 67' lang='lat' dir='ltr'><strong>vulgata</strong></span> <span class='ocrx_word' id='word_1_545' title='bbox 1585 2793 1606 2820; x_wconf 87' lang='lat' dir='ltr'><strong>a</strong></span> <span class='ocrx_word' id='word_1_546' title='bbox 1629 2781 1816 2818; x_wconf 87' lang='lat' dir='ltr'><strong>Gretsero</strong></span> <span class='ocrx_word' id='word_1_547' title='bbox 1839 2779 2067 2830; x_wconf 77' lang='lat' dir='ltr'><strong>Ingolstadii</strong></span> <span class='ocrx_word' id='word_1_548' title='bbox 2084 2781 2205 2830; x_wconf 89' lang='grc'>1609,</span> <span class='ocrx_word' id='word_1_549' title='bbox 2228 2780 2358 2831; x_wconf 73' lang='grc' dir='ltr'><strong>4.]’3ῐῐι</strong></span> 
     </span>
     <span class='ocr_line' id='line_1_96' title="bbox 1400 2839 2360 2894; baseline 0.001 -13"><span class='ocrx_word' id='word_1_550' title='bbox 1400 2845 1519 2894; x_wconf 85' lang='lat' dir='ltr'><strong>prelis</strong></span> <span class='ocrx_word' id='word_1_551' title='bbox 1558 2844 1702 2881; x_wconf 86' lang='lat' dir='ltr'><strong>iterum</strong></span> <span class='ocrx_word' id='word_1_552' title='bbox 1737 2839 2004 2890; x_wconf 87' lang='lat' dir='ltr'><strong>subjiciuntur</strong></span> <span class='ocrx_word' id='word_1_553' title='bbox 2039 2842 2077 2880; x_wconf 91' lang='lat' dir='ltr'><strong>in</strong></span> <span class='ocrx_word' id='word_1_554' title='bbox 2111 2845 2217 2880; x_wconf 91' lang='lat' dir='ltr'><strong>tomo</strong></span> <span class='ocrx_word' id='word_1_555' title='bbox 2247 2848 2360 2882; x_wconf 87' lang='lat' dir='ltr'><strong>sexto</strong></span> 
     </span>
     <span class='ocr_line' id='line_1_97' title="bbox 1403 2902 2361 2955; baseline -0.001 -13"><span class='ocrx_word' id='word_1_556' title='bbox 1403 2905 1580 2945; x_wconf 87' lang='lat' dir='ltr'><strong>Gretseri</strong></span> <span class='ocrx_word' id='word_1_557' title='bbox 1597 2914 1779 2955; x_wconf 83' lang='lat' dir='ltr'><strong>operum,</strong></span> <span class='ocrx_word' id='word_1_558' title='bbox 1797 2914 1898 2953; x_wconf 86' lang='lat' dir='ltr'><strong>quae</strong></span> <span class='ocrx_word' id='word_1_559' title='bbox 1915 2902 2087 2953; x_wconf 87' lang='lat' dir='ltr'><strong>junctim</strong></span> <span class='ocrx_word' id='word_1_560' title='bbox 2106 2903 2217 2942; x_wconf 80' lang='lat' dir='ltr'><strong>brevi</strong></span> <span class='ocrx_word' id='word_1_561' title='bbox 2231 2903 2361 2954; x_wconf 88' lang='lat' dir='ltr'><strong>prodi-</strong></span> 
     </span>
    </p>
   </div>
   <div class='ocr_carea' id='block_1_6' title="bbox 1397 3032 2367 3274">
    <p class='ocr_par' dir='ltr' id='par_1_9' title="bbox 1397 3032 2367 3274">
     <span class='ocr_line' id='line_1_98' title="bbox 1450 3032 2365 3076; baseline -0.003 -8"><span class='ocrx_word' id='word_1_562' title='bbox 1450 3037 1462 3049; x_wconf 79' lang='lat'><strong>·</strong></span> <span class='ocrx_word' id='word_1_563' title='bbox 1483 3035 1683 3076; x_wconf 74' lang='lat' dir='ltr'><strong>Presbyteri</strong></span> <span class='ocrx_word' id='word_1_564' title='bbox 1698 3038 1731 3065; x_wconf 86' lang='lat' dir='ltr'><strong>et</strong></span> <span class='ocrx_word' id='word_1_565' title='bbox 1747 3034 1917 3074; x_wconf 75' lang='lat' dir='ltr'><strong>Episcopi</strong></span> <span class='ocrx_word' id='word_1_566' title='bbox 1931 3034 2131 3073; x_wconf 78' lang='lat' dir='ltr'><strong>antiquitus</strong></span> <span class='ocrx_word' id='word_1_567' title='bbox 2144 3032 2235 3064; x_wconf 77' lang='lat' dir='ltr'><strong>idem</strong></span> <span class='ocrx_word' id='word_1_568' title='bbox 2251 3032 2365 3072; x_wconf 77' lang='lat' dir='ltr'><strong>fuisse</strong></span> 
     </span>
     <span class='ocr_line' id='line_1_99' title="bbox 1397 3083 2367 3126; baseline -0.002 -10"><span class='ocrx_word' id='word_1_569' title='bbox 1397 3087 1561 3126; x_wconf 71' lang='lat' dir='ltr'><strong>loquutur</strong></span> <span class='ocrx_word' id='word_1_570' title='bbox 1575 3110 1585 3124; x_wconf 88' lang='lat'><strong>‚</strong></span> <span class='ocrx_word' id='word_1_571' title='bbox 1602 3088 1634 3116; x_wconf 82' lang='lat' dir='ltr'><strong>el</strong></span> <span class='ocrx_word' id='word_1_572' title='bbox 1648 3084 1794 3114; x_wconf 78' lang='lat' dir='ltr'><strong>eandem</strong></span> <span class='ocrx_word' id='word_1_573' title='bbox 1809 3083 2072 3122; x_wconf 70' lang='lat' dir='ltr'><strong>liyandt&#39;atque</strong></span> <span class='ocrx_word' id='word_1_574' title='bbox 2087 3083 2250 3113; x_wconf 82' lang='lat' dir='ltr'><strong>solvendi</strong></span> <span class='ocrx_word' id='word_1_575' title='bbox 2265 3089 2367 3123; x_wconf 82' lang='lat' dir='ltr'><strong>pote-</strong></span> 
     </span>
     <span class='ocr_line' id='line_1_100' title="bbox 1398 3131 2364 3174; baseline -0.001 -9"><span class='ocrx_word' id='word_1_576' title='bbox 1398 3140 1540 3174; x_wconf 80' lang='lat' dir='ltr'><strong>statem,</strong></span> <span class='ocrx_word' id='word_1_577' title='bbox 1559 3139 1590 3165; x_wconf 87' lang='lat' dir='ltr'><strong>et</strong></span> <span class='ocrx_word' id='word_1_578' title='bbox 1607 3134 1682 3164; x_wconf 82' lang='lat' dir='ltr'><strong>alia</strong></span> <span class='ocrx_word' id='word_1_579' title='bbox 1696 3141 1789 3163; x_wconf 78' lang='lat' dir='ltr'><strong>nnnc</strong></span> <span class='ocrx_word' id='word_1_580' title='bbox 1802 3131 1994 3171; x_wconf 81' lang='lat' dir='ltr'><strong>Episcopis</strong></span> <span class='ocrx_word' id='word_1_581' title='bbox 2010 3131 2184 3171; x_wconf 76' lang='lat' dir='ltr'><strong>specialia</strong></span> <span class='ocrx_word' id='word_1_582' title='bbox 2197 3131 2364 3164; x_wconf 77' lang='lat' dir='ltr'><strong>habuisse</strong></span> 
     </span>
     <span class='ocr_line' id='line_1_101' title="bbox 1398 3180 2362 3221; baseline -0.002 -6"><span class='ocrx_word' id='word_1_583' title='bbox 1398 3193 1469 3215; x_wconf 76' lang='lat' dir='ltr'><strong>uon.</strong></span> <span class='ocrx_word' id='word_1_584' title='bbox 1497 3183 1692 3216; x_wconf 83' lang='lat' dir='ltr'><strong>dubitatur.</strong></span> <span class='ocrx_word' id='word_1_585' title='bbox 1723 3183 1918 3219; x_wconf 82' lang='lat' dir='ltr'><strong>Postquam</strong></span> <span class='ocrx_word' id='word_1_586' title='bbox 1945 3185 2063 3211; x_wconf 83' lang='lat' dir='ltr'><strong>aulem</strong></span> <span class='ocrx_word' id='word_1_587' title='bbox 2091 3180 2298 3221; x_wconf 76' lang='lat' dir='ltr'><strong>Presbyteri</strong></span> <span class='ocrx_word' id='word_1_588' title='bbox 2318 3182 2362 3213; x_wconf 88' lang='lat' dir='ltr'><strong>ab</strong></span> 
     </span>
     <span class='ocr_line' id='line_1_102' title="bbox 1400 3229 2362 3274; baseline 0 -11"><span class='ocrx_word' id='word_1_589' title='bbox 1400 3232 1635 3274; x_wconf 76' lang='lat' dir='ltr'><strong>Episcoopoli</strong></span> <span class='ocrx_word' id='word_1_590' title='bbox 1664 3229 1876 3262; x_wconf 75' lang='lat' dir='ltr'><strong>excellentia</strong></span> <span class='ocrx_word' id='word_1_591' title='bbox 1907 3229 2051 3262; x_wconf 78' lang='lat' dir='ltr'><strong>cohibiti</strong></span> <span class='ocrx_word' id='word_1_592' title='bbox 2073 3235 2155 3263; x_wconf 84' lang='lat' dir='ltr'><strong>sunt</strong></span> <span class='ocrx_word' id='word_1_593' title='bbox 2169 3255 2181 3271; x_wconf 92' lang='lat'><em>,</em></span> <span class='ocrx_word' id='word_1_594' title='bbox 2201 3232 2293 3272; x_wconf 84' lang='lat' dir='ltr'><strong>cepit</strong></span> <span class='ocrx_word' id='word_1_595' title='bbox 2309 3232 2362 3264; x_wconf 80' lang='lat' dir='ltr'><strong>eis</strong></span> 
     </span>
    </p>
   </div>
   <div class='ocr_carea' id='block_1_7' title="bbox 1397 3279 1829 3322">
    <p class='ocr_par' dir='ltr' id='par_1_10' title="bbox 1397 3279 1829 3322">
     <span class='ocr_line' id='line_1_103' title="bbox 1397 3279 1829 3322; baseline -0.007 -8"><span class='ocrx_word' id='word_1_596' title='bbox 1397 3291 1469 3314; x_wconf 79' lang='lat' dir='ltr'><strong>uon</strong></span> <span class='ocrx_word' id='word_1_597' title='bbox 1487 3282 1592 3315; x_wconf 79' lang='lat' dir='ltr'><strong>llccre</strong></span> <span class='ocrx_word' id='word_1_598' title='bbox 1611 3280 1702 3322; x_wconf 75' lang='lat' dir='ltr'><strong>quod</strong></span> <span class='ocrx_word' id='word_1_599' title='bbox 1717 3279 1829 3313; x_wconf 75' lang='lat' dir='ltr'><strong>licuit.</strong></span> 
     </span>
    </p>
   </div>
  </div>
 </body>
</html>
