2500 4009
399 220 471 257 1:33

392 290 585 340 quaedam
624 300 670 325 ex
715 298 798 323 eius
833 285 927 322 libro
958 283 1115 333 profert.
1158 283 1351 321 Extitisse.

392 363 487 389 vero
507 350 596 387 dicit
620 360 667 385 ox
694 344 896 384 sacerdote
926 343 1262 394 Chorepiscopum
1283 345 1354 383 Se-

394 422 631 450 nonensem.
653 418 771 457 quam
797 405 1031 455 dignitatem
1052 404 1249 455 deponere
1267 405 1352 456 jus-

395 485 464 511 sus
495 474 561 510 suit
591 472 625 507 in
650 468 812 505 concilio
837 468 1045 504 Parisiensi
1082 478 1144 505 an.
1171 468 1247 505 849
1273 480 1350 519 quo

395 537 431 571 in
457 528 628 570 Concilio
651 540 790 567 omnes
815 530 960 579 pariter
979 527 1263 580 chorepiscopi,
1285 529 1355 581 qui

395 596 510 631 erunt
537 592 573 629 in
599 590 794 640 Francia,
817 589 985 641 depositi
1009 593 1112 628 sunt.

447 657 484 691 5.
511 654 750 692 Avi-:NTiM
775 653 944 703 elogium
975 651 1078 703 apud
1104 652 1304 691 Labbeum
1325 657 1352 691 t.

397 718 440 754 li.
468 716 561 753 Bibl.
586 725 711 753 novae
734 714 840 753 MSS.
872 726 907 765 p.
935 714 1023 752 319.

444 775 610 815 Joanni‘s
662 775 896 814 Thurmaier
920 805 928 815 .
978 777 1063 814 sive
1110 777 1354 815 Duromarus

396 839 745 884 (Thurinomarus;
777 838 1068 877 AVFINTINUS
1090 850 1111 876 a
1131 839 1273 888 patria,
1302 839 1356 875 ci-

394 901 519 937 vitate
543 900 733 937 Bavariae
758 899 1030 947 Abensberea‚
1055 911 1076 937 a
1100 911 1177 949 qua
1213 897 1355 938 Abusi-

395 971 562 998 nensem
588 962 720 1011 potius
743 960 954 999 dicendum
977 961 1098 999 fuisse
1117 965 1226 999 notat
1243 963 1356 999 Lam-

394 1022 549 1067 becius,
574 1025 617 1068 a)
644 1023 830 1071 quoniam
860 1023 1002 1060 civitas
1024 1021 1087 1060 illa
1124 1023 1161 1059 in
1201 1023 1357 1060 itinera-

396 1082 1354 1133 rioAntoninianoAbusinaappelletur.iN‘·atusAn.

397 1145 498 1183 1171
524 1144 561 1191 b)
585 1155 727 1194 magna
752 1144 953 1182 doctrinae
991 1149 1032 1181 et
1072 1145 1214 1194 ingenii
1241 1144 1354 1183 laude

397 1206 532 1244 relicta
555 1205 649 1242 obiit
673 1205 907 1243 Ratisbonae
932 1204 1048 1243 Anno
1074 1206 1176 1245 4:534
1198 1205 1262 1244 ubi
1279 1205 1353 1244 An.

397 1268 500 1304 4529
524 1267 572 1304 ob
594 1267 802 1305 haereseos
832 1268 1097 1317 suspicionem
1121 1267 1158 1315 c)
1198 1279 1219 1306 a
1248 1268 1357 1306 Prin-

397 1328 508 1366 ‹·ibus
533 1329 738 1375 Bavariae,
758 1329 903 1378 quibus
923 1338 1081 1378 operam
1103 1339 1216 1367 suam
1237 1340 1358 1367 nava-

399 1394 474 1427 rat.
493 1390 640 1428 missus
661 1390 699 1427 in
723 1400 922 1428 carcerem
938 1394 978 1427 et
994 1401 1069 1427 non
1092 1390 1158 1429 diu
1182 1394 1272 1440 post
1288 1391 1357 1428 ite-

398 1463 485 1488 rum
508 1450 677 1488 libertati
716 1451 899 1490 redditus
924 1451 1062 1489 fuerat.
1088 1452 1143 1489 De
1163 1453 1245 1490 vita
1269 1450 1356 1501 ejus

398 1517 437 1548 et
462 1513 619 1562 scriptis
642 1517 798 1562 praeter
818 1513 1102 1562 Hieronymum
1124 1513 1354 1563 Zieglerum,

400 1577 438 1609 et
463 1574 507 1610 G.
534 1574 577 1611 11.
614 1572 659 1610 Α.
685 1574 770 1610 sive
810 1574 1092 1623 Hieronymum
1129 1573 1356 1623 Augustum

398 1634 701 1681 (jroscliuiium,
749 1638 869 1684 atque.
911 1634 1123 1673 Annalium
1170 1635 1358 1674 Aventini

399 1694 587 1739 editoreS,
609 1700 650 1733 et
672 1696 874 1734 Danielem
894 1696 1135 1735 Guilelmum
1154 1697 1357 1735 Mollerum

400 1757 684 1794 Dissertatione
699 1756 747 1794 de
761 1758 910 1794 Joanne
930 1758 1144 1805 Aventino,
1165 1758 1359 1796 Baelium-

398 1828 492 1866 que..
518 1822 557 1854 et
580 1817 774 1855 Auctores
798 1819 1123 1856 Dictionariorum
1149 1819 1358 1857 llistorico-

399 1889 504 1925 rum,
530 1879 761 1917 consulendi
784 1880 964 1917 Parnassi
990 1881 1093 1918 Boici
1115 1882 1290 1931 Scriptor
1312 1881 1356 1929 d)

401 1941 511 1977 Parte
528 1941 594 1979 Vll
613 1951 697 1991 pag.
715 1941 766 1978 98
790 1952 871 1991 seq.
894 1932 1053 1980 lsaa'cus
1072 1943 1287 1982 Bullartius
1299 1947 1358 1981 to-

399 2012 462 2039 mo
488 2003 499 2039 1
525 2003 709 2040 Academ.
731 2014 818 2053 pag.
842 2003 917 2042 116
942 2005 1028 2053 (qui
1052 2004 1221 2053 effigiem
1261 2016 1358 2054 quo-

394 2073 471 2110 que
496 2073 584 2099 aere
608 2062 847 2113 descriptam
864 2064 1042 2112 exhibet,
1058 2069 1103 2102 ut
1119 2065 1353 2104 Boissardus

395 2128 501 2159 tomo
519 2124 549 2160 11
569 2124 782 2172 imaginum
801 2135 885 2174 pag.
909 2125 1018 2172 222.)
1040 2126 1213 2163 loannes
1234 2126 1354 2164 Geor-

394 2184 483 2231 ⁸igius
507 2184 701 2231 Betulius,
727 2186 812 2222 sive
836 2185 1088 2223 Burcliardus
1113 2187 1152 2223 in
1177 2188 1352 2237 Epistola

395 2243 443 2281 ad
468 2245 650 2282 Amicum
671 2244 775 2283 edita
801 2247 1025 2284 llanoverac
1045 2247 1164 2296 1710,
1189 2249 1224 2286 8.
1239 2250 1354 2287 Joan-

397 2317 468 2343 nes
492 2307 683 2355 Georgius
707 2307 990 2346 Schelbornius
1019 2310 1055 2345 in
1099 2309 1356 2349 Amoenitati-

396 2367 470 2404 bus
493 2369 707 2405 Litterariis
729 2373 821 2406 tom.
849 2370 877 2406 V
903 2381 987 2419 pag.
1012 2371 1056 2408 81
1074 2400 1082 2414 ,
1105 2371 1180 2409 :302
1205 2376 1244 2409 et
1259 2376 1352 2409 tom.

397 2428 442 2465 vi
469 2440 503 2478 p.
529 2430 616 2466 596.
640 2430 793 2479 Scripta
817 2429 1004 2468 Aventini
1026 2431 1211 2470 distincte
1236 2433 1355 2470 reser-

398 2501 439 2526 re
462 2500 601 2539 operae
627 2492 796 2540 pretium
822 2491 932 2530 duxi:

447 2621 479 2658 a)
503 2620 698 2654 Lambecius
722 2626 802 2654 tom.
828 2624 855 2652 ΙΙ
884 2630 959 2662 pag.
994 2623 1066 2654 471.
1102 2625 1192 2656 Adde
1221 2627 1359 2658 Aventi-

389 2678 468 2701 num
495 2672 603 2709 ipsum
627 2672 711 2702 libro
736 2674 790 2702 vii
814 2681 888 2712 cap.
912 2673 964 2703 ⁵26.
991 2673 1197 2708 schelhornii
1234 2678 1356 2710 Amoe-

387 2722 508 2750 nitates
531 2723 592 2753 Lii.
614 2723 705 2755 tomo
730 2723 755 2751 V
777 2729 852 2760 pag.
877 2722 929 2753 86.

447 2769 481 2805 b)
506 2770 556 2800 Sic
584 2772 764 2801 Parnassus
801 2773 919 2804 Boicus
943 2780 982 2803 ex
1009 2774 1165 2804 Aventini
1200 2776 1355 2813 autogra-

386 2817 451 2855 pho
467 2840 475 2854 ‚
500 2818 574 2849 licet
599 2819 751 2851 Nicotaus
769 2822 956 2852 ncusnerus
975 2823 1008 2852 in
1024 2821 1184 2853 iconibua
1206 2830 1281 2862 pag.
1300 2823 1351 2854 58.

388 2866 510 2897 Paulus
533 2868 694 2900 Freherus
719 2877 792 2909 pag.
818 2869 898 2901 1445
923 2875 957 2902 et
978 2870 1033 2902 alii
1049 2873 1275 2904 communiter
1293 2881 1354 2913 po-

385 2920 467 2945 nant
492 2919 550 2947 An.
578 2916 669 2949 1466.

445 2974 472 3001 c,
504 2966 769 2998 Pirckiieimerus
787 2969 933 3007 Epistola
949 2970 989 3002 ad
1012 2972 1045 3001 B.
1068 2970 1265 3002 Rhenanum
1279 2969 1331 3002 edi
1344 2986 1356 2993 —

386 3017 419 3041 ta
443 3021 459 3041 a
485 3014 685 3053 Gundlingio
722 3017 859 3055 praerat.
885 3019 926 3049 ad
948 3019 1091 3050 Annales
1118 3018 1286 3050 Aventini.
1313 3022 1350 3052 1).

387 3062 422 3089 G.
448 3062 599 3093 Mulierus
624 3066 794 3096 Dissertat.
830 3065 870 3097 de
905 3069 1070 3099 Aventino
1095 3069 1113 3107 S
1136 3070 1190 3100 Xi.
1212 3067 1351 3100 Altdorf.

396 3109 470 3139 1008
489 3135 495 3147 ‚
518 3112 548 3141 4,

445 3159 463 3187 d
502 3161 779 3200 Neu-eroffneler
792 3165 1027 3205 ,niisen-Berq
1048 3175 1114 3198 von
1131 3167 1261 3199 Denclc.
1280 3167 1352 3198 und

392 3206 598 3248 l-¹'³··¹f1¹r¹!i‚q
616 3211 730 3242 kei'ten
753 3223 816 3244 (ms
833 3215 894 3244 der
907 3215 962 3254 qel
985 3215 1086 3247 hrcen
1112 3217 1214 3255 welz,
1238 3226 1352 3248 zuma-

389 3254 468 3333 ςοίῑη
491 3265 554 3288 σιω
578 3260 642 3291 den
666 3263 809 3294 Lariden
844 3273 884 3296 zu
918 3265 1072 3304 Bayern.
1098 3275 1140 3297 zu
1178 3267 1351 3301 Mune-hen

410 3313 479 3334 1’νθ-

1209 211 1581 252 ΑΥΕΝΤΙΝΙ

1480 285 1516 323 1.
1536 282 1747 322 Annalium
1758 284 1966 323 Boicornm
1982 296 2002 324 a
2019 286 2156 336 primis
2171 285 2387 324 Germano-

1426 345 1536 384 ribus
1559 346 1802 396 temporibus
1823 344 1920 384 libre·
1935 350 2081 398 septem
2095 358 2224 398 usque
2245 347 2294 386 ad
2311 347 2386 386 An.

1426 408 1577 446 CHristi
1601 408 1716 448 ⁴450.
1738 420 1816 459 quo
1836 420 1952 460 opere
1977 420 2054 447 non
2073 409 2201 448 solum
2227 410 2390 448 Bavari-

1425 471 1498 518 cis,
1519 469 1588 508 sed
1613 471 1734 508 totius
1757 471 1990 509 Germaniae
2010 470 2128 508 rebus
2158 471 2311 521 insigne
2331 470 2389 509 af-

1428 530 1556 569 fundit
1599 531 1753 580 lumen,
1799 542 2027 582 quanquam
2067 532 2105 569 in
2149 532 2387 582 antiquitate

1427 593 1545 630 etiam
1563 592 1703 631 sabulis
1723 592 1909 630 honorem
1928 602 2017 629 esse
2032 593 2270 642 permiserit.
2292 593 2391 632 Coe-

1429 655 1485 704 pit
1508 654 1601 692 illud
1621 654 1731 705 Opus
1756 653 1869 692 Anno
1895 653 2017 699 1519,
2042 652 2068 690 6
2094 652 2314 700 Februarii,
2344 657 2390 692 ut

1433 726 1482 753 ex
1497 715 1739 766 autographo
1755 714 1842 764 ejus
1860 716 1897 752 in
1918 713 2158 752 Bibliotheca
2172 712 2392 764 Guelpher-

1431 776 1578 826 bytana
1604 778 1667 815 W.
1704 778 1749 816 E.
1782 776 2010 815 Tentzelius
2032 775 2071 824 e)
2110 775 2275 813 notavit.
2305 774 2388 813 Non

1429 837 1551 876 edidit
1582 838 1807 877 Aventinus
1837 839 1936 888 ipse.;
1963 836 2032 875 sed
2055 836 2196 887 viginti
2225 835 2389 876 demum

1429 900 1544 937 annis
1568 899 1783 950 interjectis
1806 903 1895 950 post
1914 898 2001 948 ejus
2022 898 2174 936 obitum
2197 898 2391 948 Hierony-

1430 971 1520 999 mus
1541 961 1755 1009 Zieglcrus,
1781 958 2008 1010 lngolstadii
2035 959 2137 998 4554
2162 959 2225 998 fol.
2241 970 2316 998 nee
2338 959 2392 997 si-

1430 1034 1479 1061 ne
1494 1023 1667 1062 locorum
1684 1021 1932 1072 quorundam
1943 1021 2175 1059 alteratione.
2190 1020 2255 1059 vel
2271 1019 2392 1058 omis-

1430 1084 1552 1122 sione.
1592 1085 1829 1134 integriores¹
1866 1081 2009 1121 deinde
2039 1086 2182 1120 nactus
2210 1081 2392 1133 vuigavit

1429 1145 1610 1184 Nicolaus
1633 1147 1838 1191 Cisnerus,
1863 1144 1979 1182 Basil.
2005 1142 2106 1182 1580
2132 1142 2194 1181 fol.
2225 1153 2389 1182 recusos

1430 1206 1572 1244 ibidem
1599 1207 1718 1253 4615,
1747 1205 1846 1245 4627
1871 1209 1910 1243 et
1930 1205 2102 1255 denique
2117 1204 2298 1255 prodiere
2320 1215 2394 1243 cu—

1430 1272 1543 1305 rante.
1566 1268 1822 1305 celeberrimo
1851 1267 1941 1306 viro
1963 1267 2117 1306 Nicolao
2150 1267 2392 1317 Hieronymo

1430 1328 1683 1379 Gundiingio,
1706 1330 1857 1379 Lipsiae
1874 1328 1973 1368 1710
2001 1328 2062 1366 fol.
2084 1328 2126 1368 in
2151 1339 2231 1378 qua
2251 1327 2394 1368 editio-

1431 1401 1480 1428 ne
1504 1390 1716 1429 dolendum
1742 1395 1945 1438 auctores,
1961 1400 2061 1440 quos
2081 1389 2191 1428 Plinii
2209 1389 2393 1440 exemplo

1430 1452 1505 1490 sub
1527 1451 1723 1502 cujusque
1744 1452 1829 1491 libri
1850 1452 2004 1492 initium
2020 1451 2248 1491 Aventinus
2267 1451 2393 1490 nomi-

1433 1518 1616 1562 naverat,
1641 1513 1866 1554 desiderari.
1909 1515 2010 1552 Loco
2034 1513 2296 1564 Zieglerianae
2324 1524 2394 1553 au·

1433 1580 1513 1615 tem
1540 1577 1744 1626 praemisit
1759 1575 2044 1625 Gundlingius,
2061 1576 2186 1613 vitam
2201 1573 2390 1615 Aventini

1433 1639 1619 1688 scriptam
1645 1650 1667 1677 a
1690 1638 1943 1686 Groschuiio,
1967 1635 2117 1676 addidit
2139 1637 2258 1675 etiam
2286 1635 2394 1686 ejus-

1432 1698 1523 1737 dem
1547 1698 1736 1737 Aventini
1761 1699 1960 1748 Abacum,
1984 1699 2034 1738 de
2067 1708 2146 1749 quo
2180 1710 2272 1739 mox
2301 1709 2391 1738 sum

1431 1759 1625 1809 dicturus,
1644 1765 1683 1798 et
1700 1761 1920 1799 llelvetiam
1946 1763 2143 1802 Francisci
2162 1762 2396 1801 Guilliman-

1433 1821 1482 1858 ni.
1500 1820 1776 1871 Opportunum
1794 1823 1908 1860 estin
1933 1823 2004 1865 hac
2024 1823 2194 1863 editione
2209 1823 2318 1862 libris
2337 1823 2397 1863 di-

1431 1883 1530 1922 visis
1548 1884 1584 1922 in
1602 1885 1748 1935 capita,
1773 1885 1968 1935 capitibus
1992 1886 2030 1923 in
2053 1886 2227 1925 minores
2250 1885 2391 1924 sectio-

1433 1955 1504 1983 nes
1529 1956 1600 1984 sua
1625 1947 1795 1996 singulis
1831 1950 2068 1996 argumenta
2091 1947 2302 1997 praemitti.
2333 1947 2396 1986 Li-

1429 2006 1486 2044 bri
1513 2008 1669 2057 septimi
1699 2008 1826 2058 capite
1850 2012 2030 2046 extremo
2053 2007 2299 2049 Aventinus:
2323 2006 2393 2046 Ae-

1429 2065 1532 2105 bertt'
1552 2068 1573 2105 I
1579 2069 1616 2107 V.
1641 2069 1848 2118 (Principis
1864 2067 2056 2118 Bojariae)
2074 2068 2199 2123 vitam
2217 2071 2256 2107 ec
2273 2078 2382 2119 89τέ-

1423 2130 1492 2180 yid
1506 2128 1709 2181 facinora,
1733 2130 1825 2168 item
1850 2142 1919 2179 ea,
1944 2141 2046 2181 quae
2063 2128 2138 2170 sub
2153 2130 2235 2183 ipso
2255 2130 2393 2171 deinde

1422 2190 1535 2241 prole
1574 2190 1660 2240 ejus
1691 2195 1803 2241 (festa
1843 2195 1952 2241 sunt,
1976 2203 2079 2244 quae
2116 2203 2184 2244 eqo
2212 2193 2392 2234 maoez'me

1427 2252 1706 2292 memorabilia
1723 2253 1927 2303 eaeistimo,
1939 2253 2106 2306 proprio
2130 2254 2241 2307 operi
2261 2255 2397 2295 dicari

1428 2314 1596 2354 decrevi.
1628 2316 1728 2354 lllud
1755 2327 1962 2366 nunquam
1987 2317 2117 2356 lucem
2140 2316 2252 2364 vidit⁷
2285 2317 2391 2368 quod

1429 2378 1570 2426 sciam,
1601 2379 1705 2416 sicut
1742 2389 1814 2417 nee
1841 2379 1916 2417 alia
1952 2377 2058 2429 ejus,
2095 2390 2265 2430 quorum
2298 2390 2393 2430 spes

1430 2440 1530 2477 facta
1549 2451 1571 2478 a
1585 2440 1762 2478 Gesnero
1779 2452 1865 2491 pag.
1885 2441 1961 2479 386
1971 2441 2247 2480 Bibliothecae.
2266 2439 2392 2481 Chro-

1427 2501 1539 2538 m'con
1562 2500 1608 2539 de
1631 2505 1807 2552 quatuor
1824 2501 2083 2551 Monarchiis,
2099 2500 2391 2542 Ecclesiastico.

1430 2562 1611 2600 Historia
1630 2563 1679 2601 ab
1702 2563 1806 2602 Orbe
1829 2563 1987 2602 condito
2010 2563 2058 2603 ad
2083 2568 2219 2603 nostra
2241 2564 2393 2615 tempo-

1427 2635 1479 2661 ra.
1492 2624 1531 2662 L.
1547 2623 1710 2676 Apuleji·
1723 2629 1762 2663 ct
1778 2624 2010 2676 Symmachi
2021 2625 2238 2665 dialectiea.
2252 2625 2392 2664 Gram-

1426 2686 1557 2724 matici
1572 2684 1798 2734 Diomedes,
1816 2690 1986 2736 utraque
2004 2697 2070 2726 ars
2084 2686 2240 2735 Donati,
2257 2685 2395 2727 Servii

1424 2746 1472 2784 dc
1496 2749 1718 2796 quantitate
1735 2747 1998 2797 syllabarum,
2023 2751 2064 2787 et
2085 2749 2386 2789 centimetrum:

1422 2808 1594 2848 Manlius
1622 2808 1842 2847 Theodorus
1860 2837 1868 2857 ,
1893 2820 2013 2859 quem
2034 2810 2088 2848 ait
2110 2808 2323 2849 scitissime
2339 2809 2390 2848 de

1423 2872 1562 2908 metris
1592 2871 1826 2921 scripsisse:
1864 2873 1906 2909 et
1938 2869 2144 2922 Eurycius
2170 2869 2388 2922 discipulus

1424 2933 1631 2982 Prisciani,
1648 2943 1767 2982 quem
1789 2932 2008 2970 maximum
2029 2935 2270 2970 assertorem
2284 2929 2390 2970 Ana-

1422 2994 1543 3045 logiae
1560 2996 1614 3033 ait
1630 2995 1777 3044 optime
1801 2993 2010 3043 scripsisse
2029 2992 2078 3031 de
2100 2991 2385 3042 conjugationi-

1419 3056 1505 3094 bus.
1531 3057 1652 3096 Notae
1677 3055 1714 3092 in
1739 3052 2006 3092 Claudianum
2036 3054 2196 3091 Poetam
2215 3055 2256 3091 et
2283 3052 2383 3092 Ger-

1422 3119 1593 3156 maniam
1622 3114 1752 3154 Taciti.
1778 3112 1984 3162 pondera,
2002 3124 2230 3162 mensurae,
2247 3124 2380 3153 mone-

1473 3266 1504 3305 o)
1528 3265 1766 3300 Monahcliclie
1792 3264 2080 3303 [interr-:danaen
2099 3266 2194 3296 Anno
2212 3263 2289 3296 1694
2308 3274 2382 3307 pag.

1412 3316 1484 3348 755.
1509 3318 1667 3349 curicus-e
1689 3314 1884 3354 Bibliotheq.
1911 3316 2004 3346 Anno
2031 3311 2109 3344 1701
2137 3321 2210 3355 pag.
2235 3313 2313 3348 440.
