2500 3841
888 198 1440 240 CALLIMACHUS

207 271 809 314 DominicusCALLIMACHL‘S
828 271 1126 320 Senensis,An-

152 339 386 388 tiquitatum
413 339 568 375 amator
595 338 637 374 et
659 335 883 375 Historicus
907 335 1055 373 Romae
1087 334 1125 372 in

150 399 242 439 aula
264 399 374 438 Pauli
400 398 432 437 11
457 399 561 437 circa
587 396 751 437 Annum
780 397 881 437 4470
910 397 1014 436 idem
1038 398 1127 436 Dia-

149 462 254 501 rium
279 472 369 512 pag.
394 459 472 500 375
493 471 577 511 seq.

202 521 563 564 CALLIMACHUS
586 521 634 561 de
656 522 787 561 Monte
824 520 973 571 Viridi,
997 523 1126 561 Maza-

149 587 281 624 rensis
321 585 501 634 Siculus,
535 586 690 624 amicus
727 585 889 623 Domitii
925 583 1124 624 Calderini

148 649 254 687 circa
277 646 353 687 An.
379 646 485 687 4477
505 648 676 698 scriptor
695 647 782 686 libri
800 646 849 686 de
864 646 1048 686 laudibus
1065 647 1125 686 Si-

147 709 278 760 ciliae,
290 709 680 749 Commentariorum
693 711 938 749 Poeticorum
949 739 958 756 ,
973 713 1014 748 et
1030 710 1123 759 Epi-

146 772 340 811 stolarum
366 772 636 812 familiarium.
662 771 768 810 idem
793 783 880 823 pag.
907 771 996 810 377.
1022 782 1106 821 seq.

201 834 258 873 De
282 833 511 885 primordiis
533 833 976 874 CALMOSIACENSIS
991 835 1122 873 Mona-

147 890 266 935 steris
282 896 370 935 libri
394 896 473 936 duo
494 897 543 936 ab
567 896 684 936 Anno
717 896 820 937 4094
858 895 908 935 ad
947 895 1050 936 4222
1080 896 1120 932 in

145 963 255 998 tomo
278 960 397 998 tertio
420 959 599 999 thesauri
615 959 900 999 anecdotorum
916 958 1119 998 Edmundi

145 1022 324 1061 Martene
348 1033 435 1074 pag.
464 1022 581 1062 4459.

203 1084 349 1123 Petrus
366 1084 515 1135 CALO‚
532 1085 620 1124 sive
638 1082 818 1125 Calotius
837 1095 886 1123 ex
903 1083 1018 1135 opido
1033 1083 1122 1131 Clo-

148 1145 278 1185 diensi
303 1147 390 1185 sive
413 1147 616 1198 Clugicnsi
642 1147 850 1196 (Chiozza)
871 1145 1032 1184 ditionis
1046 1146 1122 1185 Ve-

146 1212 283 1256 netae,
309 1207 473 1247 Ordinis
497 1209 841 1258 Praedicatorum‚
866 1209 972 1248 circa
995 1209 1120 1248 seculi

144 1270 237 1309 XIV
261 1270 393 1317 initia,
415 1271 576 1322 scripsit
599 1263 757 1311 duobus
787 1270 1018 1322 ingentibus
1046 1271 1122 1309 Vo-

143 1331 364 1371 luminibus
385 1331 493 1372 Vitas
511 1334 768 1383 Sanctorum,
791 1345 894 1384 quae
919 1334 958 1371 in
975 1332 1122 1372 Barbe-

143 1395 232 1433 rina
253 1398 376 1446 atque
414 1396 454 1433 in
497 1396 585 1435 aliis
609 1396 767 1443 ltaliae,
791 1396 912 1435 etiam
951 1393 1118 1446 Angliae

144 1457 401 1497 Bibliothecis
424 1459 535 1498 MSta
550 1462 781 1498 servantur.
801 1457 899 1498 Vide
914 1456 1117 1497 Oudinum

146 1524 255 1558 tomo
277 1520 331 1559 ΙΙΙ
355 1532 445 1572 pag.
470 1521 547 1560 695
572 1531 656 1572 seq.
695 1524 736 1560 et
772 1520 906 1559 Jacobi
944 1519 1117 1559 Echardi

144 1581 431 1622 Bibliothecam
451 1584 689 1635 scriptorum
699 1583 990 1622 Dominicanor.
1001 1587 1029 1620 t.
1047 1583 1062 1621 Ι
1079 1594 1116 1634 p.

143 1644 213 1684 544
245 1646 315 1695 qui
339 1657 390 1685 ex
406 1646 579 1685 Rovetta
598 1647 720 1685 etiam
741 1643 864 1695 hujus
881 1644 1021 1684 Calotii
1037 1649 1118 1683 tra-

150 1710 304 1746 ctatum
322 1706 370 1746 de
385 1706 541 1747 Divinis
555 1706 758 1759 mysteriis
779 1706 820 1745 in
834 1706 966 1747 Coena
980 1716 1115 1754 sacra,

153 1768 282 1808 Vitam
305 1770 345 1809 S.
370 1769 570 1808 Dominici
588 1798 597 1815 ,
619 1773 661 1808 et
678 1770 890 1809 Sermones
909 1772 1116 1807 memorat.

200 1830 666 1871 CAMALDULENSIUM
708 1831 965 1869 historiarum
1001 1830 1119 1868 colle-

143 1895 229 1930 ctor
251 1890 502 1943 Auyustinus
523 1893 556 1930 F
557 1891 745 1931 ortunius
762 1892 1018 1931 Florentinus
1033 1892 1117 1930 lau-

143 1953 263 1993 datur
284 1966 308 1993 a
324 1955 346 1992 J
353 1955 430 1994 ulio
454 1955 571 2005 Nigro
595 1954 645 1993 de
669 1954 930 2005 scriptoribus
957 1954 1118 1993 Floren-

143 2017 240 2054 tinis
262 2027 348 2068 pag.
382 2017 418 2054 6.
449 2020 491 2055 et
528 2018 568 2056 in
597 2016 711 2056 Actis
741 2017 980 2055 Sanctorum
1009 2016 1115 2054 Junii

143 2083 238 2117 tom.
264 2079 280 2117 1
303 2091 340 2130 p.
364 2077 454 2118 374.
477 2078 578 2128 Ejus
602 2078 689 2117 libri
712 2082 795 2117 tres
824 2077 1012 2116 historiae
1042 2077 1116 2117 Ca-

143 2140 408 2181 maldulensis
430 2140 614 2193 prodiere
638 2141 860 2180 Florentiae
885 2140 1001 2180 4575.
1022 2151 1114 2191 pars

146 2204 345 2254 posterior
362 2203 543 2243 Venetiis
567 2201 716 2251 4579,AE
736 2202 876 2252 (Libris
895 2202 939 2252 V)
963 2201 1013 2241 de
1037 2213 1116 2252 qua

142 2266 327 2306 Labbeus
347 2266 386 2305 in
401 2265 647 2305 Bibliotheca
661 2265 1010 2305 Bibliothecarum.
1023 2264 1118 2304 Gui-

144 2327 258 2367 donis
279 2326 438 2367 Grandi
457 2327 763 2367 dissertationes
782 2327 1116 2366 Camaldulenses

144 2390 276 2429 editae
291 2392 422 2430 Lucae
437 2389 555 2435 4707,
577 2390 612 2428 4.
629 2388 678 2429 de
700 2390 847 2440 quibus
861 2389 961 2429 Acta
976 2389 1119 2428 Erudi-

145 2456 281 2492 torum
305 2451 378 2491 An.
404 2451 507 2492 4709
537 2463 627 2503 pag.
653 2452 714 2490 49.
739 2450 923 2491 Andreas
946 2453 1116 2502 Muynoz

144 2514 232 2552 sive
246 2512 473 2564 Muqnotius
494 2514 747 2552 Conchensis
768 2515 807 2552 in
827 2514 938 2553 libris
960 2514 1117 2554 duobus

145 2575 195 2614 dc
219 2576 353 2614 Eremi
383 2575 705 2615 Camaldulensis
726 2576 1018 2626 descriptione,
1043 2578 1118 2615 Ro-

146 2649 236 2676 mae
263 2636 387 2683 4570,
413 2638 434 2674 4
459 2641 500 2675 et
524 2639 561 2674 in
589 2638 700 2676 ltalia
724 2639 921 2677 illustrata
939 2639 1115 2678 Francof.

149 2700 254 2740 4605
279 2699 341 2737 fol.
360 2699 490 2737 Lucas
509 2699 815 2738 Barcinonensis
837 2701 874 2736 in
892 2700 1119 2738 Romualdi-

147 2762 304 2808 na‚sivc
321 2760 594 2799 chremitico
613 2762 759 2799 montis
774 2762 950 2800 Coronae
962 2761 1118 2800 Camal-

146 2823 328 2863 dulcnsis
350 2821 498 2860 Ordine
522 2821 686 2859 historia
703 2822 819 2870 4587,
836 2823 859 2859 8
875 2827 914 2860 et
930 2823 938 2871 ζ
955 2823 1113 2872 italice)

144 2886 286 2924 Venet.
309 2884 432 2929 4590,
453 2884 476 2921 8
497 2888 538 2921 et
557 2883 721 2921 Thomas
741 2883 787 2922 dc
804 2883 922 2923 illinis
943 2887 979 2923 in
999 2887 1115 2925 Cata-

145 2948 233 2998 logo
261 2947 499 2986 Sanctorum
533 2947 828 2996 Beatorumque
857 2950 898 2984 et
921 2946 1112 2997 dignitate

147 3020 193 3049 ac
212 3009 432 3047 virtutibus
455 3008 650 3046 clarorum
669 3007 760 3046 Ord.
780 3008 1111 3048 Camaldulensis.

148 3072 249 3111 Flor.
277 3072 399 3118 4606,
423 3071 458 3109 4.
485 3069 688 3109 videndus
716 3074 756 3108 et
776 3069 978 3109 Arnoldus
1005 3073 1115 3112 Wion

147 3135 187 3172 in
212 3134 318 3184 ligno
341 3134 447 3172 vitae
469 3132 566 3171 libro
588 3133 728 3182 primo,
745 3138 784 3171 et
803 3144 904 3183 quae
929 3144 1048 3184 supra
1075 3137 1111 3173 in

146 3196 357 3235 Ambrosio
377 3195 598 3235 Camaldul.
617 3207 653 3246 p.
676 3194 742 3243 78,
768 3196 818 3233 79
835 3200 875 3233 et
900 3195 996 3234 Acta
1016 3198 1114 3236 San-

145 3262 300 3298 ctorum
318 3257 342 3296 7
355 3257 464 3296 Febr.
475 3257 542 3296 ubi
557 3257 605 3295 de
617 3258 654 3296 S.
669 3256 886 3296 Romualdo
903 3257 1111 3297 fundatore

146 3320 448 3369 Ordinis7quom
464 3318 577 3368 ajunt
597 3318 701 3358 diem
727 3319 870 3357 obiisse
888 3319 962 3358 An.
990 3319 1102 3360 1027.

2088 192 2157 230 :5¹01

1254 273 1345 320 (61.
1369 266 1579 309 altitio-elli
1600 266 1685 315 (J0.
1710 264 1852 303 Benctl.
1877 265 1916 301 et
1935 260 2067 300 Ansat
2093 261 2165 300 Co-

1201 332 1360 372 stadoni
1372 329 1547 371 Annales
1570 325 1894 370 Camaldulenses
1917 323 2011 364 Ord.
2033 324 2072 364 S.
2094 323 2168 361 Be-

1202 394 1359 434 nedicti.
1389 392 1555 434 Venetiis
1581 391 1696 431 4755.
1718 390 1769 429 73
1794 390 1830 427 9.
1857 388 1933 426 vol.
1961 389 1997 425 in
2026 386 2112 432 fol.)

1253 459 1425 496 Joannes
1463 453 1735 496 CAMPANUS
1772 450 1819 490 de
1857 448 2053 496 Novaria,
2079 449 2165 486 sive

1197 520 1455 560 Novariensis
1485 515 1749 564 Lombardus‚
1784 517 1924 553 auctor
1953 509 2089 550 L'ibelli
2119 509 2167 548 dc

1200 581 1458 634 quadratura
1473 577 1631 627 circuli,
1648 578 1751 616 obvii
1770 578 1806 614 in
1828 573 2046 626 appendice
2063 584 2168 611 mar-

1198 647 1347 696 garitae
1371 641 1687 692 Philosophicae,
1707 650 1826 689 quem
1852 638 1984 676 virum
2017 635 2167 694 Mathe—

1196 718 1287 747 seos
1308 706 1447 758 peritia
1467 704 1730 753 conspicuum
1759 701 1939 751 plerique
1969 701 2166 750 scripsero

1195 771 1378 809 floruisse
1398 768 1503 805 circa
1527 766 1574 805 A.
1597 765 1713 803 4030.
1732 764 1766 812 a)
1791 761 1870 802 Sed
1895 764 2069 800 Lazarus
2086 761 2168 799 Au-

1195 832 1384 883 gustinus
1401 829 1515 869 Cotta
1532 829 1570 866 in
1586 828 1722 865 Museo
1737 825 1983 868 Novariensi,
2001 824 2165 876 vulgato

1194 893 1331 932 Italice
1354 890 1562 930 Mediolani
1588 887 1688 929 4701
1725 887 1789 926 fol.
1814 898 1902 938 pag.
1926 886 1978 925 78
2003 892 2168 927 conten-

1196 956 1254 994 dit
1273 955 1388 1005 longe
1405 953 1626 1004 juniorem,
1652 948 1990 999 referendumque.
2012 950 2060 988 ad
2085 951 2167 989 An-

1196 1017 1422 1058 num4250.
1441 1015 1547 1067 quod
1565 1015 1672 1054 enim
1690 1015 1729 1051 in
1740 1011 2166 1052 MS.CodiceBibliot11.

1195 1080 1485 1120 Thoruniensis
1509 1079 1545 1126 b>
1572 1076 1741 1116 traditur
1770 1086 1864 1115 eum
1888 1075 2167 1115 conclusiones

1195 1154 1292 1182 suas
1314 1142 1392 1181 796
1431 1143 1470 1180 in
1494 1139 1702 1180 Euclidem
1741 1138 1892 1177 finiisse
1915 1135 2032 1176 Anno
2063 1138 2165 1177 4354

1195 1206 1244 1245 de
1264 1206 1421 1245 librario
1444 1205 1578 1256 potius
1598 1213 1720 1253 quam
1744 1200 1794 1240 de
1817 1205 1980 1240 auctore
2014 1205 2078 1239 est
2107 1202 2166 1239 in-

1194 1267 1470 1319 telligendum.
1511 1263 1719 1304 Euclidem
1748 1276 1804 1303 ea:
1831 1260 2008 1302 Arabico
2044 1263 2165 1302 vertit

1193 1332 1366 1370 Joannes
1405 1329 1637 1381 Campanus
1675 1326 1787 1366 circa
1815 1325 1860 1365 A.
1901 1326 1944 1366 C.
1979 1325 2018 1365 si
2056 1324 2168 1365 Vola-

1195 1396 1360 1432 terrano
1401 1391 1500 1443 fides
1546 1395 1606 1430 est
1623 1422 1634 1440 ,
1675 1388 1941 1428 millesimum.
1983 1387 2166 1428 Arabum

1193 1458 1328 1494 autem
1348 1453 1715 1505 interpretationem
1749 1454 2012 1503 persecutus,
2051 1449 2166 1503 foede

1186 1528 1432 1569 perversum
1458 1514 1572 1555 nobis
1601 1513 1810 1553 Euclidem
1833 1512 2008 1565 reliquit,
2030 1512 2165 1563 judice

1192 1581 1336 1621 Huetio
1358 1591 1395 1630 p.
1421 1578 1502 1618 227
1522 1578 1571 1617 de
1600 1578 1718 1616 claris
1744 1575 2044 1626 interpretibus.
2075 1577 2167 1615 Pro—

1192 1642 1264 1681 diit
1280 1643 1471 1693 Campani
1488 1639 1676 1681 Euclides
1687 1640 1865 1678 Venetiis
1877 1639 1890 1678 4
1904 1637 1979 1677 472
1997 1639 2046 1678 fol
2071 1649 2165 1678 cum

1191 1705 1435 1757 praefatione
1459 1703 1629 1744 Erhardi
1648 1701 1850 1742 Ratholdi:
1876 1702 2166 1741 Conclusiones

1187 1778 1283 1806 vero
1306 1767 1499 1817 Campani
1523 1767 1645 1805 etiam
1675 1764 1967 1804 recentioribus
2000 1764 2166 1815 quibus-

1191 1825 1282 1867 dam
1308 1828 1486 1867 Euclidis
1511 1827 1766 1867 versionibus
1790 1826 1948 1865 additae
1973 1831 2089 1873 sunt,
2120 1831 2165 1865 ut

1189 1890 1481 1930 Bartholomaei
1502 1889 1721 1936 Zamberti‚
1741 1889 1904 1932 Veneti,
1918 1889 2041 1927 Paris.
2059 1889 2163 1927 4546

1190 1953 1309 1992 Basil.
1330 1952 1446 2001 4537,
1472 1951 1575 1991 4546
1600 1956 1641 1990 et
1667 1951 1772 1991 4558
1797 1950 1861 1989 fol.
1889 1951 2054 1990 Caetera
2075 1950 2165 2000 ejus

1192 2016 1341 2065 scripta
1362 2018 1458 2053 sunt
1476 2012 1767 2054 Calendarium
1781 2044 1792 2062 ,
1811 2012 1985 2052 Libellus
2005 2011 2052 2051 de
2065 2024 2166 2064 qua-

1189 2076 1365 2115 dratura
1388 2074 1537 2114 circuli
1555 2075 1701 2114 obvius
1719 2076 1757 2113 in
1774 2073 1994 2125 appendice
2014 2077 2165 2125 Marga-

1189 2140 1288 2178 ritae
1313 2137 1628 2188 Philosophicae‚
1648 2136 1832 2189 Sphaera
1852 2136 1954 2175 etde
1974 2136 2087 2176 modo
2102 2136 2164 2189 fa-

1192 2199 1379 2240 bricandi
1397 2200 1612 2252 sphaeram
1633 2198 1817 2247 solidam,
1840 2198 2051 2238 leeoricae
2072 2198 2163 2238 Pla—

1190 2267 1403 2309 netarum,
1444 2264 1502 2302 De
1540 2265 1722 2314 computo
1752 2260 2033 2302 Ecclesiastico
2053 2294 2064 2311 ,
2107 2262 2165 2301 De-

1191 2326 1468 2378 compositione
1503 2325 1747 2378 quadrantis
1786 2330 1827 2364 et
1863 2323 2166 2377 Breviloquium

1190 2389 1395 2429 duodecim
1413 2389 1618 2440 signorum
1642 2390 1675 2428 Z
1678 2387 1811 2427 odiaci
1825 2388 1863 2427 in
1887 2399 1967 2439 quo
1987 2388 2161 2439 peculia-

1190 2463 1275 2490 rem
1307 2452 1470 2491 modum
1513 2450 1691 2502 erigendi
1730 2451 1936 2489 Thematis
1973 2450 2160 2489 coelestis

1189 2525 1261 2565 per
1284 2513 1524 2552 divisionem
1562 2513 1767 2552 verticalis
1790 2513 1965 2564 primarii
2006 2513 2164 2562 excogi-

1191 2577 1310 2622 tavit,
1335 2587 1457 2625 quem
1482 2576 1661 2614 Gazulus
1689 2577 1900 2625 Raguseus
1923 2573 2161 2625 Astrologus

1191 2638 1258 2687 qui
1279 2636 1354 2682 An,
1382 2637 1483 2675 4438
1506 2637 1663 2684 floruit,
1688 2640 1751 2674 est-
1775 2640 1953 2674 secutus,

1239 2699 1410 2736 Joannes
1446 2698 1641 2735 Antonius
1666 2697 1937 2736 CAMPA-NUS
1962 2698 2011 2746 (a
2034 2698 2162 2747 patria

1190 2761 1365 2800 Cavollis
1382 2771 1481 2810 pago
1505 2760 1765 2810 Campaniae>
1786 2759 2003 2798 nohiliitata
2027 2770 2098 2809 per
2121 2761 2160 2798 in

1188 2824 1291 2873 genii
1326 2822 1553 2860 felicitatem
1580 2822 1805 2860 humilitate
1844 2822 2032 2871 originis,
2069 2822 2161 2871 Epi-

1188 2895 1333 2935 scopus
1350 2885 1425 2923 sub
1443 2886 1507 2923 Pio
1526 2886 1555 2924 11
1579 2889 1619 2923 et
1641 2885 1760 2924 Paulo
1785 2886 1816 2923 11
1842 2886 2159 2923 Interamnensis

1187 2949 1273 2985 sive
1297 2946 1540 2996 Aprutiuns‚
1558 2946 1702 2985 deinde
1723 2958 1793 2997 per
1819 2946 2041 2985 liberiorem
2066 2946 2160 2996 Epi·

1186 3009 1328 3047 stolam
1355 3018 1388 3057 c)
1413 3010 1451 3046 in
1469 3020 1632 3058 gravem
1656 3009 1756 3048 sixti
1775 3009 1823 3047 lV
1846 3007 2157 3057 indignationem

1187 3071 1378 3119 incurrit,
1404 3075 1767 3121 exauctoratusque
1792 3074 1831 3109 et
1855 3070 1947 3109 exul
1972 3069 2066 3107 obiit
2089 3070 2158 3109 Sc-

1242 3186 1276 3226 a)
1299 3187 1503 3219 'tritbemius
1528 3195 1603 3226 cap.
1627 3186 1688 3217 0324
1713 3188 1752 3218 «le
1775 3190 1804 3218 S.
1830 3189 1868 3218 F..

1240 3236 1276 3273 b)
1300 3238 1418 3266 Petrus
1442 3237 1636 3268 Jaeniehius
1656 3239 1689 3268 in
1707 3238 1830 3268 notitia
1845 3236 1930 3268 Bibi.
1946 3236 2160 3269 Thorunien-

1185 3287 1230 3317 sis
1254 3289 1326 3317 sen.
1355 3284 1436 3316 1725
1462 3288 1473 3308 4
1499 3293 1574 3324 pag.
1603 3287 1653 3318 20.

1241 3337 1274 3374 c)
1302 3335 1390 3367 iibri
1416 3337 1456 3366 ix
1478 3335 1626 3376 Epistola
1652 3336 1683 3367 4.
