2500 4009
403 290 605 341 professus
629 291 689 326 est
712 286 947 324 Franciscus
975 286 1166 326 Costerus
1192 288 1246 336 m)
1271 287 1363 327 vide

402 354 435 389 si
459 352 585 402 placet
608 350 716 386 Joan.
742 346 1018 385 Caramuelem
1042 352 1137 387 tom.
1157 349 1210 388 111
1236 348 1362 389 Theo-

402 414 522 463 logiae
547 410 704 448 moralis
730 407 1014 446 fundamental.
1038 420 1127 461 pag.
1152 410 1242 450 386.
1265 412 1361 450 Her-

401 483 588 512 mannum
614 470 872 519 Conringium
906 469 956 508 ad
985 482 1185 512 novenam
1210 475 1251 514 S.
1278 475 1360 514 An-

398 535 490 572 tonii
514 531 579 570 *de
617 530 747 569 Padua
784 542 871 582 pag.
896 532 946 571 29
979 544 1062 585 seq.
1106 536 1150 574 D.
1185 534 1356 588 Augusti

398 595 546 633 Pfeiferi
572 594 653 631 anti
676 592 928 632 Enthusiast.
951 606 1038 646 pag.
1065 597 1153 636 195.
1179 599 1220 637 B.
1243 600 1361 638 Joan-
1376 629 1386 633 -

396 667 485 693 nem
502 655 751 694 Winklerum
770 656 808 693 in
822 654 970 705 judicio
985 656 1034 697 dc
1050 660 1359 700 revelationibus

391 716 683 766 Asseburgicis,
707 715 813 755 edito
835 717 1071 758 Germanice
1108 732 1145 772 p.
1171 723 1220 761 80
1245 734 1358 774 seqq.

391 779 435 816 D.
459 780 614 817 Martini
639 778 844 817 Chladenii
867 778 1189 821 dissertationem
1210 783 1259 823 dc
1275 785 1358 824 Bri—

390 841 513 890 gittae
538 840 867 887 revelationibus,
889 841 1037 881 editam
1058 843 1203 884 Witeb.
1227 845 1355 895 1715,

393 903 428 940 4.
449 901 651 941 Oudinum
673 906 766 940 torn.
789 903 841 941 III
863 914 949 954 pag.
971 905 1071 943 1098
1091 916 1174 956 seq.
1191 912 1267 946 etc.
1285 910 1357 947 Te-

389 965 576 1002 stimonia
592 963 711 1013 hujus
727 964 900 1014 Sibyllae
914 965 1084 1005 Arctoae
1105 968 1145 1016 n)
1161 968 1358 1008 adversus

387 1025 538 1064 abusus
561 1027 731 1076 Papatus
753 1026 947 1076 collegere
980 1027 1134 1068 Flacius
1157 1033 1198 1068 et
1226 1031 1266 1068 in
1298 1032 1350 1070 le-

387 1087 584 1126 ctionibus
603 1088 816 1126 memorab.
833 1089 1008 1127 Joannes
1024 1089 1193 1129 Wolfius
1202 1092 1250 1130 ad
1265 1092 1347 1132 An-

387 1160 484 1187 num
524 1149 639 1189 1370.
661 1150 808 1188 Romae
831 1150 907 1189 An.
931 1151 1034 1190 1485
1064 1152 1207 1202 prodiit
1238 1154 1346 1194 Onus

387 1210 540 1259 Mundi,
562 1213 647 1251 sive
671 1211 880 1262 Prophetia
903 1211 953 1251 de
977 1213 1080 1252 malo
1110 1215 1242 1254 futuro
1272 1216 1348 1269 ipsi

385 1273 529 1312 Mundo
569 1276 888 1324 superventuro,
914 1275 953 1312 in
983 1286 1062 1324 qua
1095 1279 1351 1319 continentur

385 1335 649 1374 revelationes
672 1335 868 1385 quaedam
891 1347 912 1375 c
934 1341 1076 1386 quarto
1098 1340 1286 1391 Brigittae
1308 1342 1351 1380 li-

386 1396 473 1445 bro,
494 1407 587 1436 cum
624 1396 810 1436 Oratione
846 1399 885 1436 in
922 1398 1010 1448 ejus
1049 1401 1219 1440 laudem.
1251 1398 1347 1443 Vide

385 1459 504 1496 etiam
528 1459 690 1508 librum,
714 1461 778 1498 cui
801 1460 959 1499 titulus:
987 1461 1096 1501 Onus
1118 1462 1347 1515 Ecclesiae,

385 1521 512 1572 capite
535 1523 666 1559 tertio.
687 1521 731 1558 B.
757 1521 930 1571 Viryz'nis
947 1522 1126 1575 Officium
1145 1536 1165 1562 a
1183 1526 1349 1577 Brigitta

384 1583 646 1634 compositum
657 1587 750 1620 etex
768 1584 905 1621 Latino
921 1595 1085 1623 versum
1101 1585 1201 1624 vidit
1218 1588 1347 1627 lucem

385 1642 548 1692 Anglicc
582 1642 747 1681 Londiui
784 1649 877 1682 ante
915 1644 1078 1685 Annum
1104 1649 1220 1686 1500.
1249 1650 1346 1688 Vide

386 1705 541 1743 Henrici
563 1705 769 1743 Warthoni
789 1709 1010 1746 auctarium
1051 1708 1100 1746 ad
1140 1710 1345 1749 Usserium

384 1765 433 1803 (le
457 1767 672 1816 Scripturis
693 1769 896 1817 sacrisque
916 1770 1144 1808 vernaculis
1167 1782 1204 1821 p.
1228 1772 1315 1810 447.

438 1829 480 1866 In
506 1829 743 1867 Bibliotheca
768 1830 926 1868 Paulina
951 1832 1145 1881 Lipsiensi
1170 1837 1274 1871 teste
1300 1835 1340 1873 B.

382 1889 530 1927 Fellero
549 1901 634 1940 pag.
661 1890 722 1927 89.
743 1890 874 1928 MStac
890 1897 1105 1931 servantur
1121 1894 1346 1934 Communi-

382 1949 551 1988 cationes
573 1951 896 2000 HEJIMERICI,
921 1953 959 1992 S.
986 1955 1219 2007 Theologiae
1254 1960 1345 1997 Pro-

382 2011 559 2061 fessoriS,
585 2023 704 2063 super
728 2015 848 2053 certis
871 2017 1050 2054 articulis
1073 2029 1123 2056 ex
1145 2019 1241 2057 libro
1270 2022 1344 2059 Re—

382 2073 623 2112 velationum
649 2075 690 2113 S.
712 2076 901 2125 Brigittac
924 2080 1127 2116 extractis.
1150 2080 1343 2129 Ejusdem

384 2132 645 2172 &solutiones
669 2135 722 2173 IX
757 2135 1030 2175 Articulorum
1063 2139 1204 2178 iisdem
1242 2141 1347 2192 objc-

381 2200 555 2245 ctorum,
579 2201 619 2234 et
643 2197 814 2247 apologia
841 2199 913 2236 alia
939 2199 1138 2250 Anonymi
1169 2204 1345 2254 itemque

382 2268 467 2308 pag.
494 2258 543 2295 90
568 2258 642 2296 alia
670 2259 839 2308 PETRI,
865 2260 913 2298 de
938 2273 1016 2311 quo
1040 2273 1179 2313 supra,
1204 2269 1244 2303 ct
1274 2268 1341 2316 qui

381 2320 419 2356 in
445 2318 589 2358 Codice
623 2321 785 2359 Paulino
810 2326 977 2361 vocatus
1002 2325 1245 2365 Venerabilis
1274 2329 1341 2368 Vir

378 2381 515 2419 Frater
530 2381 735 2420 Generalis
751 2383 964 2422 Confessor
978 2386 1203 2427 Monasterii
1222 2391 1342 2430 Waz-

377 2444 619 2480 steunensis.
638 2443 764 2489 Quem
783 2449 916 2483 autem
934 2458 1019 2497 pag.
1039 2448 1115 2487 157
1127 2450 1339 2503 Catalogus

377 2509 570 2543 memorat
580 2502 727 2543 librum
747 2508 935 2558 Brigittae
956 2509 1012 2547 ad
1028 2512 1162 2562 Reqes,
1181 2515 1337 2554 nullum

373 2565 493 2604 alium
518 2577 608 2605 esse
631 2573 814 2619 constat,
839 2582 957 2620 quam
981 2572 1124 2612 librum
1149 2579 1336 2616 octavum

374 2628 690 2668 Revelationum.

426 2689 446 2710 ³*
464 2690 743 2730 Revelutiones
767 2693 853 2731 eius
877 2693 998 2734 latine
1023 2697 1198 2738 redditas
1215 2701 1337 2740 fuisse

371 2761 392 2788 a
411 2751 524 2788 Petro
547 2752 718 2801 quodam
741 2755 867 2804 priore
887 2755 1062 2796 Aibastri
1083 2765 1191 2800 recte
1207 2762 1342 2802 adino-

372 2816 438 2849 net
474 2812 534 2850 hic
575 2814 801 2865 Fabricius,
838 2829 1083 2870 quamquam
1115 2828 1343 2866 accuratius

372 2871 467 2911 haec
505 2875 859 2917 animadvertenda
897 2881 1053 2921 fuerant
1073 2896 1081 2933 3
1114 2896 1190 2924 non
1231 2890 1337 2927 enim

371 2935 567 2985 integrum
592 2938 892 2979 Revelationum
916 2954 1032 2995 opus,
1053 2946 1121 2985 sed
1148 2949 1235 2987 eius
1254 2962 1336 2989 ma-

370 2996 516 3034 ximam
542 3003 693 3048 partem
719 3002 855 3041 Latine
880 3004 928 3042 ab
949 3017 993 3044 eo
1019 3008 1161 3048 factam
1186 3014 1331 3051 asserit

370 3055 540 3096 hiarium
566 3061 836 3103 Vazstencnsc
860 3077 881 3104 a
902 3069 1085 3109 Bcnzclio
1105 3073 1327 3125 vulgatum,

423 3220 468 3256 m)
487 3223 650 3258 Chronico
667 3231 907 3271 Episcoporum
924 3237 1054 3268 sveriae
1071 3248 1142 3280 cap·
1161 3242 1192 3272 5.

426 3268 460 3304 n)
479 3271 523 3299 lta
541 3281 677 3307 xocaiur
695 3282 743 3309 Jo-
762 3282 895 3316 Mollem
910 3284 950 3315 ad
968 3287 1175 3324 Sellesi‘erum
1190 3293 1229 3326 de
1247 3296 1327 3327 Sve-

365 3322 479 3346 corum
496 3322 624 3359 scripti:
644 3334 717 3365 pag.
737 3330 809 3361 1:55.

1211 213 1584 258 BRIGlTTA

1438 295 1479 332 in
1501 304 1579 343 quo
1603 294 1707 334 Petri
1737 295 1856 336 huius
1878 297 2030 338 obitum
2053 309 2116 338 an.
2143 300 2244 340 1390
2268 300 2396 339 consi-

1434 360 1591 408 gnatur.
1992 364 1995 365 ’

1485 420 1617 460 Vitam
1635 420 1674 460 S.
1691 421 1812 461 huius
1835 422 1978 462 viduae
1997 425 2147 464 Latinis
2163 424 2288 465 literis
2301 425 2397 464 scri-

1431 486 1541 534 ptam
1565 482 1674 522 dedit
1696 484 1879 524 Nicolaus
1898 486 2151 526 Hermannus
2173 488 2396 539 Episcopus

1432 545 1690 596 Lincopensis
1726 546 1986 599 Paedaqoyus
2022 546 2114 587 olem
2147 548 2326 601 filiorum
2353 549 2394 589 S.

1432 605 1637 657 Biryittae.
1667 609 1771 646 llaec
1799 609 1905 646 vitae
1935 609 1976 648 S.
2000 610 2189 662 Birgittae
2231 611 2395 650 historia

1433 669 1592 720 incipit:
1610 671 1714 708 Rosa
1736 680 1883 708 rorans
1907 669 2129 710 bonitatem.
2150 673 2274 712 Docet
2295 672 2393 712 haec

1431 733 1562 770 omnia
1586 732 1762 770 Diarium
1786 731 1879 770 dict.
1904 732 1953 770 ad
1975 743 2038 770 an.
2065 733 2182 773 1391.
2206 735 2284 784 (45
2310 734 2395 774 Vita

1431 792 1475 830 (Ιί
1494 794 1534 832 S.
1559 792 1728 843 Briqida
1754 792 1798 831 dc·
1818 792 1965 832 Svezz‘a
1987 793 2129 832 scritta
2157 793 2228 833 dal
2248 796 2292 834 P.
2317 795 2398 835 Gu-

1428 853 1583 905 9I1'elmo
1604 853 1891 893 Burlamacchi
1915 854 2020 893 della
2049 855 2194 908 Conqr.
2215 855 2320 896 della
2341 857 2394 898 M.

1430 917 1474 955 di
1489 917 1534 955 D.
1560 916 1730 956 Firenze
1755 915 1881 967 4769,
1912 918 1977 966 4.)

1483 979 1798 1019 Translationem
1821 979 2093 1029 Reliquiarum
2121 980 2302 1031 ejusdem
2321 982 2397 1021 Ro-

1427 1055 1491 1082 ma
1506 1043 1553 1082 ad
1564 1042 1847 1082 Monasterium
1866 1041 2140 1081 Vazstenense
2155 1042 2281 1082 literis
2299 1054 2394 1082 con-

1422 1106 1596 1156 signavit
1622 1105 1797 1142 Joannes
1835 1104 1932 1141 Bcn.
1969 1103 2020 1153 (f.
2058 1103 2320 1155 Benedictus)
2351 1107 2391 1144 iu

1419 1166 1559 1205 eodem
1581 1165 1818 1205 Monasterio
1840 1168 1987 1203 asceta.
2012 1163 2110 1204 Vide
2129 1165 2307 1205 Diarium
2337 1166 2386 1205 ad

1423 1230 1508 1268 ani
1520 1229 1607 1267 440.
1618 1239 1696 1279 quo
1705 1237 1808 1266 anno
1825 1226 1994 1277 scriptor
2010 1227 2084 1266 iste
2097 1237 2198 1278 opus
2212 1227 2389 1278 perfecit.

1477 1291 1754 1330 Revelationes
1778 1288 1819 1328 S.
1838 1289 2049 1340 Brigittae,
2074 1300 2177 1340 quae
2201 1290 2239 1328 in
2263 1291 2394 1328 conci—

1424 1354 1473 1391 lio
1497 1353 1691 1392 Basilensi
1714 1350 1858 1390 validis
1886 1351 2199 1401 oppositionibus
2227 1351 2393 1403 impete-

1422 1415 1592 1464 bantur,
1616 1417 1780 1452 strenue
1804 1411 1981 1451 defendit
2005 1411 2120 1453 Card.
2163 1412 2212 1451 de
2244 1414 2388 1452 Turre-

1423 1480 1611 1523 cremata,
1627 1473 1745 1524 cujus
1768 1473 1968 1525 apologiae
1992 1484 2239 1524 quamquam
2263 1473 2389 1514 hucu-

1422 1550 1522 1589 sque
1555 1537 1701 1577 eruditi
1737 1547 1929 1575 excusam
1971 1539 2166 1586 putarunt
2188 1547 2269 1574 una
2297 1546 2389 1575 cum

1422 1601 1519 1651 ipsis
1539 1597 1863 1637 Revelationibus
1881 1598 2027 1635 Romae
2051 1601 2093 1636 et
2115 1597 2206 1635 alibi
2223 1597 2389 1648 impres-

1423 1663 1504 1710 sis·‚
1527 1661 1656 1711 reipsa
1680 1664 1814 1698 tamen
1836 1659 1994 1698 nonnisi
2017 1659 2124 1709 prior
2145 1669 2238 1709 pars
2260 1658 2390 1709 prodi-

1420 1724 1491 1770 vit,
1508 1722 1661 1771 reliqua
1684 1721 1863 1771 singulas
1886 1720 2163 1758 accusationes
2182 1730 2388 1767 enarrans,

1418 1787 1458 1821 et
1488 1783 1668 1821 refutans
1713 1783 1754 1820 in
1791 1781 1924 1822 Codic.
1962 1780 2239 1820 Bibliothecar.
2277 1782 2386 1821 MSS.

1414 1843 1558 1894 jacuit,
1575 1847 1616 1882 et
1642 1853 1750 1882 nunc
1770 1842 1934 1881 tandem
1963 1853 2053 1881 mea
2074 1843 2250 1893 primum
2273 1854 2393 1895 opera

1417 1905 1603 1956 evulgata
1626 1909 1689 1943 est
1708 1905 1746 1942 in
1768 1908 1864 1942 tom.
1881 1903 1933 1943 IV
1957 1904 2163 1954 Supplem.
2179 1905 2387 1946 Concilior.

1417 1979 1503 2018 pag.
1529 1968 1619 2007 910.
1658 1971 1734 2006 etc.
1759 1966 1816 2005 Ibi
1850 1977 1946 2005 vero
1982 1965 2167 2005 catholici
2199 1967 2385 2019 Theologi

1418 2031 1717 2078 nanciscentur,
1757 2040 1860 2079 quae
1897 2029 2054 2079 reponit
2082 2030 2386 2070 Turrecremata

1419 2091 1468 2130 ad
1492 2103 1538 2129 ea
1563 2091 1854 2129 revelationum
1883 2090 1993 2140 loca,
2030 2090 2097 2130 ubi
2133 2092 2300 2143 Birgitta
2334 2093 2383 2133 de

1419 2153 1528 2192 Rom.
1567 2152 1756 2191 Pontifice
1793 2151 1952 2203 abloqui
1993 2152 2082 2192 visa
2125 2157 2199 2193 est.
2247 2153 2382 2206 Atque

1420 2215 1515 2253 haec
1532 2214 1694 2252 demum
1713 2224 1888 2264 opponas
1907 2213 2148 2253 testimoniis
2168 2227 2219 2254 ex
2239 2216 2380 2256 iisdem

1417 2276 1728 2315 revelationibus
1744 2275 1945 2327 excerptis
1962 2286 1983 2314 a
1998 2275 2162 2315 Matthia
2178 2278 2318 2317 Flacco
2332 2280 2382 2318 Il-

1414 2339 1550 2389 lyrico,
1564 2339 1612 2378 de
1629 2350 1706 2390 quo
1726 2338 1790 2377 hic
1813 2337 2026 2377 Fabricius.
2036 2338 2135 2379 Vide
2149 2336 2235 2379 Art.
2252 2342 2379 2382 XVIII

1413 2407 1454 2441 et
1477 2403 1566 2441 XX.

1467 2463 1553 2503 Alia
1576 2465 1616 2503 S.
1639 2461 1876 2503 BRIGITTA
1900 2463 2044 2513 Scota,
2068 2465 2155 2504 sive
2182 2465 2353 2506 Hiberna
2368 2497 2380 2517 ‚

1414 2539 1533 2578 quam
1556 2525 1669 2576 ajunt
1689 2527 1894 2577 trigesimo
1909 2530 1999 2577 post
2015 2527 2054 2565 S.
2072 2527 2286 2567 Patricium
2300 2528 2381 2567 obi-

1415 2591 1493 2628 isse
1516 2588 1549 2627 A
1570 2589 1724 2629 CIIristi
1744 2589 1821 2627 523
1845 2589 1988 2628 aetatis
2003 2587 2066 2627 70.
2089 2589 2146 2628 De
2169 2589 2244 2628 hac
2262 2591 2381 2629 Baro-

1415 2652 1506 2690 nius
1529 2651 1576 2690 ad
1600 2651 1850 2701 Martyrolog.
1872 2651 2016 2690 Surius
2035 2655 2077 2690 et
2095 2649 2196 2691 Acta
2215 2652 2379 2692 Sancto-

1416 2725 1504 2751 rum
1530 2713 1716 2753 Calendis
1740 2713 1942 2752 Februarii
1966 2717 2062 2752 tom.
2084 2713 2203 2765 Ipag.
2221 2714 2271 2752 99
2293 2725 2377 2766 seq.

1416 2777 1482 2814 ubi
1501 2777 1584 2814 vita
1607 2775 1694 2826 ejus
1718 2775 1881 2827 duplex,
1903 2776 2086 2827 scriptaa
2102 2774 2260 2815 duobus
2273 2775 2380 2815 Ano—

1418 2839 1553 2888 nymis
1573 2850 1608 2888 p.
1636 2839 1711 2878 118
1732 2842 1772 2877 et
1793 2838 1870 2878 425
1888 2841 1929 2876 et
1952 2839 2069 2877 tertia
2083 2869 2095 2888 ,
2114 2849 2235 2889 quam
2264 2838 2381 2878 Cani-

1416 2903 1499 2940 sius
1522 2902 1700 2941 ediderat
1721 2905 1816 2939 tom.
1841 2901 1874 2940 V
1897 2901 2012 2939 Parte
2032 2900 2055 2940 2
2080 2911 2117 2951 p.
2143 2900 2230 2940 625.
2251 2901 2379 2949 (Tom.

1408 2964 1423 3002 I
1448 2963 1631 3002 editionis
1659 2974 1787 3001 novae
1824 2973 1911 3013 pag.
1938 2962 2038 3011 416)
2072 2973 2095 3000 a
2123 2961 2376 3003 COGITOSO

1406 3036 1492 3075 pag.
1516 3025 1604 3064 429.
1627 3035 1701 3062 nec
1724 3034 1803 3062 non
1828 3027 1971 3073 quarta
1995 3023 2117 3074 elegis
2137 3023 2323 3062 versibus
2351 3036 2375 3064 a

1405 3087 1642 3126 CIIILIENO
1665 3084 1854 3124 Monacho
1875 3095 1961 3135 pag.
1987 3085 2076 3130 141.
2107 3085 2243 3123 confer
2257 3085 2375 3125 Tille-

1402 3150 1599 3186 montium
1623 3152 1719 3184 tom.
1743 3146 1832 3184 XVI
1857 3146 2018 3185 Memor.
2038 3145 2191 3184 Eccles.
2223 3157 2263 3197 p.
2291 3145 2369 3187 793

1398 3213 1439 3248 ct
1463 3207 1659 3258 Brigidam
1689 3207 2031 3258 thavmaturgam,
2052 3207 2139 3245 sive
2172 3206 2365 3248 disserta—

1399 3274 1547 3310 tionem
1568 3270 1617 3309 de
1643 3271 1681 3309 S.
1713 3269 1869 3321 Brigida
1903 3268 2080 3308 habitam
2117 3269 2156 3307 in
2195 3269 2368 3322 Collegio

1384 3334 1648 3375 Hibernorum
1672 3333 1909 3381 Parisiensi,
1934 3331 2173 3382 editamque
2202 3333 2365 3375 Parisiis
