2500 3841
911 234 1313 275 ARNOLDUS

121 315 239 353 Sacra
283 315 388 349 tomo
417 310 432 348 1
467 309 533 348 ubi
567 308 615 347 de
653 308 860 347 Sabincnsi
893 309 1088 360 Episcopo

119 377 270 415 Joanne
294 372 344 412 de
366 372 404 412 S.
439 371 558 411 Paulo
581 382 668 423 pag.
708 371 775 411 494
808 371 924 421 (edit.
960 382 1086 410 novae

118 449 204 489 pag.
232 435 344 484 464.)

174 498 443 539 ARNOLDUS
477 497 699 536 Gcilhoven
719 495 765 535 de
786 495 1059 536 Roterodamis
1077 526 1085 545 ,

118 560 435 613 Augustinianus
456 559 496 597 in
518 559 629 598 Valle
659 557 803 608 viridi,
826 560 1084 598 Decretorum

119 625 262 662 Doctor
275 653 286 672 ,
303 622 398 661 obiit
411 621 526 660 Anno
545 622 648 661 4442
667 620 784 672 cujus
803 621 914 672 Opus
930 622 967 659 in
986 621 1086 660 duas

117 687 255 725 Partes
277 684 493 732 tributum,
509 685 574 723 cui
595 684 754 733 titulus,
771 675 897 728 γνῶθι
921 680 1086 722 σεαυτὸν

120 750 329 799 (corrupte
350 745 636 796 Gnotosolz'tos)
658 747 743 785 sive
759 746 971 797 Speculum
989 746 1088 786 Con-

117 809 328 859 scientiae,
352 810 482 848 lucem
503 809 603 848 vidit
632 809 830 848 Bruxellis
858 810 957 848 4476
984 808 1085 849 4479

119 873 182 911 fol.
221 871 340 912 Aliud
364 872 411 911 de
441 876 589 923 septem
625 870 768 911 Mundi
792 870 1015 919 AEtatibus,
1039 882 1087 908 ac

118 933 307 974 Romanis
334 933 609 986 Pontificibus,
630 934 793 985 Reynis,
819 933 946 983 bellis,
963 933 1087 984 deque

118 996 202 1036 vita
216 1009 264 1036 ac
279 995 457 1036 moribus
475 996 806 1047 Philosophorum
815 997 1086 1034 etP0etarum:

118 1061 223 1099 sicut
257 1061 379 1099 etiam
420 1058 632 1110 Speculum
674 1057 962 1106 collationum,
1000 1059 1086 1095 sive

120 1121 400 1175 Repertorium
431 1121 546 1160 Jurz's
563 1135 572 1159 .·
591 1119 889 1173 Confessionale
905 1118 1087 1172 foenera-

119 1189 265 1235 torum,
282 1183 628 1225 Moralisationum
645 1194 794 1222 currus
811 1181 1083 1233 triumphalis:

114 1247 161 1287 de
174 1247 360 1300 practica
383 1246 579 1287 electionis
595 1278 607 1295 ,
636 1246 682 1285 de
703 1244 839 1284 verbis
862 1245 1081 1293 DOMINI,

115 1309 156 1349 in
182 1309 372 1362 Reyulam
401 1311 440 1349 S.
470 1308 687 1360 Auquste'nz'
706 1313 781 1347 etc.
815 1308 963 1347 inedita
991 1319 1083 1347 esse

113 1374 309 1412 existimo.
325 1372 422 1412 Vide
439 1371 641 1412 Oudinum
658 1375 764 1409 tomo
781 1371 852 1419 III,
874 1381 960 1421 pag.
978 1370 1083 1410 2298

116 1447 200 1486 seq.

166 1496 437 1536 ARNOLDUS
454 1498 583 1546 Samo,
602 1508 722 1548 supra
737 1494 976 1546 Altahensis,
992 1496 1083 1535 vide

116 1559 303 1599 Vossium
326 1571 412 1611 pag.
434 1560 524 1598 363.

169 1620 437 1661 ARNOLDUS
458 1622 620 1661 Hessels
648 1620 886 1673 Tunfflensls
913 1622 1083 1662 Canoni-

116 1693 189 1723 cus
216 1682 558 1736 AugustinianuS,
583 1684 678 1722 obiit
709 1685 722 1724 4
736 1685 810 1722 466
840 1684 977 1722 relicto
1005 1688 1084 1723 tra-

115 1750 226 1786 ctatu
248 1746 297 1785 de
316 1747 490 1800 peccatis
514 1746 746 1785 mortalibus
766 1751 806 1785 et
829 1746 879 1784 de
902 1745 1085 1785 differen-

115 1809 170 1847 tia
193 1809 298 1853 inter
321 1812 530 1859 peccatum
556 1808 722 1847 mortale
746 1819 792 1847 ac
816 1808 984 1847 veniale.

167 1868 436 1909 ARNOLDUS
460 1869 641 1920 Luydius
664 1869 712 1908 de
740 1868 934 1920 Tunyre‘s,
959 1869 1082 1909 Theo-

117 1932 231 1983 logus
251 1933 518 1981 Coloniensis,
535 1934 700 1971 Joannis
719 1931 926 1971 Reuchlini
943 1932 1084 1971 adver-

115 1995 257 2045 sariuS,
266 1992 330 2044 cuj
338 2005 385 2033 us
395 1995 556 2045 speculo
566 1995 713 2033 oculari
731 1995 878 2044 scripta
887 1993 1082 2045 quaedam

113 2057 296 2107 opposuit
309 2056 416 2095 edita
430 2056 616 2095 Coloniae
625 2055 700 2095 An.
722 2057 788 2096 454
800 2057 823 2095 2
843 2057 876 2094 4.
894 2055 978 2095 Alia
994 2054 1083 2106 ejus

112 2118 204 2157 vide
218 2121 274 2157 sis
288 2118 392 2170 apud
407 2119 608 2158 Valerium
626 2118 827 2157 Andream
841 2130 926 2170 pag.
946 2119 996 2158 82
1013 2119 1082 2169 qui

111 2184 285 2220 testatur
307 2181 412 2220 diem
436 2181 580 2220 obiisse
605 2181 737 2220 Leodii
758 2180 833 2220 An.
860 2182 976 2221 4540.

162 2241 430 2284 ARNOLDUS
459 2243 720 2293 Vesalc'ettse's,
754 2255 876 2295 supra
910 2242 1080 2283 Haldre-

112 2317 215 2344 mus.

163 2367 432 2420 ARNOLDUS
465 2368 751 2409 Villanovanus
778 2369 980 2418 Medicus,
1012 2381 1080 2408 su-

111 2442 181 2481 pra
199 2460 206 2479 ,
227 2430 505 2471 ARNALDUS.

166 2490 432 2536 ARNOLDUS
450 2492 757 2544 Voyburyensis,
774 2505 910 2545 supra,
927 2494 1080 2532 Emme-

112 2565 358 2594 rammenszs.

165 2615 440 2656 ARNOLFUS.
467 2618 586 2663 vide,
610 2617 886 2659 ARNULFUS.

170 2678 280 2718 Vitus
303 2677 636 2720 ARNPECKIUS.
662 2680 780 2729 vide,
804 2681 965 2720 VlTUS.

169 2740 436 2781 ARNULFUS
458 2740 649 2780 Aretinus
671 2743 895 2781 Canonicus
918 2753 963 2780 ac
994 2744 1083 2782 Dia—

115 2814 240 2843 conus
273 2805 376 2843 circa
410 2802 571 2842 Annum
610 2804 762 2843 CHristi
794 2805 894 2851 4080
924 2807 1081 2856 scripsit

122 2866 248 2906 Vitam
267 2867 337 2906 SS.
363 2864 520 2905 Florida·
540 2868 578 2904 et
602 2864 780 2904 Amantii
794 2895 802 2914 ,
832 2878 952 2917 quam
981 2868 1082 2909 Can-

115 2928 203 2979 gius
227 2929 322 2980 legit
342 2929 382 2967 in
406 2928 548 2969 Codice
572 2927 810 2968 Naudacano
835 2928 897 2968 27.

167 2989 450 3041 ARNULFUS,
469 2991 555 3030 sive
570 2991 668 3029 ERN
678 2991 706 3029 U
710 2990 832 3029 LFUS
847 2989 1079 3030 Belluacen-

116 3051 174 3091 sis
206 3053 422 3093 Monachus
453 3054 492 3093 S.
524 3050 828 3104 symphoriani,
854 3052 943 3091 inde
972 3055 1079 3093 Prior

120 3108 422 3154 Cantuariensis
442 3145 450 3163 ,
475 3115 566 3154 hinc
586 3116 689 3153 Petri
711 3117 924 3165 Burgcnsis
947 3114 1078 3155 Abbas

122 3176 161 3214 in
199 3176 363 3228 Anglia,
388 3189 433 3216 ac
470 3178 642 3229 denique
671 3177 719 3217 ab
748 3176 863 3216 Anno
901 3179 1003 3217 4444
1031 3179 1079 3218 ad

121 3238 223 3278 4⁴24
253 3239 447 3278 Roffensis
475 3240 720 3291 Episcopus,
750 3240 902 3278 amicus
927 3240 965 3278 S.
996 3238 1080 3279 An-

121 3299 236 3337 selmi
259 3301 443 3341 Cantuar.
460 3301 558 3340 Vide
578 3302 785 3340 Warthoni
806 3300 987 3352 Angliam
1009 3303 1079 3341 Sa—

122 3371 229 3399 cram
251 3366 343 3402 tom.
363 3365 395 3413 l,
413 3377 497 3415 pag.
522 3365 596 3405 3029
617 3376 724 3415 seqq.
748 3363 812 3404 ubi
832 3362 1077 3404 Collectanea

2040 234 2115 273 133

1160 306 1281 358 hujus
1304 306 1457 346 Arnulfi
1483 306 1529 346 (le
1549 305 1670 346 rebus
1688 305 1888 345 Ecclesiae
1910 304 2120 357 Roffensis:

1163 374 1203 408 et
1221 371 1386 409 Joannis
1408 369 1558 409 Picardi
1583 374 1697 409 notas
1720 369 1768 408 ad
1788 368 1968 408 Anselmi
1989 369 2115 420 Epist..

1165 431 1252 470 447.
1279 432 1433 483 Scripta
1449 431 1537 482 ejus
1560 444 1582 471 a
1606 432 1722 471 Baleo
1738 433 1771 470 ΙΙ
1787 432 1835 470 70
1856 431 1953 470 haec
1969 442 2119 470 memo-

1164 498 1318 532 rantur:
1335 493 1552 534 Solutz'oues
1567 494 1621 533 ad
1634 493 1882 546 quaestiones
1900 492 2115 540 Lambertc',

1160 554 1325 594 Abbatis
1353 557 1581 595 Bertiniani.
1607 557 1663 595 De
1685 567 1849 607 corpore
1872 559 1910 594 et
1925 554 2117 607 sanquine

1104 619 1109 623 ⁴
1159 619 1363 658 DOMINI.
1373 619 1428 657 De
1437 622 1581 669 septem
1590 617 1722 658 verbis
1730 618 1926 659 DOMINI
1929 617 1969 656 in
1977 618 2117 658 Cruce.

1159 683 1216 720 De
1242 679 1435 733 Operibus
1459 692 1537 720 seae
1558 680 1725 719 dierum.
1747 680 1942 720 Homiliae
1965 684 2004 720 et
2023 682 2117 720 Ser-

1159 755 1303 782 mones.
1326 742 1403 782 Sed
1424 754 1472 781 ex
1495 743 1556 780 his
1580 743 1654 781 alia
1673 743 1720 781 ad
1736 742 1954 782 Arnoldum
1970 745 2119 782 Bonae-

1159 806 1379 845 vallensem
1399 834 1407 852 ,
1427 804 1502 842 alia
1523 804 1571 842 ad
1594 803 1806 843 Arnulsum
1830 806 2116 843 Lexoviensem

1161 865 1368 905 reserenda
1383 870 1478 905 sunt
1496 896 1504 914 ,
1520 867 1623 905 sicut
1638 867 1757 904 etiam
1774 866 1822 904 de
1837 867 1912 904 alio
1926 868 2118 918 accipien-

1161 929 1256 968 dum
1266 928 1444 973 Amulio,
1455 928 1560 979 quod
1575 930 1628 967 ait
1642 928 1748 967 hunc
1762 929 1987 967 Roffensem
2003 931 2118 968 Prae-

1161 994 1330 1032 latorum
1347 994 1443 1031 vitia
1457 991 1596 1030 acerbe
1616 993 1855 1029 insectatum
1872 990 2006 1029 fuisse.
2022 992 2118 1030 Vide

1161 1056 1278 1102 infra,
1295 1053 1604 1094 Haeresz'archa.
1625 1053 1779 1092 Arnulfi
1800 1051 1921 1103 hujus
1940 1052 2119 1104 Epistola

1159 1118 1214 1157 ad
1241 1116 1551 1167 Walchelae'num,
1574 1117 1815 1167 Episcopum
1844 1117 2116 1164 Wentanum,

1160 1181 1206 1220 de
1230 1181 1390 1220 incertis
1409 1179 1626 1232 conjchz'z's,
1651 1180 1690 1217 in
1714 1178 1895 1217 Dacherii
1919 1178 2118 1229 spicilegio

1159 1250 1253 1283 tom.
1272 1245 1305 1283 ΙΙ
1322 1275 1330 1294 ,
1348 1255 1434 1295 pag.
1460 1243 1535 1282 440
1558 1241 1765 1293 (editionis
1784 1252 1910 1279 novae
1932 1245 2026 1279 tom.
2048 1241 2117 1288 ΙΙΙ,

1156 1319 1244 1359 pag.
1270 1307 1357 1345 464.

1212 1368 1475 1408 ARNULFUS
1496 1367 1712 1407 Monachus
1732 1366 1779 1406 de
1794 1366 1948 1405 Boeriis
1961 1365 2120 1405 Ordinis

1160 1432 1324 1472 Cisterc.
1340 1432 1378 1469 in
1396 1432 1574 1469 Dioecesi
1591 1430 1844 1469 Laudunensi
1865 1429 2030 1468 Saeculo
2046 1429 2119 1467 XII

1160 1497 1334 1532 exeunte
1371 1494 1531 1544 scripsit
1564 1490 1775 1543 Speculum
1805 1490 2120 1538 Monachorum,

1159 1556 1265 1607 quod
1288 1560 1421 1595 exstat
1444 1555 1493 1594 ad
1513 1555 1662 1594 calcem
1683 1566 1847 1606 operum
1869 1555 1907 1593 S.
1932 1553 2121 1593 Bernardi

1158 1624 1252 1658 tom.
1279 1619 1312 1657 ΙΙ
1335 1619 1428 1657 edit.
1454 1619 1696 1656 novissimae
1712 1617 2031 1664 Mabillonianae,
2051 1618 2122 1655 Pa-

1157 1682 1224 1720 ris.
1252 1681 1353 1721 4749
1379 1681 1441 1720 fol.
1462 1692 1548 1732 pag.
1576 1681 1654 1720 846
1675 1691 1759 1730 seq.

1211 1743 1475 1784 ARNULFUS
1507 1743 1724 1782 Monachus
1759 1743 1799 1782 S.
1836 1741 2124 1781 Emmeramme?

1157 1819 1207 1846 ex
1232 1806 1453 1846 Comitibus
1477 1806 1525 1845 de
1555 1806 1681 1846 Cham
1704 1809 1745 1844 et
1773 1805 1995 1856 Vochburg.
2023 1804 2120 1844 Vide

1155 1881 1297 1920 supra,
1322 1868 1600 1908 ARNOLDUS.

1210 1931 1474 1971 ARNULFUS
1497 1928 1821 1973 Haeresae·archa‚
1843 1928 1892 1967 de
1915 1940 1994 1979 quo
2022 1930 2120 1967 Mar-

1157 1996 1266 2034 tinus
1284 1994 1453 2033 Polonus
1467 1994 1531 2032 lib.
1552 1994 1573 2031 4
1590 1993 1639 2032 de
1652 1990 2117 2038 RomanisPontificibus,

1156 2058 1223 2097 ubi
1243 2057 1292 2096 de
1310 2057 1487 2096 Paschali
1504 2057 1550 2095 ΙΙ.
1571 2057 1641 2095 Hic
1657 2059 1719 2093 est
1741 2053 1934 2093 Arnulfus
1949 2053 2118 2102 Presby-

1157 2124 1244 2170 ter,
1270 2121 1337 2170 qui
1357 2120 1626 2158 Praelatorum
1649 2119 1746 2156 vitia
1769 2117 1931 2155 liberius
1953 2117 2119 2165 castiga-

1155 2172 1214 2220 vit
1232 2213 1240 2228 ,
1257 2187 1377 2233 atque
1394 2182 1497 2222 Cleri
1513 2182 1677 2220 Romani
1691 2179 1844 2218 insidiis
1859 2178 2040 2217 sublatus
2056 2183 2118 2215 est

1154 2245 1229 2285 sub
1252 2246 1419 2285 Honorio
1442 2246 1489 2284 ΙΙ.

1205 2309 1226 2332 *
1255 2308 1459 2348 Articulus
1494 2309 1569 2346 iste
1606 2310 1782 2358 quantus
1817 2310 1898 2353 est,
1932 2304 2118 2355 indignus

1151 2376 1213 2411 est
1236 2383 1400 2423 prorsus
1425 2373 1492 2421 qui
1531 2370 1772 2408 scriberetur
1794 2380 1817 2407 a
1839 2369 1923 2406 viro
1947 2369 2022 2406 isto
2051 2367 2119 2405 do-

1151 2436 1342 2473 ctissimo.
1363 2433 1557 2473 Arnulfus
1578 2432 1640 2470 hic
1664 2432 1765 2470 alius
1780 2431 1897 2481 plane
1919 2441 1994 2467 non
2016 2435 2078 2467 est
2093 2441 2116 2468 a

1152 2497 1385 2546 Maginulfo,
1415 2497 1482 2545 qui
1499 2505 1605 2533 unus
1623 2494 1697 2531 fuit
1711 2504 1761 2531 ex
1778 2492 1906 2530 tribus
1923 2492 2120 2529 Romanae

1153 2558 1376 2597 Cathedrae
1405 2556 1601 2595 adversus
1622 2554 1851 2593 paschalem
1875 2554 1928 2602 II,
1948 2564 2115 2603 occupa-

1153 2620 1315 2659 toribus.
1341 2621 1458 2658 Porro
1487 2618 1535 2656 de
1564 2618 1653 2656 istis
1676 2621 1811 2656 narrat
1843 2621 1980 2655 auctor
2007 2618 2113 2654 vitae

1155 2682 1356 2722 Paschalis
1380 2682 1414 2719 ΙΙ
1433 2680 1660 2728 Albertum,
1681 2679 1965 2718 Theodoricum
1982 2683 2020 2716 et
2036 2680 2115 2718 Ma-

1154 2745 1351 2796 ginulsum
1370 2744 1561 2790 alterum,
1576 2746 1667 2793 post
1686 2741 1855 2779 alterum
1880 2741 1917 2778 in
1938 2741 2114 2779 Romana

1158 2806 1355 2847 Cathedra
1392 2809 1483 2856 post
1511 2805 1748 2843 Guibertum
1772 2803 2015 2841 successisse
2045 2803 2114 2841 Pa-

1155 2869 1277 2908 schali
1301 2869 1335 2906 II
1369 2867 1498 2907 adhuc
1521 2870 1728 2917 regnante:
1754 2877 1822 2904 eos
1845 2877 1941 2904 vero
1964 2876 2112 2916 poenas

1153 2935 1264 2971 tanto
1284 2930 1433 2969 scelere
1456 2929 1671 2979 condignas
1690 2930 1824 2968 luisse.
1841 2927 1953 2974 Quod
1975 2932 2110 2966 autem

1151 2998 1234 3032 trcs
1258 2993 1322 3031 isti
1343 2991 1461 3030 iidem
1484 2992 1643 3029 omnino
1667 2993 1763 3034 sint,
1780 2992 1846 3042 qui
1863 2990 1997 3029 verbis
2011 2991 2111 3029 Mar-

1151 3057 1222 3094 tini
1245 3055 1375 3094 Poloni
1410 3054 1493 3092 loco
1517 3054 1579 3092 hic
1602 3065 1623 3092 a
1648 3053 1821 3092 Fabricio
1846 3053 2013 3092 indicato
2041 3065 2111 3092 ex-

1150 3118 1396 3167 primuntur,
1412 3116 1527 3166 plane
1544 3120 1701 3154 constat
1716 3127 1765 3154 cx
1783 3116 1915 3154 verbis
1929 3115 2109 3155 eiusdem

1151 3179 1317 3218 Martini.
1344 3179 1407 3217 Sic
1431 3179 1537 3216 cnim
1569 3179 1631 3217 illc
1655 3178 1773 3216 habct
1811 3181 1948 3216 contra
1976 3177 2108 3230 ipsum

1153 3240 1374 3292 Pontificem
1397 3244 1601 3291 suryentes
1634 3240 1795 3292 que'dom
1820 3252 1874 3279 eoe
1896 3239 2000 3279 clero
2037 3242 2110 3280 Ro-

1150 3314 1265 3342 mano
1278 3306 1356 3341 tres
1373 3301 1665 3351 heresiarchas,
1680 3301 1861 3341 ‘videlicet
1887 3301 2104 3347 Albertmn,

1150 3363 1367 3417 Arnulfum
1385 3368 1422 3405 et
1438 3364 1712 3406 Theodericum
1733 3364 1902 3406 diversis
1926 3363 2107 3418 tempori-
