2500 3841
987 213 1340 254 BORBONE

161 295 222 330 tes.
256 288 311 326 De
331 284 595 326 mutabilitate
616 283 771 334 Mundi,
793 289 834 323 et
856 283 1125 324 Auctoritates

160 351 412 402 rationesque
431 348 635 388 ‹lesumtae
657 359 714 387 εει·
736 359 859 386 sacra
886 349 1099 400 Scriptura
1112 379 1124 398 ,

160 426 264 466 quae
286 412 473 452 videntur
510 410 746 463 impugnare
775 414 1010 450 contemtum
1033 415 1127 449 tem—

158 474 380 528 poralium,
397 477 435 513 et
445 473 656 513 solutiones
679 485 832 512 earum.
851 473 1126 513 Distinctiones

168 539 199 577 T
196 537 434 589 heoloyicae,
459 538 545 576 sive
563 534 827 588 Alpliabetum
855 536 901 575 cle
923 534 1128 575 vocabulis

160 597 521 653 praedicabilibus,
546 611 639 638 cum
659 599 941 638 concordantia
955 598 1130 638 auctori-

165 664 524 703 tatanoctorum.
539 661 729 700 Tbemata
745 662 1021 713 Dominicalia,
1042 664 1128 701 sive

167 728 377 766 Sermones
396 725 444 764 de
465 723 656 776 Epistolis
685 729 724 764 et
742 725 971 776 Evanyeliis
998 725 1132 764 Domi-

163 787 375 827 nicalibus.
403 787 502 828 Vide
525 787 727 827 Oudinum
748 793 842 827 tom.
863 789 916 827 111
941 801 1026 840 pag.
1051 789 1129 827 783

168 855 210 890 et
232 852 315 890 Jac.
339 850 569 890 Echardum
593 855 687 889 tom.
719 852 733 890 Ι
758 863 844 903 pag.
870 852 960 891 594.

214 912 441 966 Stephanus
464 912 511 952 de
534 913 767 953 BORBONE
787 945 795 964 ,
825 916 912 953 sive
948 915 996 954 de
1021 914 1128 953 Bella

163 976 274 1025 villa,
299 976 492 1015 dioecesis
516 976 809 1027 Lugdunensis,
834 977 993 1016 Ordinis
1014 979 1129 1016 Prae-

162 1037 404 1087 dicatorum,
443 1038 662 1078 defunctus
700 1038 816 1078 Anno
856 1041 950 1079 4264
990 1039 1127 1077 relicto

163 1112 280 1152 opere
294 1102 424 1152 spisso
438 1100 485 1140 cle
498 1105 644 1154 septem
659 1101 772 1140 donis
786 1101 963 1153 Spiritus
979 1100 1127 1151 Sancti,

163 1175 333 1213 quorum
371 1165 548 1215 quinque
578 1169 736 1203 tantum
778 1169 841 1204 est
877 1168 1128 1216 persecutus„

164 1227 308 1265 Exstat
322 1227 400 1265 MS.
417 1228 457 1264 in
481 1227 603 1265 variis
620 1227 888 1266 Bibliothecis.
903 1226 1001 1265 Vide
1016 1228 1129 1265 Jaco-

166 1288 260 1327 bum
284 1288 513 1328 Echardum
538 1293 566 1327 t.
582 1290 596 1327 Ι
614 1300 650 1339 p.
678 1289 753 1328 484
774 1300 858 1339 seq.
876 1293 916 1328 et
934 1291 947 1329 4
959 1290 1129 1339 865000.

170 1351 237 1390 ubi
251 1354 536 1402 argumentum
576 1352 706 1402 operis
722 1355 762 1390 et
785 1363 835 1390 ex
858 1363 903 1390 00
931 1357 1130 1402 excerpta.

166 1415 227 1453 Ex
256 1414 344 1465 ejus
381 1417 495 1454 Parte
533 1416 583 1454 IV
607 1416 667 1454 tit.
693 1414 717 1454 7
740 1426 824 1467 cap.
850 1417 886 1454 3.
925 1416 1056 1455 locum
1081 1416 1130 1454 de

167 1476 315 1528 origine
358 1477 638 1517 Waldensium
676 1477 864 1528 produxit
905 1482 996 1528 post
1032 1477 1130 1517 alios

166 1539 286 1577 etiam
311 1538 495 1578 Oudinus
518 1543 625 1578 tomo
646 1541 718 1588 ΙΙΙ,
743 1551 828 1591 pag.
851 1541 941 1580 239.

216 1598 457 1639 Heribertus
471 1599 518 1639 de
534 1602 752 1651 BOSHAN,
771 1604 855 1641 sive
872 1601 1129 1651 BOSAHAM,

162 1664 330 1715 Anglus,
350 1663 516 1703 Thomae
529 1665 808 1705 Cantuariensi
823 1665 1130 1717 Archiepiscopo

163 1727 212 1766 ab
227 1727 430 1779 Epistolis,
446 1725 562 1777 cujus
577 1728 653 1766 An.
667 1730 680 1767 4
694 1730 708 1767 4
721 1728 768 1767 70
786 1729 983 1768 interfecti
1004 1729 1130 1768 Vitam

163 1792 268 1829 circa
289 1789 452 1829 Annum
471 1791 573 1829 4484
595 1792 779 1842 scripsit,
800 1791 848 1830 de
865 1803 943 1842 qua
959 1792 1041 1841 Jam
1063 1804 1131 1831 su-

162 1864 233 1904 pra
256 1864 341 1904 pag.
367 1852 416 1891 33
441 1853 686 1890 mentionem
707 1865 772 1891 me
797 1854 925 1891 facere
950 1855 1129 1894 memini.

163 1916 308 1955 Confer
339 1914 543 1954 Oudinum
568 1919 674 1953 tomo
707 1915 884 1954 secundo
912 1926 998 1966 pag.
1024 1917 1127 1955 4546

165 1977 325 2029 5000111
342 1979 462 2016 etiam
477 1977 526 2015 de
543 1976 738 2015 lleriberti
756 1976 879 2027 hujus
889 1978 1034 2028 glossis
1049 1978 1130 2016 ine-

167 2042 260 2079 ditis
281 2039 323 2078 in
337 2039 536 2089 Psalmos,
562 2039 603 2077 in
625 2043 801 2091 quatuor
821 2040 857 2079 E
863 2039 1069 2092 vanyelia,
1092 2040 1132 2079 in

164 2101 287 2142 Pauli
310 2101 524 2155 Epistolas.

216 2165 348 2206 BOSO
362 2165 496 2205 Abbas
511 2167 724 2205 Beccensis
744 2166 838 2205 obiit
853 2166 928 2206 An.
950 2169 1052 2207 4436
1068 2179 1133 2206 30-

165 2231 259 2268 tatis
297 2228 360 2269 74.
400 2230 587 2279 Loquens
620 2229 825 2269 inducitur
857 2230 906 2268 ab
941 2230 1132 2269 Anselmo

165 2293 444 2332 Cantuariensi
466 2294 504 2330 in
529 2292 648 2331 libro:
664 2304 736 2332 cur
759 2294 893 2333 DEUS
907 2294 1025 2332 homo
1039 2293 1058 2332 ἴ)
1072 2293 1133 2332 Ad

164 2354 339 2394 eundem
362 2353 451 2405 ejus
473 2355 600 2405 Epist.
622 2356 674 2394 IlI
697 2356 748 2394 22
768 2355 835 2393 ubi
859 2356 994 2394 confer
1017 2360 1132 2394 notas

165 2429 254 2468 pag.
271 2418 348 2456 566
364 2428 448 2467 seq.
464 2416 607 2456 Eidem
626 2416 846 2455 Anselmus
867 2418 1069 2468 inscripsit
1090 2419 1134 2456 li-

167 2480 285 2518 brum
305 2479 355 2518 de
374 2483 538 2530 peccato
562 2478 746 2529 Originis.
763 2478 878 2518 Alius
898 2480 946 2518 ab
965 2479 1010 2518 A.
1031 2482 1071 2519 44
1083 2482 1132 2519 55

167 2542 216 2581 30
234 2543 328 2582 4484
352 2541 585 2590 CardinaliS,
600 2541 648 2580 de
669 2553 746 2592 quo
763 2543 920 2581 Pitseus
938 2554 1024 2593 pag.
1043 2543 1132 2582 827.

222 2604 572 2644 BOSOVlElN'SES
607 2604 784 2643 Annales
815 2605 1033 2654 Abbatiae,
1070 2606 1136 2643 Ci-

170 2669 281 2708 zensi
318 2668 480 2708 Civitati
511 2667 690 2716 vicinae,
716 2667 764 2706 ab
787 2666 903 2705 Anno
943 2667 1045 2706 4425
1085 2668 1134 2706 30

170 2731 274 2772 4498
297 2734 460 2770 exstant
487 2731 526 2767 in
558 2729 753 2768 ,Iohannis
781 2730 936 2781 Georgii
970 2730 1135 2768 Eccardi

170 2795 341 2844 Corpore
363 2793 602 2844 scriptorum
623 2791 743 2830 medii
766 2793 854 2830 aevi
875 2797 969 2830 tom.
991 2793 1026 2841 1,
1047 2804 1132 2844 pag.

171 2855 276 2898 4007
306 2855 355 2894 30
381 2855 496 2895 4024.

224 2917 449 2958 Matthaeus
480 2918 671 2957 BOSSUS
700 2918 967 2965 Veronensis,
992 2919 1136 2956 Procu—

172 2987 281 3022 rator
304 2982 510 3021 Generalis
533 2981 877 3032 Augustinianus⁷
902 2980 971 3017 Vir
994 2979 1135 3019 doctus

173 3051 213 3085 et
232 3046 411 3085 Politiani
428 3056 473 3084 30
489 3045 652 3084 ,1030015
668 3044 745 3082 Pici
764 3041 1021 3082 Mirandulani
1039 3044 1137 3080 ami-

173 3120 259 3158 cus,
274 3108 369 3146 obiit
382 3109 531 3148 Patavii
546 3106 662 3146 Anno
683 3108 696 3146 4
710 3106 786 3145 502
802 3105 943 3143 aetatis
961 3103 1022 3143 75.
1039 3103 1135 3142 Dia-

174 3169 305 3222 onum
327 3170 374 3210 de
397 3170 506 3210 veris
528 3183 576 3209 ae
608 3167 858 3209 salutaribus
881 3166 1008 3204 animi
1034 3178 1136 3217 ⁸qau-

174 3233 250 3273 diis
267 3264 274 3282 ‚
294 3235 482 3273 Politiano
498 3234 762 3272 vehementer
786 3230 989 3270 laudatum
1014 3229 1136 3268 edidit

178 3295 400 3335 Florentiae
422 3296 495 3335 An.
522 3296 633 3335 4494.
656 3294 795 3334 Eidem
819 3295 854 3331 in
876 3292 1046 3330 editione
1066 3290 1139 3330 Ar-

175 3363 369 3408 gentorat.
389 3359 488 3399 4509
501 3358 534 3397 4.
547 3357 773 3410 ¹iunguntur
791 3355 886 3397 libri
902 3354 1053 3397 Vlllcle
1072 3367 1136 3395 ve-

2084 208 2164 247 2723

1200 297 1247 323 ro
1265 283 1484 337 sapientiae
1499 281 1609 321 cultu
1624 295 1634 320 .·
1651 279 1809 332 Dialo9i
1825 278 1902 318 duo
1925 278 1972 318 dc
1997 277 2168 318 toleran-

1200 347 1261 386 dis
1277 346 1482 386 adversis:
1496 345 1610 385 Alius
1627 344 1674 384 de
1690 342 1861 396 yet-endo
1875 342 2117 394 Maqistratu
2132 346 2169 379 et

1199 409 1364 449 Iustitia
1399 407 1581 458 colenda,
1617 408 1793 457 itemque
1826 405 1874 444 de
1910 404 2167 444 immoderato

1199 472 1413 512 mulierum
1450 470 1584 520 cultu,
1609 481 1657 508 ne
1689 468 1886 522 foeminea
1924 471 2162 507 ornamenta

1200 534 1511 576 Bononiensibus
1546 532 1824 572 restituantur.
1866 530 2067 584 Epz'stolas
2103 542 2163 569 se-

1201 599 1353 638 cundas
1388 596 1613 651 familiares
1642 597 1850 647 collegisse
1885 606 1929 634 se
1959 594 2168 646 profitetur

1199 661 1282 712 jam
1301 660 1642 711 septuagenarius,
1654 658 1855 707 ediditque
1864 659 2048 696 Mantuae
2064 659 2078 696 4
2092 658 2167 695 498

1204 726 1268 764 sol.
1292 724 1456 764 Priores
1483 721 1684 774 Epistolae
1714 721 1953 760 CCCCLXV
1972 731 2063 758 cum
2095 730 2167 758 sex

1205 787 1464 826 Sermonibus
1483 785 1664 835 prodiere
1689 784 1763 822 sub
1783 784 1919 821 titulo:
1946 785 2169 834 Recupera-

1204 850 1352 889 tionum
1375 847 1718 894 Faesulanarum,
1746 847 1942 884 Bononiae
1968 844 2168 884 4483.Υο-

1204 914 1327 952 netiis
1345 913 1459 952 4492.
1477 912 1657 961 Denique
1678 910 1809 948 omnia
1829 907 2000 959 junctim
2027 918 2167 946 recusa

1202 975 1423 1014 Florentiae
1464 972 1566 1013 4627
1604 973 1667 1011 fol.
1705 971 1803 1011 Vide
1840 970 2055 1009 Mabillonii
2094 970 2173 1007 ltm-

1203 1039 1386 1077 Italicum
1419 1049 1507 1088 pag.
1542 1035 1618 1076 474
1645 1047 1728 1086 seq.
1754 1034 1875 1073 Baelii
1897 1033 2094 1081 Lexicon,
2129 1037 2168 1070 et

1203 1101 1406 1140 Oudinum
1427 1104 1536 1138 tomo
1561 1100 1678 1138 tertio
1703 1110 1791 1149 pag.
1815 1096 1931 1136 2748.

1257 1163 1368 1202 Idem
1405 1164 1557 1201 Bossus
1594 1166 1770 1200 testatur
1807 1171 1850 1198 se
1886 1159 2095 1210 scripsisse
2131 1157 2171 1195 in

1204 1226 1377 1278 quinque
1401 1224 1604 1265 Ciceronis
1625 1223 1852 1270 Orationes,
1874 1227 1994 1273 atque
2018 1220 2106 1272 ejus
2126 1220 2171 1258 li-

1205 1288 1297 1328 bros
1317 1288 1364 1327 de
1385 1289 1574 1327 Oratore:
1594 1290 1712 1327 Porro
1731 1286 1758 1325 A
1763 1285 1961 1338 poloqiam
1986 1283 2172 1323 Phalari-

1203 1351 1264 1390 clis
1284 1351 1496 1391 Benedicto
1532 1350 1678 1391 Calcho
1707 1350 1914 1401 opposuit:
1933 1346 2171 1399 Apocrypha

1203 1421 1338 1455 autem
1358 1416 1529 1454 narratio
1550 1425 1671 1464 quam
1692 1413 1914 1451 confutavit
1937 1409 2116 1449 scribens
2131 1409 2171 1446 in

1203 1479 1450 1528 Polycletum
1482 1478 1720 1527 Physicum‚
1748 1476 1812 1514 illa
1847 1476 1929 1526 ipsa
1950 1478 2012 1512 est
2050 1483 2171 1522 quam

1206 1543 1385 1581 servavit
1402 1541 1545 1580 Svidas
1570 1542 1609 1578 in
1633 1551 1731 1578 voce
1754 1541 1880 1586 Ιησξς,
1904 1542 1945 1576 et
1965 1547 2085 1587 quam
2102 1536 2173 1573 La-

1204 1606 1287 1643 tine
1304 1604 1405 1655 partl
1423 1607 1589 1654 quartae
1604 1602 1781 1653 Catalogi
1802 1601 1946 1651 gloriae
1960 1597 2095 1637 Mundi
2113 1598 2173 1635 in-

1205 1669 1330 1707 seruit
1350 1667 1676 1706 Bartholomaeus
1697 1665 1988 1705 Chassanaeus.
2011 1660 2120 1709 Vide,
2138 1659 2173 1696 si

1204 1731 1334 1782 placet
1351 1760 1358 1776 ‚
1376 1741 1478 1780 quae
1501 1729 1636 1767 notavi
1653 1729 1692 1766 10
1708 1726 1804 1766 Cod.
1820 1724 2058 1777 Apocrypho
2073 1722 2172 1760 Novi

1205 1794 1454 1833 Testamenti
1479 1796 1506 1830 t.
1531 1793 1565 1841 Ι,
1581 1804 1618 1842 p.
1637 1790 1706 1829 374
1735 1794 1775 1828 et
1796 1793 1824 1827 t.
1841 1789 1906 1838 ΙΙΙ,
1927 1800 1964 1839 p.
1986 1786 2062 1826 546
2087 1796 2170 1834 50(1.

1255 1855 1276 1878 *
1299 1854 1436 1894 Matth.
1456 1855 1607 1892 Bossus
1628 1853 1724 1891 Can.
1746 1851 1952 1901 Regularis
1971 1851 2009 1888 S.
2034 1848 2172 1887 Salva-

1203 1920 1301 1957 toris
1319 1918 1612 1956 Lateranensis.
1631 1917 1761 1966 Opera
1780 1913 2048 1962 eiusjunctim
2066 1910 2171 1948 edita

1202 1992 1285 2019 cur.
1310 1981 1413 2019 Julio
1443 1979 1679 2018 Ambrosino
1711 1976 1836 2016 eiusd.
1869 1976 2012 2025 Congr.
2046 1974 2173 2013 Cano-

1204 2044 1290 2081 nico
1313 2043 1546 2094 prodierunt
1576 2052 1653 2079 non
1678 2040 1916 2088 Florentiae,
1942 2036 2012 2076 sed
2048 2038 2174 2075 Bono-

1207 2107 1294 2144 niae
1318 2117 1380 2144 an.
1407 2104 1511 2144 4627
1536 2105 1598 2142 fol.
1634 2104 1837 2154 Scriptum
1861 2103 1948 2140 eius
1983 2099 2028 2138 cle
2058 2097 2176 2138 vanis

1207 2166 1422 2206 mulierum
1438 2165 1681 2205 ornamentis
1701 2166 1710 2215 (
1728 2166 1784 2203 sic
1801 2165 1906 2203 enim
1930 2162 2175 2209 inscribitur)

1200 2232 1328 2282 prima
1351 2235 1414 2269 est
1437 2242 1488 2269 ex
1505 2231 1587 2269 Vll.
1605 2228 1873 2276 OrationibuS,
1894 2237 1996 2277 (1030
2019 2227 2056 2263 10
2078 2224 2171 2262 edit.

1208 2294 1380 2333 indicata
1402 2294 1605 2345 leguntur.
1631 2293 1742 2338 Quae
1766 2302 1862 2330 vero
1886 2291 2013 2339 tangit
2043 2288 2176 2326 Fabri-

1206 2358 1292 2396 cius
1317 2357 1365 2395 de
1402 2355 1591 2408 Apologia
1615 2354 1834 2394 Phalaridis
1858 2352 2005 2391 Bened.
2031 2350 2176 2391 Calcho

1207 2421 1302 2459 Can.
1337 2420 1522 2470 Regulari
1564 2419 1768 2469 opposita,
1804 2416 1901 2455 nihil
1939 2419 2034 2453 sunt
2070 2412 2177 2451 aliud

1208 2494 1328 2532 quam
1352 2482 1532 2532 Epistola
1558 2482 1605 2519 40
1631 2480 1681 2520 30
1705 2480 1879 2519 0000001
1900 2476 2107 2516 Calchium
2135 2475 2174 2511 in

1207 2543 1271 2587 lib.
1296 2544 1579 2594 Epistolarum.
1605 2543 1714 2588 Quae
1740 2541 1876 2580 scribit
1896 2540 1944 2577 de
1969 2537 2176 2576 Fesulanis

1206 2605 1586 2655 Recuperationibus
1609 2604 1726 2643 editis
1751 2603 1948 2641 Bononiae
1979 2612 2041 2638 an.
2068 2599 2171 2638 4483

1207 2668 1276 2705 vix
1294 2678 1315 2705 a
1335 2678 1396 2705 me
1409 2667 1525 2704 tidem
1545 2667 1875 2716 impetrant,cu1n
1890 2663 2052 2713 legerim
2067 2661 2174 2700 hunc

1208 2729 1370 2767 titulum
1407 2730 1521 2779 epist.
1560 2729 1635 2767 433
1658 2728 1706 2766 30
1739 2728 1798 2765 Jo.
1837 2725 2026 2765 Medicem
2059 2724 2174 2763 datae

1208 2804 1271 2831 an.
1307 2792 1423 2831 4492.
1463 2792 1518 2829 De
1552 2789 1764 2828 Fesulanis
1796 2785 2174 2839 Recuperationibus

1211 2854 1325 2894 editis
1343 2854 1415 2906 ciq.
1433 2853 1642 2902 (Mediceo)
1662 2852 1826 2899 ‹licatis‚·
1841 2857 1880 2890 et
1897 2851 2058 2901 quidem
2075 2850 2173 2888 haec

1210 2920 1294 2969 ipsa
1330 2922 1393 2956 cst
1430 2916 1689 2955 dedicationis
1726 2915 1917 2966 epistola,
1942 2918 2060 2953 0101-
2085 2914 2172 2952 eius

1209 2981 1377 3020 lectione
1403 2979 1588 3029 intelligo.
1611 2980 1713 3030 Lege
1738 2980 1857 3017 etiam
1883 2978 1997 3028 epist.
2023 2976 2099 3015 435
2120 2975 2170 3014 30

1208 3046 1310 3083 Petr.
1337 3043 1541 3081 Barocium
1567 3042 1801 3080 patavinum
1840 3041 2078 3090 Episcopum
2103 3039 2171 3078 03-

1209 3111 1289 3144 tum
1315 3117 1377 3143 an.
1401 3105 1516 3144 4493.
1543 3105 1580 3143 10
1607 3116 1685 3155 (103
1702 3105 1904 3154 superiore
1924 3113 2027 3140 3000
2053 3102 2173 3140 colle-

1208 3178 1312 3217 gisse
1337 3178 1406 3216 se,
1430 3177 1476 3205 30
1499 3166 1670 3206 edidisse
1694 3166 1915 3206 Fesulanus
1949 3165 2170 3215 Recupera-

1209 3231 1336 3267 tiones
1359 3230 1581 3267 confirmat.

1263 3293 1420 3330 Praeter
1436 3292 1586 3341 priores
1601 3291 1810 3342 EpistolaS,
1822 3302 1923 3342 quae
1943 3292 1981 3329 in
1997 3290 2167 3329 editione

1209 3355 1445 3394 Bononiensi
1478 3365 1540 3394 an.
1567 3354 1669 3397 4627
1695 3355 1718 3395 f.
1743 3355 1790 3395 ad
1814 3355 1889 3396 435
1909 3356 2164 3408 pertingunt,
