2500 3841
895 222 1247 263 COLUMBA

134 294 341 342 Anonymi·
360 292 584 331 Clzrom'con
608 291 929 333 COLONIENSF.
950 325 958 344 ,
984 294 1032 332 de

73 358 207 395 sinens
232 357 270 393 in
299 355 373 394 An.
401 356 503 394 4496
528 366 606 393 11011
639 355 736 394 adeo
761 367 927 406 magnae
965 368 1034 395 au—

68 418 290 465 ctoritatis,
328 417 473 468 prodiit
511 416 586 456 An.
633 418 734 456 4499
761 418 851 457 vide
875 420 1031 457 Martini

69 480 205 518 Zeileri
228 481 445 519 Historicos
468 480 646 518 celebres
662 482 777 519 Parte
797 482 843 519 II.
860 492 947 531 pag.
967 482 1028 519 40.

119 541 358 581 COLUMBA
392 542 618 590 Hibernas,
650 543 864 593 Presbyter
888 546 928 581 et
951 542 1030 581 Ab-

65 604 137 642 bas
174 604 442 654 Conditorque
465 605 692 643 Monasterii
716 605 915 655 Dermagh
952 606 1030 655 pri-

68 678 179 706 mum
204 668 242 704 in
268 667 453 706 Hibernia
477 667 537 715 a),
560 666 703 705 deinde
733 667 900 705 aliorum
925 670 965 705 et
990 669 1028 704 in

66 731 166 768 Jova
190 730 320 768 insula
346 730 432 779 (Hu
458 730 543 767 sive
567 729 697 778 Hay)7
722 728 787 767 ubi
813 728 916 767 diem
935 729 1029 767 obiit

66 792 140 830 An.
179 790 255 830 597
280 792 423 831 aetatis
448 790 497 829 77
534 791 721 830 laudatus
745 791 874 830 Bedae
899 793 964 829 llI.
995 792 1030 829 4.

64 854 109 893 V.
135 855 197 893 48.
232 855 332 892 Hist.
357 854 473 904 Angl.
508 857 546 892 et
571 853 675 904 apud
700 853 861 892 Surium
889 854 925 891 5.
948 853 1029 891 Au-

62 919 186 968 gusti,
211 919 249 956 in
273 918 357 956 vita
375 918 413 956 S.
429 916 609 955 Oswaldi
630 917 768 966 Regis,
793 920 833 954 et
856 915 1025 953 Notkero

63 981 101 1018 in
125 980 375 1030 Martyrolog.
401 980 444 1018 V.
471 979 565 1017 Idus
588 980 720 1026 Junii,
759 982 799 1016 et
829 979 1024 1018 CUMME-

63 1043 166 1083 NEO
203 1048 324 1093 atque
353 1041 659 1089 ADAMNANO‚
698 1041 766 1090 qui
809 1041 1025 1079 Columbae

62 1108 187 1144 vitam
213 1107 435 1157 scripsere7
460 1104 508 1143 de
533 1104 678 1154 quibus
698 1115 770 1142 suo
791 1103 887 1141 1000.
911 1104 1027 1141 Prae-

62 1172 124 1207 ter
138 1167 330 1219 Reyulam
343 1169 384 1207 S.
403 1165 616 1207 Columbae
624 1164 886 1205 Monasticam
903 1166 911 1214 (
928 1176 1024 1215 qua-

61 1232 139 1270 lem
158 1233 353 1282 scripsere
373 1230 647 1270 Columbanus
663 1239 821 1278 quoque
841 1231 881 1265 et
904 1228 943 1264 in
960 1228 1023 1265 Hi-

62 1295 199 1333 bernia
222 1294 458 1333 Brendanus
474 1323 482 1341 ,
499 1291 715 1341 Congallus
731 1295 806 1328 etc.
826 1291 834 1339 )
861 1290 1024 1328 Warae-

61 1369 109 1396 us
133 1358 169 1406 b)
196 1360 391 1396 memorat
415 1354 502 1405 ejus
524 1353 710 1405 hymnum
734 1353 775 1391 in
799 1351 956 1391 laudem
980 1354 1020 1392 S.

59 1419 240 1458 Kiarani
272 1417 464 1465 Abbacis,
500 1421 540 1456 et
578 1417 675 1454 alios
713 1415 874 1467 hymnos
913 1419 1018 1464 tres,

58 1493 229 1531 quorum
252 1482 410 1531 primus
434 1480 594 1530 incipit:
619 1477 735 1516 Altus
761 1479 964 1516 Prosator.

111 1542 346 1582 COLUMBA
367 1542 468 1580 alter
491 1541 549 1590 c),
570 1542 656 1579 sive
680 1539 1020 1580 COLUMBANUS

55 1605 191 1644 itidem
227 1605 451 1653 Hibernus,
484 1603 702 1641 multorum
732 1602 920 1641 Conditor
942 1604 1021 1640 Mo-

57 1669 323 1707 nasteriorum
343 1696 351 1716 ⁷
374 1665 508 1704 Abbas
531 1666 571 1702 in
592 1665 718 1703 Gallia
738 1665 1020 1714 Luxoviensis‚

55 1734 95 1769 et
119 1730 291 1780 denique
317 1730 356 1766 in
380 1729 490 1767 Italia
510 1728 743 1775 Bobiensis,
765 1726 925 1765 Ordinis
949 1729 1020 1764 Be-

54 1792 245 1831 nedictini
270 1792 334 1840 d),
367 1791 472 1829 diem
510 1790 605 1828 obiit
642 1789 718 1827 An.
744 1790 833 1828 645.
858 1788 906 1826 de
944 1800 1021 1838 quo

54 1859 212 1905 praeter
237 1855 473 1904 scriptorem
497 1853 628 1899 Vitae,
652 1850 813 1890 JONAM
840 1852 1016 1899 Scotum,

54 1917 160 1967 apud
183 1917 346 1956 Surium
368 1916 431 1954 24.
458 1913 670 1953 Novembr.
695 1917 736 1951 et
758 1914 1015 1952 Vincentium

53 1980 245 2018 Barralim
271 1983 382 2030 parte
406 1980 443 2018 2.
468 1977 752 2025 Chronologiae
770 1977 1016 2014 Lerinensis:

54 2042 280 2081 Chronicon
305 2042 343 2080 S.
375 2041 540 2090 Benigni
569 2039 824 2078 Divionensis
855 2042 950 2075 tom.
977 2039 1015 2086 Ι,

52 2106 243 2155 spicilegii
275 2103 511 2143 Dacheriani
536 2112 621 2152 pag.
662 2099 765 2150 377,
803 2111 887 2150 seq.
924 2101 1017 2138 Ber-

52 2167 202 2206 nardus
225 2168 263 2204 in
288 2167 372 2204 vita
405 2166 442 2204 S.
467 2163 681 2204 Malachiae
717 2174 801 2213 cap.
840 2163 887 2210 6,
926 2174 1013 2213 pag.

51 2228 125 2268 670
151 2233 191 2268 et
219 2241 240 2268 e
262 2227 550 2268 recentioribus
577 2229 736 2277 praeter
764 2224 938 2263 editores
973 2229 1013 2262 et

49 2292 240 2330 Jacobum
263 2292 478 2330 Waraeum
504 2301 594 2341 pag.
620 2290 669 2328 48
684 2288 732 2327 de
748 2287 1010 2338 scriptoribus

50 2354 208 2392 Hibern.
231 2353 423 2392 Jacobum
446 2352 688 2402 Basnagium
712 2354 807 2388 tom.
834 2351 869 2400 I,
894 2350 1010 2389 Cani-

109 2486 143 2527 a)
170 2486 250 2518 Vide
276 2487 391 2518 Jacobi
413 2487 542 2516 waraei
569 2486 796 2524 Antiquitates
818 2483 1014 2514 Hibernicas

45 2546 122 2578 pag.
152 2535 223 2567 186.
253 2535 324 2566 195.
349 2534 419 2566 199.
443 2543 513 2574 seq.
535 2533 608 2565 214.

110 2586 145 2625 b)
168 2589 214 2617 De
236 2585 462 2624 scriptoribus
484 2584 665 2615 Hiberniae
688 2592 763 2623 pag.
792 2582 842 2615 15.
866 2583 953 2615 Cave
975 2583 1016 2614 ad

47 2640 180 2668 Annum
203 2635 278 2667 560.

111 2686 143 2724 c)
167 2687 203 2716 ln
225 2685 384 2725 Epistoiis
414 2684 455 2715 ad
487 2683 698 2715 Bonifacium
721 2685 761 2712 1v
784 2683 958 2722 aliosque,
986 2686 1019 2714 et

50 2739 225 2774 Anonymo
261 2734 441 2765 Mellicensi
469 2741 542 2773 cap.
566 2733 618 2764 25.
642 2733 742 2763 etiam
765 2733 820 2763 hic
847 2731 1015 2763 Columba

49 2786 190 2823 dicitur,
215 2788 252 2816 ut
274 2785 426 2815 vicissim
460 2784 573 2814 senior
595 2781 756 2812 Columba
781 2785 918 2813 vocatur
941 2781 1016 2812 aliis

50 2834 318 2867 Columbanum.
346 2835 510 2865 Nimirum
548 2833 635 2863 idem
665 2839 785 2862 nomen
813 2835 862 2861 est
885 2835 1018 2862 utrum-

47 2893 111 2924 que
126 2908 135 2923 ,
172 2888 209 2915 ut
242 2883 329 2914 Beda
343 2908 352 2921 ,
374 2884 525 2914 Bedanus
542 2895 548 2912 ;
577 2881 645 2911 Offa
662 2904 670 2918 ,
695 2880 830 2911 Offanus
847 2893 854 2911 :
882 2881 991 2920 Thega
1005 2903 1014 2917 ‚

49 2934 225 2974 Theganus
253 2938 318 2965 etc.
341 2934 421 2964 Vide
448 2933 625 2963 Daumium
644 2939 718 2969 pag.
736 2929 798 2959 257
816 2929 857 2960 ad
875 2930 1013 2961 Catonis

46 2984 209 3016 Disticha.

108 3034 420 3074 d)}Benedictinum
437 3034 516 3066 facit
535 3032 702 3064 iohannes
721 3029 924 3061 Trithemius
942 3037 1015 3069 cap.

52 3082 116 3115 225
138 3085 178 3117 de
203 3084 236 3116 S.
259 3087 296 3115 E.
322 3088 351 3115 et
377 3083 560 3116 illustrium
595 3082 842 3113 Benedictinor.
876 3079 933 3111 lib.
969 3082 987 3110 ι)
1006 3102 1015 3116 ,

48 3142 120 3175 cap.
144 3135 163 3165 5
186 3139 218 3167 et
241 3142 363 3175 magna
387 3135 603 3166 contentione
626 3132 865 3163 constantinii<
889 3130 1017 3169 Cajeta-

47 3190 110 3215 nus
136 3182 220 3215 libro
244 3184 335 3216 edito
361 3187 423 3216 An.
448 3183 527 3214 1617
550 3189 744 3222 quanquam
781 3179 869 3211 aliua}
901 3180 1011 3209 visum

49 3235 197 3266 Antonio
222 3233 374 3266 Gallonio
396 3235 432 3266 in
456 3232 541 3264 libro
567 3231 717 3269 inedito,
741 3229 780 3260 de
804 3237 870 3269 quo
893 3236 1013 3268 operae

50 3288 198 3327 pretium
220 3288 270 3318 est
293 3284 468 3316 consulere
495 3281 658 3322 Epis'oias
693 3279 829 3311 selectas
853 3278 1009 3311 Ricliardi

53 3337 221 3375 Simonis,
243 3339 325 3367 tom.
351 3336 406 3365 111.
430 3332 579 3373 Epistola
603 3333 665 3370 xi,
690 3338 765 3370 pag.
787 3329 839 3360 67.
864 3337 934 3368 seq.

1994 234 2066 272 371

1108 296 1154 332 sii
1181 307 1265 346 pag.
1291 296 1394 344 772,
1419 308 1501 348 seq.
1528 299 1798 339 Mabillonium
1828 301 1915 340 Sec.
1940 303 1978 341 2.
2002 305 2074 341 Be-

1107 357 1296 396 nedictin.
1314 359 1609 411 scriptoresque
1626 362 1675 400 de
1692 363 1851 402 Sanctis
1862 364 2071 403 Hiberniae

1107 419 1300 458 Thomam
1328 423 1628 473 Messinganum
1650 453 1658 472 ,
1683 425 1908 464 Johannem
1934 427 2074 477 Colga-

1106 493 1202 519 num
1228 486 1303 521 etc.
1326 483 1492 523 Carolus
1514 485 1549 523 le
1574 486 1715 525 Cointe
1740 491 1837 526 tom.
1853 489 1914 537 ΙΙ,
1938 488 2072 528 Anna-

1105 543 1202 582 lium
1227 546 1471 584 Francorum
1488 558 1575 597 pag.
1600 549 1667 595 98,
1686 560 1797 600 seqq.
1817 551 1972 602 Scripta
1997 553 2072 590 Co-

1106 606 1283 645 lumbani
1303 606 1475 656 junctim
1500 609 1604 647 edita
1631 612 1792 650 Lovanii
1821 613 1923 651 4667
1947 625 1969 652 a
1995 616 2071 652 Pa-

1103 668 1216 706 trz‘ce‘o
1232 667 1434 720 Fleminqo
1455 670 1487 718 a)
1502 700 1509 717 ,
1527 671 1687 709 Ordinis
1700 674 1894 713 Minorum
1910 707 1920 724 ,
1947 682 2068 727 atqu(¹

1105 730 1194 768 inde
1220 742 1361 769 recusa
1391 733 1427 769 in
1453 733 1697 773 Bibliotheca
1721 737 1884 776 Patruin
1912 740 2070 787 Lugdu-

1105 794 1220 831 nensi
1245 798 1340 832 tom.
1365 795 1467 843 XII,
1498 795 1573 833 sul)
1598 797 1681 833 init.
1707 796 1895 838 distincte
1920 786 2067 840 referre

1103 856 1245 906 placet.

1155 920 1190 956 4.
1214 918 1366 969 Regyula
1385 919 1630 970 Μοηαεῐὶοα,
1661 923 1790 972 capita
1813 925 1863 962 X.
1889 926 1924 974 b)
1960 931 2000 965 et
2022 929 2066 966 li<

1098 980 1169 1018 ber
1186 981 1479 1030 poenitentialis
1494 1014 1503 1031 ,
1523 983 1571 1021 de
1596 984 1838 1034 quotidianis
1861 990 2068 1037 poeniten-

1100 1043 1165 1080 tiis
1188 1044 1497 1093 Monachorum7
1522 1046 1650 1096 capita
1680 1048 1765 1085 XV.
1798 1059 1886 1099 pag.
1921 1050 1943 1087 3
1974 1055 2014 1088 et
2045 1054 2066 1087 6

1099 1108 1140 1142 et
1177 1105 1214 1142 in
1252 1107 1381 1145 Lucae
1414 1107 1608 1145 Holstenii
1638 1108 1780 1147 Codice
1821 1111 2064 1161 Regularum

1098 1171 1210 1217 parte
1234 1168 1269 1206 2.
1293 1180 1380 1219 pag.
1417 1170 1493 1215 88,
1519 1171 1581 1208 98.
1607 1172 1794 1210 Memoria
1818 1173 1957 1212 fefellit
1988 1176 2068 1214 cla-

1096 1231 1302 1269 rissimum
1326 1232 1531 1280 Caveum7
1556 1244 1648 1272 cum
1682 1234 1873 1285 Regulam
1900 1237 2062 1277 Colum-

1097 1292 1188 1330 bani
1214 1295 1374 1344 scripsit
1398 1294 1545 1333 editam
1580 1296 1703 1334 fuisse
1727 1308 1749 1335 a
1784 1297 1956 1337 Canisio.
1983 1301 2061 1338 Sed

1098 1366 1120 1393 a
1144 1355 1282 1393 Carolo
1309 1357 1509 1408 Stengelio
1549 1357 1652 1396 edita
1686 1362 1776 1410 est,
1808 1360 2064 1413 praefatione

1097 1418 1333 1456 Columbani
1357 1421 1528 1468 auctior,
1556 1421 1591 1458 in
1619 1421 1773 1460 Corona
1798 1422 1928 1462 lucida
1950 1425 2067 1463 Ordi-

1096 1482 1158 1518 nis
1181 1481 1452 1530 Benedictini,
1475 1482 1575 1533 Aug.
1602 1483 1756 1522 Vindel.
1795 1486 1898 1524 4622
1922 1516 1929 1533 ,
1956 1488 1992 1524 8.
2023 1501 2062 1538 p.

1095 1544 1186 1582 428.
1220 1543 1338 1594 Apud
1362 1544 1598 1583 Goldastum
1621 1557 1781 1595 quoque
1818 1552 1858 1585 et
1895 1550 2062 1587 Messin-

1095 1605 1287 1656 ghamum
1321 1606 1423 1645 liber
1460 1608 1758 1657 poenitentialis
1795 1609 2062 1650 desideratur.

1095 1669 1287 1718 Regulam
1305 1669 1539 1708 Columbani
1561 1670 1610 1707 ab
1629 1668 1832 1721 Agrestini
1850 1673 2063 1712 calumniis

1097 1730 1354 1769 defensitavit
1369 1731 1587 1770 Eustasius
1600 1731 1734 1771 Abbas
1746 1735 1782 1771 in
1795 1734 1957 1784 Synodo
1974 1737 2061 1774 Μα-

1097 1793 1329 1843 ῐίδσοηοηεί,
1356 1798 1400 1832 111
1421 1799 1555 1833 narrat
1571 1795 1728 1834 JONAS
1747 1797 1892 1836 Scotus
1918 1799 1956 1835 in
1981 1800 2062 1838 vita

1093 1857 1270 1894 Eustasii
1295 1857 1400 1907 apud
1423 1858 1583 1896 Surium
1607 1862 1646 1895 et
1671 1858 1971 1898 Henschenium
1996 1862 2061 1900 29.

1091 1919 1202 1956 Mart.
1221 1922 1260 1956 et
1282 1919 1538 1958 Sirmondum
1561 1924 1657 1958 tom.
1675 1921 1709 1969 l,
1734 1920 1884 1959 Concil.
1905 1922 2058 1961 Galliaev

1090 1991 1178 2031 pag.
1206 1980 1293 2019 477.
1316 1982 1523 2031 Synodum
1547 1984 1882 2022 Matisconensem
1907 1984 1955 2022 ad
1981 1984 2057 2023 An.

1093 2042 1170 2081 627
1190 2044 1253 2081 alii
1279 2044 1474 2093 referunt,
1492 2045 1740 2083 Mabillonius
1762 2046 1847 2084 See.
1871 2047 1906 2085 2.
1929 2048 2055 2085 Bene-

1089 2104 1224 2143 dictin.
1246 2117 1332 2156 pag.
1360 2107 1434 2145 449
1471 2107 1519 2145 ad
1557 2106 1720 2145 Annum
1745 2108 1834 2146 621.
1874 2109 2056 2147 Cointius

1089 2172 1116 2205 t.
1142 2169 1202 2216 ΙΙ,
1227 2168 1371 2207 Annal.
1397 2181 1434 2219 p.
1460 2168 1535 2208 730
1556 2198 1563 2216 ,
1589 2166 1672 2218 seq.
1697 2168 1746 2206 ad
1770 2168 1935 2207 Annum
1963 2171 2055 2208 623.

1141 2232 1178 2270 2.
1203 2232 1259 2269 De
1284 2230 1360 2269 fide
1396 2234 1436 2269 et
1470 2231 1609 2269 officiis
1637 2231 1852 2270 Christiani
1879 2231 2053 2269 hominis

1087 2293 1376 2332 Insa-actiones
1404 2293 1502 2332 XVI.
1541 2305 1628 2344 pag.
1670 2294 1708 2331 9.
1739 2294 1783 2331 In
1812 2294 1891 2332 MS.
1923 2293 2056 2332 addita

1085 2357 1205 2394 etiam
1229 2356 1385 2395 decima
1403 2357 1591 2406 septima7
1617 2355 1687 2394 sed
1706 2367 1808 2405 quae
1826 2359 1915 2405 post
1936 2356 2056 2395 libros

1083 2417 1183 2457 duos
1203 2417 1252 2456 de
1269 2419 1390 2456 libero
1408 2419 1569 2456 arbitrio
1591 2418 1666 2456 sub
1680 2418 1862 2456 FAUSTI
1884 2419 2052 2467 Regien-

1083 2481 1139 2518 sis
1164 2481 1323 2518 nomine
1348 2481 1494 2530 legitur
1509 2484 1605 2518 tom.
1629 2481 1769 2519 XVIII.
1785 2479 2053 2517 Bibliothecae

1083 2544 1246 2580 Patrum
1282 2542 1539 2592 Lugdunens.
1566 2554 1653 2592 pag.
1691 2541 1781 2580 545.
1820 2541 1968 2586 Quinta
1992 2546 2054 2578 est.

1085 2606 1204 2642 etiam
1230 2604 1334 2654 apud
1354 2604 1695 2653 Messinghamum
1713 2614 1799 2652 pag.
1827 2601 1903 2639 407
1920 2606 1960 2639 et
1979 2603 2054 2640 sub

1084 2667 1285 2718 Epistolae
1302 2666 1463 2703 nomine
1480 2665 1642 2714 vulgata
1658 2665 1707 2701 ab
1726 2665 1884 2702 Usserio
1903 2665 1940 2701 in
1958 2665 2053 2714 Epi-

1085 2730 1197 2767 stolis
1236 2728 1455 2767 Hibernicis
1478 2738 1566 2777 pag.
1590 2726 1627 2764 7.
1652 2726 1809 2764 Dublin.
1853 2726 1955 2764 4632
1976 2755 1983 2773 ,
2016 2727 2050 2763 li.

1084 2793 1204 2830 Paris.
1232 2791 1359 2838 4665,
1388 2791 1421 2827 4..

1138 2854 1172 2890 3.
1191 2853 1246 2890 Dc
1266 2851 1605 2890 Poenz'tentiarmn
1629 2862 1822 2889 mensu-ra
1841 2849 2023 2889 taoecmsla
2042 2882 2048 2889 .

1084 2917 1213 2965 capita
1238 2915 1355 2953 XLII.
1382 2925 1468 2964 pag.
1495 2914 1557 2951 21.

1138 2978 1171 3014 4.,
1198 2977 1253 3014 De
1278 2979 1358 3013 octo
1379 2975 1487 3014 viciis
1505 2974 1799 3026 principalibus
1822 2987 1907 3025 pag.
1935 2976 2000 3012 23.

1140 3074 1172 3112 a)
1197 3074 1276 3104 Vide
1298 3072 1520 3112 Waddiugum
1542 3071 1700 3103 Bibliotli.
1724 3070 1859 3102 Ordinis
1876 3071 2044 3101 Minorum

1080 3134 1156 3166 pag.
1178 3124 1255 3155 272.

1139 3174 1175 3214 b)
1199 3176 1286 3204 Haec
1309 3175 1410 3204 etiam
1434 3174 1468 3203 in
1494 3172 1640 3203 'rhomae
1662 3171 1894 3210 Messinglianii
1924 3169 2051 3202 1101110-

1078 3227 1132 3266 gio
1158 3227 1336 3256 Saniorum
1360 3223 1538 3253 Hiberniae
1562 3230 1636 3261 pag.
1665 3221 1738 3251 404.
1763 3220 1817 3251 sed
1844 3222 1876 3251 in
1902 3219 2049 3251 Goldasti

1080 3275 1285 3316 paraenetici
1311 3282 1387 3313 pag.
1417 3272 1499 3309 166,
1523 3281 1591 3311 seq.
1619 3271 1710 3302 deest
1739 3274 1839 3309 caput
1869 3269 2051 3309 ultimum,

1080 3328 1159 3359 licet
1181 3324 1305 3364 Regula
1335 3324 1379 3354 ibi
1403 3322 1510 3355 divisa
1534 3324 1576 3353 sit
1601 3323 1632 3352 iu
1659 3322 1768 3360 capita
1793 3321 1872 3350 xiv.
