2500 3841
932 208 1191 247 FELlNl

69 280 214 331 plures.
239 279 296 317 De
327 278 630 318 Commentarns
655 280 740 319 eius
765 281 805 318 in
828 283 862 320 5.
896 280 1019 321 libros

67 339 336 380 Decretalium
354 340 471 379 dictis
488 340 552 379 hic
567 353 588 380 a
600 342 773 382 Fabricio
791 343 1016 384 addendum

68 403 164 442 nihil
186 403 394 443 succurrit.
422 401 601 453 Epz'tome
620 404 665 443 de
689 406 817 456 Reyno
858 406 1017 447 Siclliae

68 465 136 505 diu
158 469 251 504 ante
273 464 440 516 prodiit,
461 476 581 515 quarn
601 478 623 505 a
647 467 815 506 Frehero
838 469 1021 520 vulgare-

66 533 157 577 tur,
177 527 259 578 ja'm
284 527 390 565 enim
431 527 522 566 inde
545 528 594 566 ab
631 540 735 568 anno
760 531 863 570 4495
888 532 1017 570 lucem

65 589 221 628 viderat
243 589 395 640 absque
428 589 695 641 adscriptione
731 592 829 642 loci,
854 600 1018 633 curante

67 651 281 691 editionem
320 651 423 690 hanc
456 653 645 692 Michaele
682 655 806 693 Ferno
840 656 1021 696 Mediola-

67 715 193 753 nensi.
218 714 261 752 In
288 714 365 753 fine
389 714 572 754 editionis
593 715 713 754 huius
731 717 875 768 legitur
898 718 1022 757 edito-

68 777 122 815 ris
145 775 194 815 ad
219 776 398 815 Felinum
425 778 590 828 epistola
614 781 847 818 excusantis
871 781 1021 820 factum

67 849 213 889 suum,
238 838 343 889 quod
365 840 449 890 ipso
488 841 612 879 inscio
647 854 747 893 opus
782 844 1016 895 vulgaverit.

66 900 226 940 Claudit
248 902 380 940 omnia
403 904 647 953 epigramma
667 907 782 944 Ferni
806 906 854 945 ad
879 907 1018 946 autho-

67 975 178 1012 rem,
202 963 308 1014 quod
342 964 406 1003 hic
444 966 725 1016 proferendum
747 967 905 1018 judico,
925 980 1016 1008 cum

65 1025 185 1064 editio
209 1025 275 1064 illa
304 1027 508 1066 rarissima
531 1029 582 1066 sit
604 1034 643 1067 et
667 1032 803 1080 paucis
824 1035 927 1070 nota.

120 1085 168 1117 Ad
187 1089 226 1118 D.
244 1095 353 1119 meum
370 1088 523 1120 Felinum
544 1090 683 1122 Michael
703 1093 804 1124 idem.

62 1138 220 1175 Quaeque
237 1135 334 1167 solon
350 1140 381 1168 et
400 1146 486 1177 quae
508 1139 627 1171 Caesar
644 1149 782 1173 sanxere
800 1145 898 1182 periti
914 1168 923 1181 ‚

121 1186 162 1215 Et
176 1192 263 1225 quae
279 1187 456 1219 Pontifices
471 1190 559 1228 jura,
576 1189 703 1229 Feline,
723 1195 814 1223 tenes

61 1238 154 1275 Quae
169 1237 292 1268 cecinit
309 1236 380 1268 Clio
397 1241 517 1276 totum,
532 1239 584 1271 vel
601 1244 692 1279 gesta
709 1249 766 1281 per
780 1243 894 1274 orbem

120 1287 163 1317 Et
177 1286 262 1326 quae
279 1287 441 1318 confinxit
458 1290 599 1329 quisque
617 1296 717 1330 poeta
733 1315 742 1331 ,
758 1296 852 1324 tenes

63 1338 123 1369 Dic
140 1344 214 1377 age,
231 1345 313 1369 num
329 1345 397 1370 una
413 1342 462 1369 est
478 1347 520 1370 an
536 1340 648 1379 plures
663 1344 678 1372 P
692 1343 725 1373 in
743 1350 880 1382 corpore
897 1351 982 1383 quae
999 1348 1030 1374 te

123 1389 161 1418 ln
179 1388 313 1419 cunctis
330 1385 440 1420 foveat
456 1389 593 1421 condita
615 1391 668 1423 d.·c
685 1393 826 1424 anima?

67 1439 155 1468 Unus
178 1436 278 1468 homo
295 1440 345 1469 est
359 1445 445 1477 quae
462 1441 556 1471 tanta
578 1440 642 1472 suit
658 1441 839 1473 concordia
857 1443 948 1475 Divis

121 1487 303 1520 Multorum
315 1488 421 1527 spires
439 1496 546 1520 unum
565 1494 601 1521 ut
620 1492 795 1530 ingenium
812 1493 828 1522 ἱ)

62 1537 128 1568 Cur
144 1544 205 1576 ego
221 1545 288 1568 non
303 1537 421 1577 video,
441 1543 592 1577 superest
608 1548 693 1579 quae
711 1541 780 1571 sola
799 1541 948 1574 laborum

122 1587 232 1618 Gloria
249 1586 408 1620 cardineo
429 1596 673 1621 connumerare
691 1590 806 1622 choro.

60 1637 108 1669 Ex
125 1645 210 1677 quae
227 1645 295 1679 non
310 1637 416 1669 deerit
439 1639 556 1670 virtuti
576 1638 714 1678 pulchra
733 1649 855 1672 corona

120 1688 262 1719 lrradiet
277 1689 379 1728 capiti
398 1689 544 1728 denique
562 1689 626 1721 fixa
644 1694 703 1720 tuo
717 1692 731 1720 Ρ

65 1737 160 1768 Certe
176 1738 240 1769 erit
252 1741 289 1769 ut
302 1737 399 1770 video
414 1752 423 1777 ;
441 1746 518 1769 nam
537 1743 615 1770 sunt
634 1741 666 1770 in
691 1739 839 1771 cuimine
852 1742 933 1772 coeii

121 1789 214 1826 Fata,
231 1795 293 1828 ego
306 1795 392 1828 quae
409 1791 500 1820 vates
519 1792 609 1820 certa
624 1788 739 1821 sutura
756 1799 852 1822 cane.

119 1838 164 1876 ln
188 1838 322 1877 codice
344 1839 609 1878 Bibliothecae
626 1840 748 1878 Felini
775 1846 886 1880 extat
916 1842 1022 1880 idem

67 1911 167 1951 opus
187 1901 268 1939 fere
291 1905 419 1939 totum
443 1912 566 1940 manu
595 1903 680 1952 ipsa
713 1903 892 1942 authoris
927 1906 1023 1943 scri-

67 1967 211 2014 ptum;
234 1963 504 2014 collatumque
542 1964 638 2003 illud
663 1976 685 2003 a
710 1977 772 2004 me
796 1978 889 2018 cum
918 1968 1023 2006 edito

68 2026 185 2064 Ferni
199 2027 298 2064 satis
313 2026 483 2065 fideliter
502 2038 741 2077 expressum
757 2028 1022 2082 deprehendi,

69 2088 102 2126 si
138 2088 415 2128 tantummodo
451 2090 627 2140 excipias
656 2102 766 2130 raras
802 2093 995 2141 quasdam
1015 2124 1024 2142 ,

69 2155 108 2189 et
128 2151 240 2202 parvi
276 2152 468 2190 momenti
492 2151 714 2191 additiones
747 2153 796 2192 ad
821 2165 929 2193 oram
962 2167 1022 2206 pa.

69 2213 194 2264 gellae
209 2212 553 2264 adscriptas,quae
574 2215 718 2266 negligi
738 2219 824 2254 tuto
844 2221 1026 2267 possunt.

120 2277 245 2315 Felini
268 2287 386 2327 opera
408 2276 557 2315 inedita
580 2276 678 2315 haec
703 2279 941 2328 perquirens
966 2291 1026 2317 re—

69 2340 152 2390 peri
175 2341 215 2377 in
238 2341 326 2378 eius
347 2339 603 2378 Bibliotheca.
625 2339 671 2377 ln
688 2339 832 2380 Codice
857 2341 935 2379 ⁶223
946 2342 1024 2381 MS.

69 2407 165 2441 sunt
187 2400 370 2441 diversae
380 2401 495 2453 juris
514 2401 658 2442 Civilis
682 2404 720 2440 et
734 2402 927 2441 Canonz'el
938 2415 1027 2442 con-

71 2463 265 2504 clusiones
279 2495 289 2513 ,
315 2467 354 2502 et
369 2462 545 2503 lecturae
561 2475 638 2516 per
667 2462 849 2502 Felinum
867 2463 1027 2514 publice

71 2526 313 2580 disputatae,
344 2530 382 2566 et
413 2526 621 2579 eaeposz'tae
658 2538 745 2564 eum
780 2527 955 2564 oratione
974 2525 1026 2564 ab

72 2589 154 2641 ipso
177 2587 313 2628 habita
331 2588 386 2628 ad
406 2588 623 2628 auditores.
650 2590 693 2627 In
710 2588 803 2628 Cod.
823 2589 912 2627 0224.
930 2593 1026 2626 sunt

70 2650 298 2690 Additiones
320 2650 451 2690 Felini
479 2651 535 2691 ad
572 2654 788 2690 tractatum
822 2649 1028 2688 Bartholo-

73 2713 180 2752 maei
191 2713 399 2752 Bellincini
410 2713 457 2753 de
472 2713 685 2753 Her-emitis
699 2743 706 2761 ,
723 2723 833 2751 coeco
844 2743 854 2759 ,
873 2716 910 2750 et
924 2713 1027 2750 Ban-

71 2775 178 2815 nitis.
200 2777 244 2815 In
269 2776 364 2816 Cod.
390 2777 480 2816 244.
517 2780 576 2815 est
598 2773 815 2816 Consilium
853 2773 1026 2812 eiusdem

74 2837 178 2890 quod
189 2838 367 2892 professi
382 2837 564 2890 rellyiosl
594 2849 670 2876 uon
702 2839 870 2887 possunt
894 2839 1026 2887 petere

75 2898 286 2951 leqz‘timam
305 2905 396 2941 aute
416 2905 580 2940 mortem
602 2897 840 2938 naturalem.
866 2899 906 2936 ln
929 2898 1024 2935 Cod.

75 2962 166 3001 232.
181 2968 276 3002 sunt
299 2963 578 3002 Adnotationes
607 2961 734 3001 Felini
754 2959 807 2998 ad
824 2960 897 2998 Jus
913 2959 1027 2998 civile

77 3026 115 3062 et
137 3023 379 3064 canonicum
402 3036 504 3077 quas
526 3029 694 3077 tempore
722 3021 912 3073 prooez'mo
931 3033 1027 3072 pue-

75 3084 194 3124 ritiae
216 3097 315 3125 suae
339 3089 549 3138 scripsisse
571 3098 614 3125 se
639 3085 781 3124 ibidem
805 3094 923 3121 manu
955 3093 1027 3121 sua

77 3147 295 3188 adnotavit.
308 3149 351 3188 In
370 3149 463 3189 Cod.
483 3150 571 3188 304.
589 3151 727 3186 extant
742 3145 939 3184 Lectiones
956 3145 1027 3181 Ju-

77 3209 138 3249 rz's
158 3211 350 3250 Canonici
363 3211 519 3251 habitae
534 3209 778 3250 veldictatae
800 3206 838 3244 in
856 3207 1026 3257 Gymna-

80 3271 137 3310 sio
174 3273 367 3313 Patavino
406 3275 474 3324 (sic
504 3274 600 3323 lego)
626 3284 651 3308 a
684 3269 817 3308 Felino
842 3267 992 3308 Sandeo
1014 3299 1023 3316 ,

81 3330 174 3371 dum
194 3332 251 3372 ibi
273 3334 417 3386 queret
438 3335 500 3374 vel
522 3332 707 3374 studeret.

1965 209 2039 248 561

1150 281 1212 319 Ex
1237 281 1323 319 aliis
1348 281 1528 319 eiusdem
1560 281 1822 320 Bibliothecae
1845 281 2045 321 codicibus

1093 343 1190 381 haec
1213 343 1260 382 ad
1288 344 1409 382 Felini
1427 344 1662 394 scriptiones
1680 348 1874 394 spectant.
1892 343 2041 384 Relatio

1091 403 1201 456 faeta
1222 404 1459 444 Aleaeandro
1485 406 1538 444 VI
1556 405 1650 444 dum
1673 405 1874 445 diceretur
1911 406 2044 447 Gallos

1094 479 1230 506 ventre
1255 468 1294 506 z'n
1318 468 1519 520 Apuliam.
1559 468 1620 508 Ad
1658 469 1764 508 illam
1803 470 1953 509 scilicet
1976 483 2044 522 pro

1094 540 1165 568 suo
1181 535 1222 568 ut
1237 531 1475 570 obtendebat
1487 530 1575 581 jure
1594 531 1884 571 vindicandam.
1896 533 2045 572 Suadet

1094 591 1270 631 Pontifici
1307 593 1494 642 Felinus,
1527 598 1571 632 ut
1609 605 1651 631 se
1685 593 1889 633 dominum
1925 595 2044 634 Feudi

1094 659 1307 704 agnoscat⁷
1333 667 1405 694 nec
1439 656 1561 694 alium
1594 658 1765 707 patiatur
1788 658 1980 696 arbitrum
2007 660 2043 696 in

1095 728 1140 755 ea
1165 717 1231 755 lite
1249 716 1475 766 judicanda.

1150 778 1330 830 Epistola
1373 780 1592 818 Innocentii
1617 781 1715 819 Vlll.
1747 793 1823 819 non
1849 783 2045 832 publicata

1095 842 1243 879 dictata
1268 852 1338 891 per
1357 841 1390 878 F
1393 840 1540 880 ele'num
1564 841 1765 881 Sandeum
1788 847 1954 895 propter
1977 856 2045 895 pe-

1095 903 1266 941 titeonem
1299 902 1467 943 Concita·
1498 903 1647 955 factam
1672 916 1697 942 a
1723 905 1985 954 Ferdinando,
2011 910 2048 945 et

1093 965 1187 1004 alla.
1213 965 1488 1006 Ferdinandus
1520 967 1743 1018 Aragonius
1781 970 1934 1008 Siciliae
1962 971 2043 1008 Rex

1094 1039 1260 1067 censum
1291 1029 1395 1068 feudi
1434 1030 1611 1068 Pontifici
1650 1030 1822 1081 pendere
1860 1037 2047 1070 retracta-

1095 1096 1220 1130 verat.
1244 1092 1430 1131 Offensus
1468 1094 1647 1132 Pontifex
1687 1098 1940 1144 recepturum
1973 1094 2045 1132 sibi

1097 1155 1274 1197 Siciliam
1295 1156 1504 1194 minitatus
1528 1160 1603 1194 est.
1621 1155 1894 1195 Ferdinandus
1914 1156 1961 1195 ad
1988 1157 2047 1195 fu-

1097 1222 1232 1256 turum
1255 1218 1474 1256 Concilium
1490 1249 1501 1265 ,
1522 1218 1627 1268 quod
1652 1219 1786 1257 statim
1814 1219 2039 1269 postulabat

1096 1282 1203 1331 cogi,
1231 1281 1470 1331 provocavit.
1496 1282 1574 1319 Hoc
1611 1281 1799 1331 epistolae
1836 1293 2047 1331 argumen-

1098 1347 1197 1382 tum.

1151 1404 1423 1443 Fundamenta
1439 1405 1554 1455 Regris
1578 1406 1611 1443 F
1613 1405 1824 1444 erdlnandz'
1845 1417 2045 1445 eoecusan-

1098 1467 1147 1505 tis
1170 1477 1210 1505 se
1234 1478 1323 1505 cum
1345 1468 1445 1517 Reye
1481 1468 1680 1506 Franciae
1700 1500 1709 1516 ,
1735 1480 1861 1519 quare
1892 1480 1966 1505 non
1991 1472 2042 1505 te-

1098 1532 1240 1567 neatur
1269 1528 1419 1568 solvere
1439 1541 1598 1568 censum
1622 1529 1848 1577 Ecclesiae;
1873 1538 1910 1569 et
1930 1529 2041 1582 refu-

1098 1591 1191 1629 tatio
1212 1590 1384 1629 eiusdem
1401 1590 1551 1643 scripti,
1570 1590 1701 1630 eodem
1717 1593 1749 1629 F
1751 1591 1849 1630 elino
1865 1592 2042 1630 authore.

1154 1652 1367 1704 Replc'catz'o
1390 1653 1443 1691 ad
1468 1653 1737 1705 responsiones
1760 1654 1874 1704 Reqe's
1910 1654 2048 1692 Ferdl-

1102 1714 1228 1753 nandi
1243 1715 1465 1754 recusantis
1488 1715 1639 1754 solvere
1678 1727 1835 1754 censum
1859 1719 1938 1754 octo
1962 1716 2049 1754 mil-

1102 1777 1197 1815 lium
1221 1777 1433 1815 unciarum
1456 1778 1553 1816 aurl
1566 1779 1698 1830 Papae
1719 1778 1866 1816 dictata
1887 1789 1957 1829 per
1981 1780 2051 1817 Fe-

1101 1840 1252 1888 linum,
1281 1844 1321 1878 et
1345 1841 1466 1879 missa
1495 1840 1543 1879 ad
1567 1842 1714 1891 Regem
1752 1842 1967 1888 Franciae‚
2007 1847 2046 1879 et

1098 1903 1245 1952 Regem
1270 1901 1580 1941 Ferdinandum.

1151 1962 1384 2015 Informatlo
1402 1963 1512 2016 faeta
1531 1965 1750 2003 Innocentio
1780 1965 1874 2004 VIII
1893 1968 2046 2002 mortuo

1097 2025 1264 2065 Matthia
1284 2028 1384 2077 Reye
1421 2028 1678 2077 Hunyarz'ae‚
1703 2032 1740 2067 et
1764 2026 2042 2067 Maximz'lz'ano

1098 2088 1323 2140 adspirantl
1343 2088 1397 2126 ad
1419 2088 1517 2127 illud
1534 2092 1848 2140 Reqnunz.Porr·o
1872 2091 2049 2128 Maximi-

1100 2152 1230 2189 lianus
1252 2162 1301 2189 ex
1325 2153 1450 2201 pactis
1479 2154 1687 2190 conventis
1716 2165 1778 2191 an.
1820 2153 1933 2192 ⁴463.
1974 2153 2048 2190 lm-

1100 2217 1322 2264 peratorem
1345 2215 1447 2252 inter
1461 2219 1500 2252 et
1519 2215 1722 2253 Matthiam
1744 2217 1889 2266 Regem
1915 2214 2046 2253 deberi

1101 2275 1174 2313 sibi
1197 2276 1378 2326 Regnum
1404 2276 1498 2315 illud
1523 2277 1811 2325 contendebat,
1835 2288 1927 2315 cum
1952 2278 2047 2315 Mat-

1103 2337 1205 2376 thias
1228 2349 1313 2376 Sine
1337 2338 1470 2377 liberis
1490 2339 2049 2378 decessisset.MonetFelinus

1102 2400 1332 2439 Pontificem
1368 2412 1441 2448 ne,
1466 2412 1586 2440 causa
1611 2403 1878 2452 incomperta,
1903 2400 2047 2450 aliquid
2086 2450 2088 2452 Υ

1102 2462 1302 2500 decernat.

1152 2523 1331 2574 Epistola
1359 2524 1575 2562 Innocentil
1596 2526 1727 2578 Papae
1755 2525 1849 2562 VIII
1864 2524 1919 2562 ad
1949 2525 2048 2562 Her-

1101 2585 1226 2624 culem
1249 2586 1552 2625 Ferrariensem
1573 2587 1716 2624 Ducem
1732 2618 1742 2634 ,
1769 2599 1887 2637 quem
1915 2592 2048 2624 monet

1103 2660 1151 2686 ne
1198 2650 1402 2699 angarizet
1441 2650 1624 2686 rusticos.
1674 2650 1781 2687 llanc
1831 2649 2046 2699 Epistolam

1101 2721 1343 2760 quamquam
1367 2710 1489 2748 Felini
1512 2721 1654 2748 nomen
1681 2722 1756 2747 non
1782 2710 1978 2760 praefert,
2003 2722 2048 2748 eo

1101 2771 1274 2810 dictante
1310 2777 1515 2822 exceptam
1544 2773 1664 2810 fuisse
1701 2772 1844 2820 cred0‚
1879 2783 1970 2810 cum
1997 2774 2048 2809 sit

1101 2836 1139 2872 in
1165 2834 1334 2883 Codice,
1360 2836 1395 2872 in
1418 2846 1496 2885 quo
1517 2835 1717 2873 Feliniana
1741 2836 1885 2885 scripta
1924 2836 2047 2873 eonti-

1101 2897 1407 2936 nentur.Deberi
1424 2899 1542 2935 etiam
1565 2897 1692 2935 eidem
1708 2898 1861 2935 authori
1883 2898 2049 2935 arbitror

1100 2960 1307 3009 epistolam
1347 2959 1463 2997 aliam
1494 2959 1705 2998 Alexandri
1732 2960 1778 2997 Vi
1818 2959 1864 2997 ad
1903 2961 2044 3008 Regem

1101 3022 1320 3069 ilungariae
1362 3026 1612 3060 recusantem
1653 3022 1828 3071 accipere
1873 3021 2046 3059 relictam

1102 3084 1217 3132 Regis
1246 3083 1429 3121 Matthiae
1459 3084 1507 3121 ab
1531 3094 1576 3120 eo
1600 3083 1891 3132 desponsatam.

1154 3143 1369 3183 Consilium
1389 3156 1464 3194 pro
1492 3143 1703 3183 Carcle'nali
1725 3145 1889 3183 Senensi
1917 3146 1954 3193 (F
1960 3157 2048 3184 ran-

1099 3207 1203 3244 cisao
1219 3206 1512 3253 l‘iecolomineo)
1532 3217 1577 3243 ne
1591 3205 1759 3257 populus
1780 3207 1962 3245 senensis
1979 3207 2047 3245 im-

1092 3269 1216 3318 ponat
1231 3264 1411 3304 collectas
1436 3265 1552 3307 clero.
1574 3267 1608 3304 id
1627 3267 1729 3317 quod
1758 3280 1799 3306 se
1819 3267 1908 3315 jure
1934 3281 2048 3320 posse

1101 3327 1362 3367 contendebat
1373 3329 1609 3368 authoritate
1620 3331 1807 3368 Pontiiieii
1821 3332 1956 3371 Brevis
1967 3331 2047 3383 jain

1670 3411 1708 3448 :l
