2500 4009
430 251 508 293 268

429 322 643 374 praemissa
667 313 876 366 Gregoriali
909 313 943 350 in
971 322 1071 349 nova
1095 309 1265 348 editione
1290 319 1380 358 ope—

429 396 517 423 rum
547 380 718 427 Gregorii
755 378 801 415 M.
841 375 997 414 Parisiis
1040 372 1143 412 4705
1180 372 1244 410 fol.
1274 376 1381 410 tomo

429 450 566 496 quarto
586 445 694 481 Parte
717 441 738 477 3
763 442 882 487 atque
905 435 1019 474 obvia
1036 436 1154 473 ctiam
1176 434 1280 486 apud
1301 435 1382 473 Ou-

427 507 563 545 dinum
587 509 679 541 toni.
706 502 719 539 l
743 513 777 551 p.
804 501 818 538 4
830 499 906 537 566
930 497 1030 536 addc
1054 502 1149 535 tom.
1169 498 1201 535 ΙΙ
1227 508 1266 546 p.
1290 498 1380 536 958.

431 569 534 606 idem
560 567 725 604 sortasse
759 565 890 601 Bruno
930 559 1170 608 Monachus,
1212 558 1261 597 de
1303 570 1382 609 quo

430 642 514 680 pag.
543 628 631 666 7925.

480 690 646 729 BRI‘NO
657 686 1041 737 Cassinens1's,supra
1049 685 1183 724 Brano
1193 683 1381 724 Astensz's.

480 752 656 801 BRUNO,
673 751 829 790 ilenrici
845 749 1023 798 Aucupis
1039 748 1143 786 lilius
1162 753 1202 786 ot.
1216 748 1384 786 Othonis

428 816 552 866 Magni
584 814 835 865 Imperatoris
874 812 1017 858 frater,
1051 809 1306 854 coloniensis,
1338 810 1386 849 ab

429 878 544 917 Anno
567 877 713 916 Christi
734 876 810 913 953
845 874 893 912 ad
941 874 1018 912 965
1041 872 1385 924 Archicpiscopus.

429 942 528 980 Huic
546 936 845 979 commentarios
863 936 899 974 ιή
915 934 1222 974 Pentateuchum
1238 936 1300 974 alii
1318 936 1368 973 tri

429 1004 575 1049 buunt,
600 1002 737 1053 quales
767 1000 963 1038 habentur
991 998 1085 1037 editi
1120 998 1194 1037 sub
1228 999 1386 1036 nomine

431 1066 626 1105 Brunonis*
645 1062 952 1113 llcrbipolensis,
971 1066 1011 1099 et.
1034 1061 1082 1099 de
1099 1072 1177 1111 quo
1193 1059 1275 1110 jam
1293 1061 1386 1109 dixi,

431 1128 626 1166 Astcnsis.
649 1126 786 1164 Sixtus
822 1135 915 1162 vero
941 1124 1133 1162 Senensis
1162 1123 1225 1161 lib.
1253 1124 1287 1161 4.
1318 1124 1390 1162 Bi—

432 1190 565 1229 bliot-h.
594 1190 631 1228 S.
662 1200 749 1239 pag.
774 1188 849 1226 270
892 1191 1064 1225 testatur
1088 1187 1126 1223 in
1150 1186 1390 1226 Bibliotheca

432 1253 668 1291 Bononiensi
684 1250 1001 1289 l'raedicatorum
1023 1254 1159 1287 extare
1175 1249 1253 1287 MS.
1273 1248 1391 1299 hujus

433 1315 629 1353 Brunonis
655 1311 989 1352 Commentarium
1013 1311 1053 1349 in
1069 1314 1243 1363 quatuor
1264 1311 1300 1349 E
1305 1323 1392 1350 een-

429 1376 534 1427 9elia
550 1408 558 1423 ,
589 1388 666 1426 quo
699 1379 870 1413 testatur
892 1385 934 1412 sc
960 1374 1022 1412 illa
1048 1379 1138 1425 post
1180 1376 1392 1413 Pentateu-

431 1440 552 1478 chum
582 1439 746 1489 Moysis,
768 1441 812 1476 ut
836 1447 938 1475 nova
962 1436 1166 1475 veteribus
1185 1436 1390 1487 jungeret,

435 1502 668 1540 illustrasse.

489 1564 602 1602 Alius
625 1563 793 1602 BRUNO
817 1562 862 1601 cle
889 1561 1061 1610 Colonia,
1085 1562 1201 1612 cujus
1223 1561 1393 1612 Lapida-

436 1626 524 1665 rius
539 1625 759 1664 exAlberto
775 1628 912 1675 Magno
929 1624 976 1663 dc
988 1625 1243 1663 mineralibus
1259 1637 1395 1663 excer-

439 1694 531 1740 ptus
559 1693 687 1727 exstat
715 1689 790 1727 MS.
818 1689 854 1726 in
879 1687 1119 1726 Bibliotheca
1144 1688 1305 1726 Paulina
1335 1689 1395 1725 Li-

437 1752 603 1802 psiensi,
628 1755 730 1788 teste
750 1752 790 1789 B.
815 1749 1016 1788 Joachimo
1035 1749 1181 1787 Fcllero
1196 1760 1281 1800 pag.
1304 1750 1395 1789 294.

440 1814 614 1863 Catalogi
637 1814 713 1852 MS.

491 1874 687 1915 Eusebius
702 1874 881 1923 BRUNO,
899 1874 947 1912 ab
961 1872 1036 1912 An.
1057 1874 1159 1914 4047
1177 1873 1225 1912 ad
1244 1875 1358 1913 4081.
1376 1874 1396 1897 *⁵

437 1941 656 1990 Episcopus
689 1937 1009 1988 Andegavensis,
1034 1937 1150 1989 cujus
1179 1937 1398 1990 Epzstolam

439 2000 493 2039 ad
514 1999 821 2051 Berenqarium,
838 1998 960 2037 edidit
976 1998 1166 2038 Claudius
1186 1999 1399 2038 Menardus

440 2065 543 2101 notis
565 2063 613 2101 ad
629 2062 841 2112 Augustini
863 2061 981 2099 libros
997 2060 1096 2099 duos
1112 2062 1241 2111 operis
1259 2062 1400 2111 impor-

442 2126 531 2163 i’ecti
557 2124 604 2162 ad
628 2125 829 2162 Julianum
853 2133 939 2173 pag.
963 2123 1050 2159 499.
1086 2124 1319 2172 Bercngario
1345 2124 1399 2161 fa-

441 2189 550 2225 visse
602 2189 773 2235 arguunt
818 2183 1061 2222 Deodwinus
1106 2188 1145 2221 et
1185 2184 1397 2223 Durandus

444 2249 714 2287 Troarnensis.
756 2246 866 2284 Adde
889 2245 1091 2283 Benedicti
1115 2247 1251 2283 Picteti
1278 2245 1399 2284 histo—

443 2313 540 2349 riam
561 2309 880 2349 Ecclesiasticam
906 2308 1027 2345 seculi
1052 2308 1106 2346 XI
1133 2307 1277 2346 editam
1309 2309 1400 2347 Gal-

444 2374 515 2411 lice
539 2384 624 2425 pag.
650 2372 744 2413 276,
776 2370 851 2407 832}
888 2380 970 2419 seq.
1007 2374 1046 2406 et
1076 2371 1399 2410 sammarthano-

443 2446 532 2474 rum
557 2435 719 2473 Galliam
738 2433 1004 2471 Christianam
1027 2436 1132 2469 tomo
1155 2433 1185 2470 11
1203 2444 1289 2482 pag.
1310 2434 1398 2472 427.

441 2497 725 2537 Adversarium
749 2494 891 2533 deinde
932 2495 1155 2544 Bercngarii
1177 2495 1398 2545 professum

442 2572 486 2598 se
512 2560 616 2599 hunc
641 2561 892 2605 Brunonem,
917 2557 1113 2595 affirmare
1144 2558 1229 2595 sine
1259 2569 1401 2609 magna

442 2633 563 2661 causa
594 2621 784 2660 videntur
817 2620 1037 2669 IiupinIuS,
1080 2620 1221 2669 Pagius
1258 2619 1401 2670 aliique

443 2686 683 2724 recentiores
707 2684 808 2722 Cum
835 2682 1030 2731 Signiensi
1049 2680 1156 2719 hunc
1172 2683 1399 2721 Brunonem

442 2758 647 2798 perperam
670 2743 875 2784 confundit
897 2744 1066 2782 Miracus
1088 2744 1124 2782 in
1150 2745 1323 2783 auctario
1353 2745 1401 2783 dc

443 2810 482 2848 S.
505 2810 550 2848 E.
576 2819 659 2858 pag.
685 2807 748 2846 57.

497 2870 663 2909 BRL'NO
672 2867 981 2920 Herbipolensis,
999 2869 1230 2919 Episcopus,
1245 2867 1304 2908 Ab
1321 2869 1349 2908 Λ
1358 2882 1400 2908 n-

445 2934 583 2973 110434
608 2933 655 2971 ad
682 2933 782 2971 4045
803 2931 850 2969 de
867 2942 944 2981 quo
965 2931 1122 2969 Sanctis
1142 2930 1399 2970 adscribendo

445 3001 576 3035 actum
600 2995 673 3034 An.
696 2994 808 3034 4237.
833 2993 929 3032 Vide
958 2993 1056 3032 Acta
1082 2993 1318 3032 Sanctorum
1350 2994 1399 3033 47

444 3058 529 3108 Maji
550 3064 643 3096 tom.
669 3058 717 3096 IV
740 3068 824 3107 pag.
849 3057 897 3094 38
922 3067 1003 3106 seq.
1041 3060 1080 3094 et
1117 3057 1173 3094 Jo.
1217 3057 1318 3095 Petri
1348 3056 1396 3094 de

446 3120 636 3171 Ludcwig
665 3121 875 3170 scriptores
898 3118 1248 3169 Wirtzl›urgenses
1264 3131 1300 3169 p.
1323 3119 1396 3156 470

448 3186 486 3219 ct
504 3182 588 3220 2561.
605 3183 650 3221 Ei
667 3181 947 3221 commentaria
968 3180 1007 3218 in
1023 3183 1142 3219 totam
1159 3179 1397 3220 Psalterz'um

508 3329 521 3342 ”
536 3330 697 3362 Chronica
716 3333 969 3371 Andcgavcnsia
987 3333 1074 3372 apud
1096 3333 1263 3365 Labbeum
1281 3339 1371 3366 tomo
1389 3336 1400 3365 1

449 3378 669 3411 Bibliothecae
689 3390 790 3413 novae
807 3384 887 3415 MSS.
904 3391 979 3422 pag.
997 3382 1059 3414 ⁶276
1075 3383 1136 3413 ⁶28⁶.)
1152 3384 1213 3414 287
1234 3384 1306 3415 ⁵288·

1305 234 1547 276 BRUNO

1453 305 1590 344 tribuit
1618 303 1861 344 Trithemius
1897 313 1981 354 cap.
2009 301 2084 341 315
2114 295 2241 352 >atque
2283 301 2412 340 lucem

1454 367 1643 407 viderunt
1665 367 1730 406 illa
1750 368 1788 406 S.
1819 366 1973 406 Kiliano
1995 365 2044 404 ab
2066 368 2229 404 auctore
2257 363 2386 403 dicata
2401 393 2412 410 ,

1455 432 1494 470 in
1518 431 1663 482 quibus
1686 434 1806 469 vetus
1829 430 1967 468 Latina
1990 429 2123 467 versio
2143 427 2268 466 obelis
2287 431 2325 466 et
2351 437 2417 465 as-

1456 494 1612 532 teriscis
1629 496 1764 531 notata
1778 503 1871 531 cum
1888 491 1995 530 LXX
2015 494 2055 529 et
2070 489 2185 529 Hebr.
2201 490 2416 536 confertur,

1456 556 1650 595 consultis
1673 556 1793 594 etiam
1817 553 2042 605 Augustini,
2059 553 2300 603 Hieronymi,
2321 551 2418 590 Cas-

1457 618 1624 666 siodori,
1649 618 1824 669 Gregorii
1862 621 1902 655 et
1924 615 2054 654 Bedae
2091 614 2416 658 commentariis,

1456 690 1548 718 curn
1576 679 1872 718 commentariis
1908 676 2089 727 ejusdem
2129 677 2329 715 Brunonis
2374 675 2415 713 in

1460 740 1627 780 Cantica
1649 740 1798 781 Veteris
1819 744 1857 779 et
1875 738 1977 779 Nom·
1997 737 2242 786 Testamenti,
2256 737 2297 775 in
2319 737 2421 776 Ora-

1460 803 1601 842 tionem
1623 803 1890 852 Dominicam,
1914 806 1955 840 et
1977 798 2257 851 Apostolorum
2279 797 2422 837 simbo-

1461 864 1542 904 lum
1564 869 1681 918 atque
1699 864 1922 905 Athanasii.
1944 864 2081 902 Colon.
2107 861 2223 901 4494.
2246 862 2423 901 Norimb.
2488 892 2491 893 ν

1462 928 1586 979 4497,
1608 929 1629 967 4
1653 933 1693 968 et
1715 940 1766 967 ex
1788 929 1846 966 J0.
1871 925 2032 967 Cochlei
2055 925 2300 975 recensione,
2325 925 2423 964 Her-

1460 991 1577 1042 bipoli
1601 991 1721 1039 4534,
1748 992 1870 1039 4555,
1901 989 1922 1026 4
1947 997 2089 1026 recusa
2111 987 2150 1024 in
2180 986 2421 1025 Bibliotheca

1462 1056 1623 1093 Patrum
1638 1053 1863 1093 Coloniensi
1886 1056 1980 1089 tom.
1997 1051 2051 1089 XI
2070 1053 2110 1087 et
2131 1048 2311 1100 Lugdun.
2328 1053 2424 1087 tom.

1462 1119 1603 1157 xviii.
1631 1116 1824 1167 Ejusdem
1856 1111 2168 1155 Commentarios
2209 1111 2250 1150 in
2285 1112 2427 1151 Penta-

1465 1179 1649 1219 teuchum
1665 1211 1675 1229 ,
1720 1178 1904 1229 vulgavit
1947 1175 2140 1226 Georgius
2180 1174 2397 1225 GalopInus
2418 1203 2426 1223 ,

1463 1245 1585 1282 Duaci
1616 1243 1737 1292 4648,
1768 1242 1803 1280 4.

1519 1307 1684 1345 BRUNO
1692 1303 1922 1351 Monachus,
1941 1302 2109 1352 scriptor
2123 1299 2323 1339 Historzae
2339 1296 2432 1337 belli

1466 1368 1679 1417 Saaeonicz‘,
1704 1368 1753 1407 ab
1775 1366 1850 1406 An.
1878 1364 1982 1406 4073
2003 1363 2052 1403 ad
2077 1363 2180 1404 4082
2196 1373 2273 1401 non
2296 1363 2429 1401 mInus

1466 1432 1636 1470 infestus
1656 1431 1812 1470 Henrici
1833 1429 1883 1468 IV
1900 1429 2042 1479 Imper.
2061 1426 2288 1475 memoriae,
2309 1436 2430 1476 quam

1465 1495 1651 1546 Gregorio
1666 1494 1735 1532 VII
1752 1493 1934 1531 faventes
1954 1490 2031 1539 alii,
2045 1488 2262 1528 Anselmus
2279 1489 2432 1527 Lucen-

1468 1559 1549 1607 sis,
1593 1556 1739 1595 Paulus
1785 1553 1956 1593 Bouried
2003 1553 2090 1591 sive
2140 1551 2433 1590 Bernrietensis

1469 1619 1706 1659 Lambertus
1728 1616 1937 1657 Schafnab.
1962 1615 2159 1654 Marianus
2189 1613 2333 1653 Scotus
2356 1617 2431 1651 etc.

1466 1681 1613 1721 Prodiit
1645 1681 1708 1720 illa
1752 1679 1949 1719 Brunonis
1991 1677 2154 1715 historia
2195 1674 2432 1715 Werinhero

1468 1746 1661 1796 Episcopo
1679 1741 1998 1792 Merseburgensi
2019 1739 2149 1778 dicata
2167 1739 2207 1776 in
2231 1742 2338 1790 tomo
2357 1738 2435 1788 pri-

1470 1819 1534 1846 mo
1553 1808 1792 1857 scriptorum
1815 1805 2003 1843 German.
2027 1801 2186 1840 Freheri
2202 1811 2290 1851 pag.
2314 1799 2402 1839 473.

1523 1869 1690 1908 BRUNO
1727 1864 2100 1917 Longoburgensis,
2128 1862 2304 1903 Medicus
2340 1866 2433 1901 ante

1471 1932 1543 1972 hos
1560 1933 1762 1971 trecentos
1777 1929 1949 1980 amplius
1965 1937 2109 1975 annOS,
2127 1924 2244 1976 cujus
2265 1923 2436 1965 Chirur-

1468 1995 1558 2047 yz'ea
1583 1996 1622 2032 in
1645 1993 1767 2032 variis
1788 1990 2041 2030 Bibliothecis
2063 1989 2170 2028 MSS.
2209 1992 2253 2028 ut
2272 1989 2434 2040 „Lipsiae

1472 2060 1509 2095 in
1531 2057 1692 2096 Paulina
1713 2066 1800 2107 pag.
1821 2055 1891 2093 25⁴
1920 2054 1958 2091 in
1980 2050 2264 2102 Rostgardiana
2287 2062 2324 2102 p.
2355 2051 2433 2090 524-

1470 2120 1647 2168 aliisque.

1523 2180 1544 2202 *
1568 2182 1611 2219 ln
1635 2179 1777 2220 Codice
1797 2179 2027 2217 TriVisaneo
2049 2177 2165 2216 cuius
2184 2177 2366 2216 meminit
2385 2176 2430 2215 V.

1471 2243 1631 2281 doctiss.
1654 2240 1870 2292 Apostolus
1891 2241 1993 2278 Zeno
2022 2243 2115 2278 ante
2137 2249 2285 2289 paucos
2313 2237 2432 2276 hosce

1473 2316 1634 2345 menses
1654 2303 1808 2356 publico
1832 2303 1944 2342 luctu
1964 2302 2094 2341 elatus
2113 2305 2242 2340 extat:
2265 2299 2435 2340 Chirur-
2498 2310 2500 2318 ¹

1471 2367 1541 2419 (sia
1569 2365 1757 2417 Maqistrt
1777 2363 1908 2403 Bruni
1929 2361 2270 2415 Lonyoburyensss
2301 2372 2356 2400 eae
2378 2360 2438 2399 di-
2498 2356 2500 2370 ¹

1474 2429 1545 2469 etis
1568 2428 1790 2481 sapientum
1815 2425 1990 2466 breviter
2011 2423 2209 2464 elucidata
2231 2427 2270 2463 et
2289 2422 2433 2476 compi·
2498 2427 2500 2460 ἑ

1477 2492 1569 2532 lata.
1588 2493 1631 2531 In
1651 2492 1726 2530 tine
1742 2491 1902 2542 legitur:
1918 2487 2029 2527 Anno
2044 2486 2096 2526 ab
2112 2487 2308 2527 incarnat.
2325 2488 2435 2527 Dom.
2499 2486 2500 2536 j

1478 2559 1495 2597 4
1502 2558 1595 2599 202
1611 2566 1741 2595 mense
1756 2555 1925 2592 Jamtar.
1947 2551 2032 2591 I‘nd.
2049 2552 2081 2590 X
2110 2550 2273 2590 Paduae
2294 2549 2335 2589 in
2354 2549 2434 2590 loeo

1475 2622 1514 2659 S.
1530 2617 1664 2658 Pauli.
1690 2618 1772 2669 Eyo
1795 2617 1958 2655 Bruttus
1989 2612 2329 2666 Lonyoburqensis
2355 2613 2432 2653 Ca-

1477 2682 1588 2722 laber
1611 2680 1701 2719 huic
1722 2679 1834 2732 operi
1848 2678 1965 2731 fine-m
1994 2675 2174 2728 imposui.

1531 2746 1720 2784 Diversus
1749 2743 1798 2782 ab
1824 2742 1898 2780 hoc
1926 2739 2092 2780 BRUNO
2126 2740 2212 2778 sive
2238 2738 2436 2778 BRUNUS

1473 2810 1616 2857 Lasea,
1638 2806 1859 2855 Chirurgus
1878 2804 2130 2842 Florentinus
2148 2802 2253 2840 circa
2273 2799 2437 2839 Annum

1477 2871 1576 2910 4290
1602 2870 1754 2908 amicus
1771 2865 2017 2914 Petrarchae,
2034 2868 2146 2916 pater
2163 2862 2252 2902 Dini
2272 2861 2321 2901 de
2341 2861 2438 2900 Gar-

1473 2934 1540 2982 ho,
1563 2931 1744 2982 Chirurgi
1770 2928 1938 2969 celebris
1959 2931 1999 2966 et
2027 2926 2237 2965 Francisci.
2258 2924 2355 2964 Vide
2370 2924 2439 2963 Ju-

1474 2997 1569 3035 lium
1605 2995 1769 3047 Nigrum
1805 2991 1854 3030 de
1886 2988 2144 3041 scriptoribus
2171 2987 2433 3037 Florentinis,

1487 3071 1557 3108 mg.
1580 3058 1667 3098 443.

1472 3072 1486 3111 I
1524 3121 1692 3162 BRUNO
1715 3116 1962 3170 Bonifaez'us,
1987 3115 2106 3162 Saxo,
2127 3124 2176 3152 ex
2194 3112 2337 3151 illustri
2357 3115 2430 3152 Ba-

1471 3196 1612 3234 ronum
1637 3183 1685 3222 dc
1710 3180 1899 3228 Qverfurt
1913 3177 2111 3229 prosapia,
2127 3174 2342 3214 Monachus
2358 3175 2431 3214 Or-

1471 3248 1550 3286 din.
1575 3244 1720 3286 Bencd.
1739 3241 1921 3283 Coenobii
1942 3237 2316 3290 Magdeburgensis:
2343 3237 2433 3276 inde

1469 3303 2087 3353 RuthenorumArchiepiscopus,
2099 3300 2429 3350 Prussorumque,

1472 3372 1699 3425 Apostolus,
1725 3373 1764 3408 et
1780 3369 1930 3417 Martyr
1947 3363 2099 3406 CHristi
2121 3361 2367 3403 Α111104008.
2383 3360 2432 3400 de
