2500 4009
421 215 495 254 106

419 300 494 338 quo
518 286 613 323 inira
635 295 705 321 suo
727 283 805 318 loco
824 308 830 315 .
854 282 891 314 ut
915 276 1010 312 alios
1025 272 1201 322 juniores
1216 274 1367 320 praete-

419 360 535 387 ream.
559 346 650 383 title
683 342 837 379 Surium
863 342 899 373 ct
923 335 1022 372 Acta
1058 334 1291 371 Sanctorum
1316 332 1359 370 2-1

418 410 534 461 April.
561 414 650 444 tom.
678 405 706 441 ll
726 431 733 438 .
755 412 838 450 pag.
875 398 950 434 8535
972 406 1081 445 seqq.
1103 399 1143 431 ct
1172 393 1365 444 Theophi-

420 475 497 510 lum
509 464 762 508 liaviiaudnm
779 462 815 498 in
828 458 1170 510 syntaxiOperum
1187 455 1363 494 Ansclmi

418 510 589 572 [nadad.
628 526 724 565 1630
764 522 824 561 sol.
863 525 903 559 et
941 524 1046 558 tomo
1082 520 1148 557 xl.
1177 519 1363 569 Operum.

415 573 537 643 opera
557 587 730 628 Ansolmi
755 594 960 623 recensere
985 581 1100 631 juvat
1118 593 1165 620 ex
1195 581 1365 619 editione

413 656 555 705 optima
574 649 765 689 tiabrielis
784 646 1009 685 Gerboronii
1039 646 1156 683 Paris.
1180 643 1280 682 1675
1301 643 1362 681 sol.

412 717 572 766 repetita
581 724 671 751 cum
683 722 783 749 novo
798 709 1073 760 supplemento
1085 705 1172 744 ibid.
1182 707 1196 745 1
1207 705 1275 744 721
1301 705 1362 743 fol.

468 780 498 816 1.
519 773 774 824 ,llonoloqium
789 804 796 812 .
814 772 898 809 sive
919 769 1173 819 Soliloquium
1189 772 1228 806 ct
1244 779 1279 818 p.
1301 767 1362 806 29.

413 837 657 887 Ρι·ο.ςῖο(μ“ιιηι
674 836 710 873 li.
728 847 760 873 e.
779 834 959 872 allocutio
977 831 1024 870 ad
1041 831 1176 869 mimi
1195 860 1202 878 ⁷
1221 829 1365 879 quibus

413 915 481 953 per
517 900 642 939 ideam
667 900 790 949 ipsam
825 895 971 934 summi
992 894 1106 932 Entis
1124 922 1132 937 .
1157 896 1201 930 ut
1227 891 1367 930 deinde

415 967 538 1003 lacero
554 962 732 1001 Nicolaus
748 957 976 997 (lusanusin
988 955 1136 1005 dialogo
1146 954 1369 1004 depossest,

413 1033 449 1064 vt
472 1031 555 1076 post
574 1036 664 1061 cuin
686 1021 887 1060 Cartcsius
909 1018 1104 1065 instituit⁷
1125 1016 1164 1064 b)
1188 1016 1303 1054 homo
1320 1015 1366 1053 ad

415 1087 663 1126 Conditorem
695 1094 811 1122 suum
832 1078 1125 1131 agnoscendum
1149 1077 1371 1116 adducitur.

415 1152 517 1189 Citat
539 1149 608 1186 lioc
635 1146 892 1195 monologium
913 1154 1031 1181 Suum
1059 1140 1274 1179 Ansclmus
1294 1139 1374 1178 dia·

418 1214 501 1260 logo
521 1211 569 1248 do
590 1210 762 1247 Veritatc
783 1218 865 1256 cap.
890 1206 950 1243 10.

471 1275 504 1311 2.
536 1271 650 1311 Liber
673 1267 932 1322 apoloyeticus
968 1270 1104 1304 contra
1136 1263 1374 1303 GAUNILO-

417 1336 544 1375 xlm.
576 1332 692 1382 cujus
724 1331 856 1369 brevis
890 1328 1092 1378 responsio
1125 1326 1173 1365 ad
1207 1327 1376 1365 Monolo-

421 1400 545 1444 gium.
565 1395 793 1445 lnsipicntis
810 1391 967 1429 nominc
983 1389 1247 1440 praemittitur
1262 1400 1298 1439 p.
1315 1390 1375 1427 35.

422 1458 634 1498 l‘rofundas
664 1455 937 1494 meditationes
969 1452 1098 1489 hocin
1133 1451 1278 1501 scripto
1298 1450 1378 1489 An-

421 1522 532 1559 solmi
555 1519 713 1569 reperiri
735 1517 886 1555 notavit
911 1515 1074 1553 illustris
1094 1513 1308 1551 Leibnitius
1339 1514 1376 1550 in

422 1581 673 1621 leibnitianis
702 1591 786 1629 pag.
817 1578 903 1616 112.
934 1575 1029 1614 vide
1058 1577 1175 1613 etiam
1206 1576 1377 1613 Domini-

420 1656 510 1683 cum
535 1643 581 1680 de
602 1642 762 1680 Colonia
783 1642 818 1678 in
841 1640 1002 1677 historia
1021 1638 1207 1676 litteraria
1223 1636 1376 1688 Lugdu-

425 1707 558 1751 iis—nsi,
582 1714 698 1753 quam
720 1702 869 1740 Gallice
892 1712 1017 1751 nuper
1036 1699 1157 1737 edidit
1176 1703 1293 1736 tomo.
1316 1699 1373 1746 11,

420 1780 503 1818 pag.
529 1768 566 1805 2³¹
582 1767 600 1804 4
625 1777 736 1814 seqq.

471 1832 506 1866 3.
530 1829 640 1866 Lilwr
655 1826 700 1864 de
713 1824 788 1876 fide
807 1826 875 1863 SS.
896 1822 1096 1861 Trinitatis
1120 1827 1160 1861 et
1173 1821 1219 1861 de
1239 1821 1370 1860 incar-

416 1890 569 1928 natione
597 1886 713 1927 Verbi
742 1898 825 1938 pag.
853 1887 893 1925 41
933 1890 1068 1924 contra
1105 1884 1371 1935 blasphemias

417 1952 642 1991 lllJZlilANl
662 1981 669 1995 ,
690 1951 755 2000 qui
777 1948 971 1988 Abailardi
985 1948 1167 1997 Magister
1184 1947 1269 1994 suit,
1287 1947 1370 1983 sive

417 2013 678 2052 litislitlml
699 2041 705 2051 .
727 2011 837 2048 velut
861 2009 1082 2055 tritheitae,
1100 2008 1148 2046 ad
1170 2007 1371 2047 Urbanum

419 2077 464 2112 ll.
490 2076 554 2124 qui
580 2076 680 2122 Papa
700 2073 771 2110 tuit
790 2072 838 2110 ab
858 2071 901 2109 A.
923 2071 967 2109 C.
990 2070 1091 2108 1088
1110 2069 1158 2108 ad
1180 2070 1292 2109 1099.

474 2137 506 2173 1.
532 2136 678 2174 Contra
712 2134 882 2171 Graecos
922 2132 1015 2170 iiber
1050 2131 1096 2169 de
1125 2130 1372 2181 processione

419 2197 590 2246 spiritus
605 2199 643 2233 S.
670 2209 753 2246 pag.
779 2196 837 2233 49.
858 2195 1032 2233 Meminit
1052 2193 1171 2243 liujus
1192 2192 1369 2243 opusculi

422 2258 666 2296 llildvbortns
690 2258 733 2297 ll.
758 2258 780 2293 9
801 2262 839 2294 ct
875 2256 933 2294 13.
955 2256 1078 2305 Epist.
1100 2259 1139 2292 ct
1159 2253 1373 2292 Ansclmus

422 2322 502 2369 ipsi·
525 2322 560 2357 in
584 2318 770 2357 libi-llodi¹
791 2319 915 2356 tribus
936 2317 1162 2356 Walcranni
1179 2318 1376 2366 quaestio-

427 2382 551 2419 nibus.

475 2444 509 2480 ΞΒ.
535 2443 588 2480 De
612 2440 884 2488 casuDiaholi.
902 2440 1170 2491 dialoguspag.
1194 2441 1243 2479 62
1263 2440 1377 2490 cujus

418 2507 534 2541 otiam
551 2503 940 2548 meminitindialogo
962 2502 1009 2540 de
1031 2503 1211 2541 Veritate.
1236 2503 1278 2540 ln
1306 2503 1377 2541 lioc

419 2566 567 2612 «halom
589 2566 637 2603 do
665 2567 812 2616 origine
835 2565 924 2603 mali
946 2564 1161 2603 Ansclmus
1188 2564 1374 2614 disputat.

470 2630 504 2666 6.
527 2628 610 2667 Cur
625 2627 757 2665 DEss
772 2626 896 2674 homo,
913 2626 1088 2677 dialogus
1104 2637 1194 2665 cum
1213 2626 1373 2673 Bosone⁷

420 2692 534 2729 libros
554 2690 706 2729 (luobus
741 2701 825 2740 pag.
854 2689 901 2726 74
935 2688 1127 2727 adversus
1166 2688 1373 2738 Insidens,

418 2754 707 2803 simplicitatem
729 2751 992 2790 Christianam
1014 2755 1202 2802 tanquam
1226 2751 1372 2790 fatuam

419 2815 643 2852 ‹is-ridvntos
661 2827 667 2851 z
685 2815 817 2864 scripti
834 2812 947 2852 Anno
966 2813 1078 2852 1098.
1103 2813 1195 2852 vide
1212 2814 1373 2864 Pagium

418 2877 463 2914 ad
489 2877 560 2915 An.
587 2876 682 2914 1097
710 2887 744 2913 n.
769 2878 803 2912 6.

470 2939 505 2976 7.
532 2939 585 2976 De
610 2940 791 2989 conceptu
812 2936 1001 2988 viryinali
1015 2941 1052 2976 et
1072 2936 1268 2988 Oriqinali
1281 2948 1372 2989 pec-

474 3115 501 3149 aj
531 3115 664 3146 Journal
687 3115 741 3158 dos
764 3117 885 3145 savans
907 3117 942 3145 Α.
969 3114 1046 3146 1721
1071 3116 1213 3148 octobre
1246 3126 1278 3156 p.
1301 3116 1376 3150 447.

416 3164 508 3193 min.
531 3164 567 3194 do
594 3167 741 3195 Tri-vaux
765 3170 800 3195 Α.
825 3164 903 3195 1722
929 3173 1006 3204 pag.
1023 3166 1093 3197 589.
1117 3166 1268 3198 oudinus
1293 3171 1376 3200 tom.

422 3213 446 3239 ΙΙ
478 3221 550 3249 pag.
571 3214 626 3243 9.·,1
655 3224 724 3253 qu.

478 3260 497 3287 l»
535 3263 575 3289 nt·
613 3264 747 3294 (lartesii
783 3265 945 3294 sententia
967 3265 1033 3295 «lixi
1061 3265 1119 3299 lib.
1155 3265 1195 3297 de
1230 3268 1374 3299 veritate

420 3310 595 3346 margionis
621 3312 826 3343 Christianae
859 3322 931 3353 cap.
957 3315 977 3343 X
1002 3322 1075 3353 pag.
1100 3314 1162 3346 5⁶25
1183 3323 1274 3356 seqq.

1166 199 1604 255 ,ANsELMUs

1438 274 1524 307 cato
1544 270 1640 309 liber
1663 282 1698 322 p.
1721 270 1769 308 97
1791 269 1838 308 ad
1854 271 2024 310 eundem
2044 272 2236 311 Bosonem
2253 303 2264 322 ,
2280 284 2400 323 quem

1440 332 1720 372 charissimum
1740 331 1922 382 appellat.

1495 395 1530 432 8.
1557 395 1741 444 Dialogus
1761 393 1807 432 de
1827 393 1995 433 Veritate
2017 406 2103 446 pag.
2127 397 2217 436 109.

1491 456 1527 493 9.
1551 456 1607 494 De
1634 454 1834 496 Voluntate
1849 466 1934 507 pag.
1960 458 2035 496 116
2059 461 2100 495 et
2123 456 2170 496 de
2199 456 2405 498 Voluntate

1438 518 1535 555 DEI
1554 530 1640 569 pag.
1668 519 1755 557 151.

1495 581 1555 618 10.
1580 580 1635 617 De
1659 577 1758 617 libro
1781 578 1949 619 arbitrio
1972 592 2056 633 pag.
2083 581 2159 621 117
2174 581 2290 633 cujus
2306 582 2403 621 scri-

1437 643 1493 693 pti
1516 644 1636 681 etiam
1663 643 1702 680 in
1722 642 1873 691 dialogo
1896 643 1945 682 de
1973 644 2144 684 veritate
2172 644 2215 684 fit
2238 645 2399 684 mentio.

1492 705 1552 743 11.
1578 704 1634 741 De
1667 703 1877 743 concordia
1901 705 2195 745 Praeseientiae
2219 709 2257 745 et
2278 707 2402 745 Prae-

1438 764 1734 815 destinationis,
1752 777 1824 806 nec
1844 778 1922 805 non
1944 767 2109 806 Gratiae
2135 767 2234 806 DEI
2252 778 2343 806 cum
2361 766 2407 806 li-

1440 826 1531 867 bero
1554 827 1726 867 arbitrio
1747 840 1832 880 pag.
1855 830 1943 870 123.
2472 853 2473 856 =

1495 891 1558 930 12.
1580 892 1636 930 De
1660 889 1788 931 tribus
1809 890 2131 933 WALERANNI
2144 891 2407 934 Newembur-

1441 955 1574 1002 gensis
1590 955 1771 1006 Episcopi
1791 952 2060 1005 questionibus
2079 983 2086 1003 ,
2102 965 2148 993 ac
2167 955 2401 1005 praesertim

1444 1015 1490 1054 de
1509 1027 1648 1067 azymo
1668 1028 1715 1055 ac
1733 1015 1966 1069 fermentato
1982 1019 2120 1055 contra
2135 1015 2307 1055 Graecos
2320 1027 2406 1067 pag.

1448 1079 1523 1117 135·
1532 1079 1741 1118 subiuncta
1757 1078 1987 1118 Waleranni
2003 1077 2051 1116 ad
2065 1075 2304 1117 Anselmum
2319 1077 2412 1129 Epi-

1447 1140 1547 1178 stola
1574 1151 1659 1191 pag.
1701 1139 1776 1181 137
1800 1144 1841 1179 et
1868 1139 2047 1179 Anselmi
2077 1140 2336 1191 responsione
2361 1139 2411 1179 ad

1449 1201 1554 1240 illius
1574 1202 1756 1251 querelas
1779 1213 1865 1253 pag.
1894 1202 1980 1241 139.
2012 1201 2162 1240 Graece
2193 1202 2316 1240 vertit
2338 1200 2412 1240 hoc

1447 1263 1626 1303 Anselmi
1660 1266 1850 1315 scriptum
1875 1265 1978 1304 sicut
2010 1263 2156 1303 librum
2179 1262 2228 1302 de
2251 1264 2411 1302 Proces-

1447 1327 1555 1364 sione
1566 1327 1736 1377 Spiritus
1744 1328 1782 1366 S.
1793 1338 1951 1377 quoque
1959 1324 2186 1365 Demetrius
2199 1323 2408 1377 Cydonius.

1503 1388 1563 1427 13.
1584 1389 1639 1426 De
1657 1387 1905 1440 presbyteris
1932 1386 2238 1437 concubinariis,
2260 1397 2333 1428 seu
2355 1385 2412 1440 of-

1446 1449 1687 1502 fendiculum
1721 1449 2002 1499 sacerdotum,
2025 1450 2158 1489 brevis
2185 1449 2412 1501 paraenesis

1450 1524 1535 1564 pag.
1562 1513 1648 1552 140.
1671 1513 1813 1552 Confer
1832 1512 2009 1551 Anselmi
2029 1512 2093 1550 lib.
2118 1512 2146 1550 I.
2163 1511 2328 1562 Epistol.
2347 1511 2408 1550 56.

1504 1576 1564 1615 14.
1582 1575 1637 1614 De
1649 1574 1797 1627 nuptiis
1819 1573 2201 1625 consanyuineorum
2218 1584 2305 1624 pag.
2322 1573 2410 1613 141.

1504 1639 1563 1677 15.
1595 1635 1784 1688 Dialoqus
1822 1635 1869 1675 de
1903 1634 2171 1675 Grammatico
2202 1646 2288 1686 pag.
2320 1635 2407 1674 143.

1447 1700 1576 1738 Etiam
1593 1697 1714 1749 hujus
1730 1699 1973 1738 mentionem
1991 1698 2081 1737 facit
2096 1697 2311 1737 Anselmus
2326 1696 2408 1737 dia-

1447 1761 1531 1811 logo
1555 1761 1603 1800 de
1627 1762 1813 1800 Veritate.

1498 1824 1558 1863 16.
1570 1822 1761 1863 Homiliae
1775 1822 1878 1869 XVI,
1893 1834 1979 1874 pag.
1998 1823 2074 1862 455
2086 1833 2256 1873 quarum
2272 1821 2411 1863 ultima

1444 1886 1482 1924 in
1506 1886 1620 1925 Hebr.
1644 1886 1678 1924 11
1705 1886 1750 1925 10
1777 1886 1919 1925 iterum
1951 1885 2119 1924 recurrit
2141 1885 2244 1924 inter
2266 1895 2403 1924 excer-

1444 1943 1510 1999 pta
1535 1959 1620 1998 pag.
1647 1948 1734 1986 546.

1499 2009 1559 2048 17.
1590 2007 1830 2047 Eoekortatio
1866 2008 1915 2048 ad
1938 2013 2183 2049 contemtum
2213 2013 2408 2059 tempora-

1446 2071 1540 2109 lium
1564 2074 1605 2109 et
1626 2070 1866 2109 desiderium
1888 2074 2152 2111 aeternorum.
2179 2082 2267 2122 pag.
2292 2071 2379 2111 190.

1502 2134 1562 2172 18.
1588 2131 1808 2171 Admonitio
1832 2131 2039 2183 morienti,
2062 2144 2149 2184 pag.
2173 2133 2249 2174 194
2271 2133 2308 2172 in
2330 2145 2409 2184 qua

1448 2195 1550 2232 inter
1586 2194 1686 2232 alia:
1728 2192 1869 2234 Credis
1902 2192 2010 2244 quod
2040 2193 2230 2234 Dominus
2262 2195 2415 2236 JESUS

1449 2255 1647 2295 CHristus
1671 2267 1745 2307 pro
1776 2259 1814 2294 te
1833 2258 2017 2294 mortuus
2041 2255 2132 2294 est?
2157 2255 2294 2297 Credo.
2318 2256 2415 2309 Ayt's

1449 2317 1566 2356 etiam
1589 2317 1635 2355 de
1654 2317 1839 2368 passione
1863 2321 1901 2356 et·
1927 2320 2051 2356 morte
2080 2328 2157 2357 sua
2179 2317 2218 2356 ei
2230 2319 2413 2369 qratzas?

1449 2379 1542 2430 Aqo.
1581 2378 1720 2419 Credis
1742 2382 1776 2417 te
1811 2391 1888 2417 non
1904 2390 2021 2431 posse
2042 2378 2124 2418 nisi
2143 2390 2220 2430 per
2248 2383 2412 2419 mortem

1451 2440 1575 2493 ipsius
1604 2439 1782 2480 salvari?
1812 2440 1950 2481 Credo
1974 2438 2056 2492 Aqe
2084 2451 2200 2492 er90,
2223 2440 2318 2480 dum
2340 2452 2410 2481 su-

1445 2505 1582 2553 perest
1600 2501 1639 2540 in
1660 2506 1694 2541 te
1712 2502 1866 2553 anima,
1883 2502 1923 2541 in
1945 2502 2018 2541 hac
2041 2501 2126 2542 sola
2147 2505 2272 2542 morte
2292 2506 2412 2542 totam

1445 2563 1635 2614 fiduciam
1667 2568 1776 2603 tuam
1812 2564 2021 2613 constitue,
2056 2564 2097 2603 in
2118 2563 2229 2604 nulla
2251 2563 2335 2604 alia
2363 2577 2410 2606 re

1446 2625 1638 2677 fiduciam
1662 2625 1820 2666 habens.

1505 2689 1563 2727 19.
1582 2690 1751 2729 Carmen
1768 2689 1990 2739 elegiacum
2006 2687 2053 2728 de
2069 2691 2262 2728 contemtu
2273 2687 2414 2729 Mundi

1446 2762 1532 2800 pag.
1550 2751 1624 2790 195
1641 2750 1745 2801 quod
1759 2751 1908 2802 incipit:
1926 2750 2030 2801 Quid
2036 2749 2408 2790 deceatMonachum

1445 2816 1518 2851 etc.
1543 2822 1635 2851 cum
1658 2813 1746 2851 aliis
1769 2812 1924 2853 duobus
1951 2812 2199 2858 brevioribus
2220 2813 2404 2852 carmini-

1444 2874 1519 2914 bus
1542 2873 1590 2913 de
1614 2886 1746 2914 rerum
1777 2876 1954 2914 vanitate
1976 2885 2062 2926 pag.
2092 2873 2168 2914 200
2192 2877 2232 2913 et
2252 2873 2301 2913 de
2325 2873 2406 2913 solo

1444 2935 1545 2975 DEO
1568 2936 1737 2975 amando
1760 2947 1845 2987 pag.
1871 2937 1959 2977 201.

1497 2999 1559 3037 20.
1580 2997 1881 3038 Meditationum
1896 2997 1983 3038 XXI
1995 2996 2093 3037 liber
2112 3007 2198 3048 pag.
2219 2996 2295 3036 202
2312 3007 2407 3046 qua-

1445 3073 1532 3101 rum
1548 3061 1699 3100 decima
1720 3065 1868 3111 quarta
1882 3062 2001 3101 etiam
2017 3057 2242 3099 inscribitur
2262 3056 2407 3096 Enchi-

1443 3122 1573 3161 ridion
1596 3124 1680 3161 sive
1701 3121 1887 3162 Manuale
1902 3152 1910 3171 ‚
1924 3122 1988 3162 vel
2011 3122 2130 3162 etiam
2145 3117 2244 3159 liber
2267 3116 2314 3157 de
2336 3130 2402 3158 sa-

1443 3183 1519 3223 lute
1534 3183 1701 3222 animae.
1720 3184 1937 3234 separatim
1957 3182 2135 3235 prodiere
2154 3179 2276 3231 Lugd.
2296 3180 2398 3220 1609
2420 3207 2425 3217 .

1445 3246 1568 3285 torma
1593 3246 1755 3284 minore.

1494 3308 1557 3348 21.
1585 3305 1789 3348 Orationes
1812 3308 1897 3348 sive
1918 3306 2163 3348 precationes
2185 3304 2345 3350 LXXIV
2362 3305 2400 3343 in
