2500 3841
933 221 1190 261 FELlNl

74 299 170 334 tom.
195 295 230 332 4.
258 293 392 332 ltaliae
417 300 552 329 sacrae
576 302 661 342 pag.
687 290 775 329 827.
801 303 884 343 seq.
922 293 1022 343 Ejus

70 356 247 408 Epitome
261 353 308 394 de
330 350 502 403 Re9ibus
526 351 682 392 Siciliae
706 357 745 392 et
755 353 934 406 Apuliae,
957 366 1024 393 no-

75 417 256 458 minatim
285 415 332 455 de
352 413 550 467 Alphonso
572 415 827 467 Arrayonum
854 418 956 469 Reqe
972 416 1020 455 ad

73 479 346 520 Alexandrum
370 478 433 516 VI.
459 477 565 517 edita
588 489 610 517 a
629 479 800 518 Frehero
819 490 910 518 cum
931 481 1013 518 Bar-

70 543 166 582 thol.
185 542 288 580 Facii
317 539 495 591 dialogo⁷
521 539 581 589 (de
607 551 685 591 quo
710 551 831 592 supra
855 552 890 592 p.
917 541 1019 589 547.)

72 606 224 646 Hanov.
246 603 365 643 4644.
381 603 415 641 4.
435 607 475 641 et
493 613 586 642 cum
604 603 762 642 Freheri
782 604 1023 654 praefatione

73 677 121 707 ac
139 666 246 704 notis
273 675 416 704 recusa
440 676 568 716 nuper
584 665 622 703 in
648 665 836 704 thesauro
853 667 1024 716 antiqui-

72 733 205 768 tatum
227 727 382 767 Siciliae
401 728 697 766 Burmanniano
717 733 828 779 parte
852 729 897 767 V.
920 728 1022 768 Nihil

72 790 179 831 aliud
205 794 293 840 est,
316 794 360 829 ut
384 794 498 829 notat
520 790 712 838 Vossius,
733 801 854 841 quam
889 794 1024 829 cento-

76 864 150 893 nes
170 865 219 893 ex
237 852 468 904 Pandulpho
485 853 678 892 Hostiario
695 882 703 900 ,
720 853 865 906 Ottone
880 854 1025 891 Frisin-

75 917 214 967 gensi⁷
237 915 439 954 Antonino
458 946 467 966 ,
505 916 572 954 Pio
610 914 811 964 secundo,
849 914 1023 962 Blondo,

73 978 241 1029 Poggio,
265 977 418 1017 Platina
439 1007 447 1026 ,
473 977 670 1016 Matthaeo
693 978 910 1026 Palmerio‚
934 979 1027 1016 Ber-

74 1039 226 1079 nhardo
248 1040 499 1088 Justiniano,
533 1039 764 1079 Leonhardo
802 1039 964 1079 Aretino
988 1043 1028 1078 et

71 1102 249 1154 Philippo
284 1104 518 1154 Bergomate
537 1115 544 1140 :
583 1113 752 1152 quorum
788 1107 828 1141 et
870 1103 1029 1141 nomina

74 1164 244 1215 singulis
262 1164 463 1214 excerptis
487 1162 706 1215 subjungit.
732 1164 925 1215 Ejusdem
958 1165 1030 1202 Fe-

74 1227 146 1266 lini
169 1225 216 1265 de
234 1224 478 1276 indulyentia
491 1223 680 1276 plenaria
702 1238 834 1266 sermo
855 1229 894 1265 in
916 1226 1027 1266 illud:

78 1287 190 1328 hodie
204 1299 358 1327 mecum
374 1287 456 1326 eris
479 1288 521 1326 in
536 1288 752 1340 paradisO,
771 1291 866 1328 Luc.
886 1289 1031 1328 XXIII.

80 1353 142 1392 43.
171 1353 210 1390 in
234 1350 390 1390 Oceano
418 1351 550 1400 Juris,
577 1353 661 1391 sive
686 1356 859 1391 tractatu
889 1356 1033 1390 tracta—

78 1418 194 1454 tuum
219 1417 313 1452 tom.
338 1413 456 1463 XIV,
476 1425 564 1465 pag.
590 1413 678 1453 457.
711 1414 1031 1454 Commentarius

79 1476 121 1516 in
155 1476 201 1515 V.
237 1474 361 1515 libros
384 1474 679 1525 Decretalium,
713 1477 890 1515 Venetiis
916 1477 1033 1515 4498.

79 1539 402 1591 Lugduni-⁴549.
428 1539 544 1578 4549.
571 1537 687 1578 4587.
714 1540 894 1578 Venetiis
916 1539 1033 1579 4570.

80 1602 144 1641 fol.
166 1613 259 1641 cum
275 1600 543 1640 additionibus
565 1599 610 1640 A.
628 1602 818 1653 Mocenigi
838 1632 846 1650 ⁷
866 1602 1032 1653 Philippi

81 1665 260 1705 Simonet
278 1668 319 1703 et
339 1663 533 1703 Johannis
552 1674 576 1702 a
597 1663 804 1704 GradibuS.
822 1665 927 1712 Varii
952 1665 1036 1712 eju—

81 1726 194 1766 sdem
213 1730 408 1766 tractatus
438 1730 510 1765 ut:
537 1726 733 1775 Quomodo
757 1727 956 1779 puniatur
972 1738 1034 1765 co-

80 1792 224 1829 natus:
249 1787 414 1838 Quando
430 1787 584 1827 litterae
606 1788 851 1841 Apostolicae
873 1792 1039 1828 noceant

80 1851 270 1892 Patronis
314 1849 590 1889 Ecclesiarum
603 1882 613 1901 ,
657 1852 796 1902 alique'
825 1854 1032 1891 memorati

80 1917 122 1954 in
147 1914 363 1966 appendice
383 1913 589 1952 Trithemii
613 1917 654 1952 et
673 1914 777 1965 apud
797 1915 1033 1965 Gesnerum‚

83 1978 152 2028 qui
184 1981 348 2016 exstant
393 1977 430 2013 in
470 1974 558 2026 ejus
597 1975 806 2026 Consiliis,
852 1977 1032 2029 Lugduni

88 2040 192 2080 4553
219 2038 336 2078 4587.
367 2039 430 2078 fol.
463 2039 640 2078 Venetiis
678 2039 778 2079 4570
819 2041 932 2080 4582.
973 2041 1036 2080 sol.

89 2102 266 2141 Basileae
287 2105 363 2140 etc.

139 2164 162 2188 *
183 2162 346 2203 Felinus
368 2164 503 2205 Maria
531 2162 711 2212 Sandeus
728 2165 792 2214 (ita
831 2166 937 2204 enim
972 2177 1039 2216 ap-

84 2227 257 2278 pellatus
276 2227 316 2265 in
332 2225 477 2266 Codice
492 2226 664 2277 quodam
680 2227 759 2266 MS.
775 2228 1038 2267 Bibliothecae

87 2288 281 2338 eiusdem)
317 2289 582 2328 Ferrariensis
610 2290 760 2340 patria,
787 2291 936 2341 origine
965 2292 1041 2329 Lu-

87 2353 223 2392 censis
264 2351 362 2401 fuit‚
396 2350 500 2402 apud
543 2362 644 2402 quos
682 2352 837 2391 Sandea
879 2354 1039 2392 Familia

89 2414 158 2454 diu
198 2414 364 2462 florens,
404 2413 521 2453 modo
547 2413 655 2465 jacet
684 2416 871 2453 extincta.
895 2417 1038 2454 Natum

90 2488 153 2516 an.
191 2476 295 2516 4444
316 2476 408 2515 inde
432 2476 584 2527 colligo,
609 2476 714 2527 quod
739 2477 777 2514 in
802 2480 894 2515 nota
918 2478 1042 2528 ipsius

87 2538 166 2578 MS.
179 2538 228 2578 ad
249 2549 359 2578 oram
378 2538 525 2577 codicis
548 2538 758 2577 cuiusdem
779 2539 1041 2578 Bibliothecae

89 2612 186 2641 suae
210 2612 313 2640 anno
339 2601 442 2640 4466
459 2601 602 2640 aetatis
617 2601 745 2651 egisse
763 2611 805 2638 se
822 2601 1041 2640 secundum

90 2674 212 2715 supra
234 2664 476 2714 vigesimum
494 2662 718 2701 admoneat.
742 2663 785 2700 In
803 2663 927 2712 patria
948 2663 1044 2701 urbo

91 2725 280 2766 Canonici
304 2724 540 2776 dignitatem
566 2725 762 2772 obtinuit3
795 2725 922 2763 Lucae
950 2737 1045 2764 vero

91 2799 155 2828 an.
182 2788 285 2828 4464
309 2788 455 2827 Rector
484 2787 695 2839 hospitalis
732 2787 770 2825 S.
809 2786 1044 2826 Catharinac

92 2850 352 2889 renunciatus
371 2854 461 2900 est,
491 2849 596 2900 quod
622 2851 703 2900 ipse
726 2849 763 2886 in
788 2848 881 2887 Cod.
907 2849 1047 2887 Biblio-

93 2911 232 2951 thecae
270 2923 366 2951 suae
405 2913 481 2951 443
523 2916 695 2951 testatur
726 2911 896 2961 posteris
925 2922 1045 2949 manu

95 2985 167 3014 sua
190 2973 363 3024 reliquit.
384 2975 554 3013 Juvenis
585 2974 714 3014 adhuc
747 2983 850 3011 anno
888 2973 1040 3012 scilicet

95 3034 199 3076 4466
223 3037 367 3074 aetatis
383 3037 435 3076 22
455 3037 520 3076 vel
539 3037 637 3075 forte
657 3036 842 3075 2¹..1uris
858 3035 1044 3074 Canonici

95 3096 335 3139 Cathedram
363 3099 400 3138 in
427 3100 530 3139 Urbe
552 3100 678 3150 patria
700 3098 893 3145 obtinuit,
920 3099 1048 3136 tenui-

95 3165 192 3212 tque
215 3162 424 3211 septennio
450 3162 602 3212 integro
623 3190 630 3209 ‚
654 3160 779 3199 donec
811 3170 912 3197 anno
946 3159 1047 3198 4474

97 3224 208 3263 Pisas
236 3223 389 3262 accitus
414 3225 526 3262 venit
548 3252 556 3271 ,
580 3227 626 3261 ut
647 3221 734 3271 jura
758 3221 921 3271 legeret,
943 3221 1049 3271 quod

99 3295 151 3323 ex
174 3284 262 3323 eius
285 3287 538 3324 annotatione
556 3286 592 3323 in
615 3283 712 3323 Cod.
730 3282 817 3320 2307.
842 3282 1051 3320 Bibliothe-

99 3355 168 3384 cae
203 3345 293 3386 eius
315 3346 520 3388 discimus.
544 3347 657 3386 Anno
681 3344 842 3384 demum
872 3345 969 3382 4484-
997 3345 1053 3382 in-

1969 225 2046 264 550

1097 293 1247 331 vitatus
1271 296 1333 330 est
1355 293 1518 330 Romam
1542 302 1565 330 a
1589 292 1700 331 Sixto
1736 293 1796 332 lV.
1827 293 2015 333 Pontifice
2040 325 2049 344 ‚

1095 366 1117 394 a
1140 366 1218 406 quo
1243 359 1384 406 sponte
1414 365 1464 393 ne
1488 358 1624 406 rogato
1648 353 1809 405 quidem
1845 354 2048 396 Auditoris

1095 419 1194 457 sacri
1220 417 1355 456 Palatii
1380 428 1545 456 munere
1575 428 1621 456 ac
1652 416 1843 467 dignitate
1883 423 2049 459 ornatus

1094 485 1168 528 est,
1193 479 1297 531 quod
1323 481 1407 531 ipse
1432 480 1591 518 Felinus
1615 478 1779 518 totidem
1810 479 1890 519 fere
1911 481 2047 520 verbis

1096 543 1256 594 scripsit
1274 543 1310 580 in
1348 541 1514 593 epistola
1547 541 1595 580 ad
1624 541 1843 581 Oliverium
1867 540 2053 582 Cardina-

1096 604 1174 642 lem
1211 604 1535 654 Neapolitanum,
1585 615 1705 654 quam
1749 605 1938 654 opusculo
1980 616 2052 645 suo

1096 666 1153 704 De
1182 665 1398 717 Rescriptis
1439 665 1636 716 praefixit.
1679 664 1721 704 ld
1757 677 1853 704 vero
1891 666 2053 707 adnota-

1096 730 1248 777 verim,
1275 739 1324 766 ne
1346 727 1445 765 fides
1470 727 1663 766 habeatur
1693 729 1894 767 Pancirolo
1919 730 1983 768 lib.
2015 730 2051 768 3.

1097 800 1182 840 cap.
1201 790 1263 827 42,
1282 789 1348 839 qui
1369 793 1596 827 commenta
1619 789 1732 840 plura
1755 791 1872 829 unica
1896 790 2054 842 periodo

1099 851 1334 901 complexus
1350 855 1424 899 est,
1437 851 1789 890 scribensRomam
1799 853 2052 892 contendisse

1098 913 1210 952 illum
1230 924 1293 952 an.
1317 913 1419 952 4488
1443 917 1486 952 ut
1503 914 1729 952 secessione
1751 914 1815 953 illa
1832 926 1903 954 sua
1920 915 2056 955 discri-

1100 986 1193 1014 men
1216 986 1373 1025 pugnae
1397 975 1613 1014 litterariae
1633 1007 1639 1025 ,
1661 987 1762 1026 quae
1784 977 1857 1015 sibi
1879 979 2059 1016 commit-

1100 1036 1221 1076 tenda
1245 1043 1330 1076 erat
1359 1048 1451 1077 cum
1475 1039 1593 1077 Decio
1616 1039 1760 1077 celebri
1790 1040 2057 1079 Juriconsulto

1102 1099 1330 1139 declinaret.
1352 1102 1437 1140 Non
1457 1102 1564 1139 enim
1581 1102 1746 1140 Romam
1770 1103 1883 1140 venit
1903 1103 1977 1140 nisi
2002 1095 2060 1140 in'-

1100 1164 1252 1202 vitatus
1289 1174 1311 1202 a
1334 1162 1545 1211 Pontifice‚
1575 1175 1647 1202 nec
1670 1164 1719 1202 ab
1747 1164 1821 1202 alio
1846 1164 2059 1211 Pontifice,

1104 1226 1181 1264 nisi
1206 1226 1316 1265 Sixto
1341 1226 1403 1273 IV,
1428 1236 1451 1264 a
1474 1236 1551 1275 quo
1577 1227 1777 1276 insperato
1800 1227 1964 1266 Romani
1990 1229 2059 1266 Pa-

1104 1288 1185 1326 latii
1208 1288 1364 1327 auditor
1385 1292 1449 1327 est
1474 1288 1712 1327 declaratus.
1734 1289 1849 1327 Anno
1875 1291 1977 1330 4495
2002 1294 2061 1328 te-

1105 1355 1165 1389 ste
1203 1351 1382 1401 Ughellio
1418 1352 1695 1400 Pennensem,
1732 1356 1773 1390 et
1803 1351 2061 1391 Hadriensem

1105 1415 1392 1465 Episcopatum
1435 1414 1629 1463 obtinuit3
1670 1413 1888 1464 eodemque
1916 1415 2062 1465 pariter

1107 1488 1211 1515 anno
1250 1476 1454 1515 coadiutor
1479 1476 1735 1515 Sandonnino
1773 1478 1942 1515 Lucensi
1971 1478 2063 1528 Epi-

1107 1550 1225 1590 scopo
1247 1540 1416 1577 accessit
1436 1549 1527 1578 cum
1553 1550 1622 1589 spe
1653 1539 1809 1578 futurae
1842 1541 2062 1580 successio—

1107 1603 1181 1641 nis.
1206 1601 1403 1641 Eumdem
1439 1600 1601 1640 demum
1625 1601 1921 1652 Episcopatum,
1943 1614 2061 1653 quem

1108 1669 1198 1716 post
1235 1664 1386 1704 obitum
1420 1663 1667 1703 Sandonnini
1697 1664 1873 1714 quinque
1902 1668 2059 1703 tantum

1110 1727 1316 1766 mensibus
1339 1731 1512 1765 retinere
1534 1727 1663 1777 potuit
1694 1726 1877 1765 deserere
1903 1731 2064 1766 coactus

1109 1801 1130 1828 a
1159 1789 1314 1828 Juliano
1340 1787 1456 1828 Card.
1480 1788 1667 1837 Roboreo,
1692 1790 1760 1838 qui
1784 1788 1967 1828 eamdem
1989 1790 2064 1829 Ec-

1107 1852 1268 1891 clesiam
1294 1853 1513 1890 Lucensem
1540 1851 1588 1890 ab
1615 1851 1842 1891 Alexandro
1865 1853 1936 1900 VI,
1968 1852 2065 1890 obti-

1109 1915 1196 1953 nuit
1218 1913 1574 1952 administrandam
1596 1926 1604 1962 3
1630 1913 1792 1953 tandem
1823 1915 1938 1965 pleno
1973 1913 2063 1964 jure.

1109 1976 1316 2026 acquisivit
1344 1987 1405 2014 an.
1439 1976 1533 2015 4504
1578 1980 1618 2014 et
1657 1976 1703 2015 ad
1744 1976 1898 2015 obitum
1934 1987 2062 2027 usque

1110 2039 1286 2077 retinuit.
1317 2038 1423 2076 Obiit
1455 2049 1517 2077 an.
1559 2039 1673 2086 4503,
1719 2049 1856 2076 mense
1894 2038 2063 2087 octobri⁷

1112 2101 1366 2150 moriensque
1384 2101 1688 2140 refertissimam
1710 2112 1779 2151 pro
1814 2101 1969 2151 privato
1997 2100 2066 2138 ho-

1112 2164 1218 2201 mine
1242 2162 1525 2201 Bibliothecam
1557 2173 1670 2202 suam
1705 2163 1886 2214 Capitulo
1914 2161 2070 2212 Majoris

1112 2225 1315 2264 Ecclesiae
1336 2225 1529 2263 Lucensis
1551 2224 1711 2275 legavit,
1738 2236 1839 2275 quas
1863 2236 2071 2276 supremas

1113 2287 1342 2326 voluntates
1372 2298 1466 2326 suas
1499 2288 1734 2326 executione
1774 2286 2070 2326 demandandas

1113 2350 1279 2388 credidit
1324 2349 1514 2399 singulari
1556 2354 1721 2399 patrono
1754 2361 1825 2388 suo
1862 2350 2069 2388 Francisco

1114 2413 1400 2451 Piccolomineo
1425 2413 1463 2451 S.
1484 2413 1526 2450 R.
1545 2413 1589 2450 E.
1607 2412 1807 2451 Cardinali
1826 2413 1878 2450 Pii
1900 2411 1946 2450 ΙΙ.
1972 2413 2070 2449 Pon-

1114 2474 1232 2513 tificis
1256 2475 1401 2524 nepoti,
1427 2473 1555 2512 eidem
1588 2485 1742 2524 nempe,
1768 2474 1834 2523 qui
1858 2483 1960 2511 anno
1986 2474 2069 2523 ipso

1115 2536 1248 2574 Felino
1271 2536 1481 2574 emortuali
1507 2537 1543 2573 in
1571 2536 1814 2574 pontificiam
1838 2534 2066 2574 cathedram

1118 2603 1352 2648 assumptus
1376 2598 1450 2636 sub
1474 2598 1527 2636 Pii
1549 2598 1600 2636 Ill
1627 2598 1900 2648 appellatione,
1918 2596 2068 2635 eodem.

1118 2671 1195 2710 quo
1219 2659 1453 2709 dignitatem
1475 2659 1645 2697 obtinuit
1668 2669 1782 2705 anno.
1797 2663 1834 2695 et
1854 2658 1932 2696 fere
1962 2657 2072 2696 dixe—

1119 2723 1193 2760 rim
1223 2732 1362 2760 mense
1399 2722 1559 2759 interiit.
1590 2721 1739 2758 Extant
1780 2721 1817 2757 in
1857 2720 1933 2757 MS.
1974 2719 2068 2758 Cod.

1119 2784 1268 2824 archivi
1292 2783 1582 2822 Canonicorum
1601 2783 1839 2821 Lucensium
1856 2781 1973 2820 huius
1987 2779 2068 2830 jam

1118 2846 1319 2885 Pontificis
1342 2846 1480 2884 literae
1504 2845 1552 2884 ad
1578 2845 1797 2883 Canonicos
1817 2848 1905 2894 post
1920 2843 2069 2882 obitum

1119 2909 1240 2947 Felini
1265 2907 1401 2957 datae,
1426 2908 1570 2958 quibus
1600 2912 1639 2946 et
1669 2906 1948 2945 Bibliothecam
1975 2905 2071 2943 Feli-

1120 2973 1276 3010 nianam
1301 2972 1514 3010 committit
1533 3000 1540 3017 ,
1562 2975 1601 3007 et
1631 2981 1732 3020 quae
1764 2969 1989 3007 necessaria
2008 2966 2071 3017 Ju-

1118 3032 1272 3072 dicabat
1302 3034 1388 3071 eius
1413 3032 1705 3071 conservationi
1730 3031 1908 3079 iniungit.

1173 3095 1240 3132 Vir
1269 3095 1342 3133 fuit
1380 3094 1561 3133 Sandeus
1589 3094 1695 3132 Juris
1735 3093 1898 3130 scientia
1937 3091 2069 3130 clarus

1123 3157 1292 3196 summis
1318 3156 1572 3194 Pontificibus
1589 3156 1817 3193 Innocentio
1836 3155 2069 3204 praesertim

1122 3220 1207 3257 Vlll
1225 3249 1235 3266 ‚
1262 3222 1301 3256 et
1321 3217 1546 3256 Alexandro
1571 3217 1643 3259 Vl.
1669 3216 1814 3255 charus
1837 3221 1876 3254 et
1901 3217 1938 3253 in
1960 3227 2071 3266 prae-

1125 3284 1177 3319 tio
1198 3311 1206 3324 ,
1232 3281 1376 3331 quibus
1402 3282 1438 3317 in
1465 3279 1805 3318 administratione
1831 3289 1962 3316 rerum
1989 3289 2071 3316 mu-

1127 3345 1218 3383 ⁴xiini
1244 3343 1431 3381 momenti
1458 3342 1622 3380 adstitit.
1646 3352 1884 3391 operamque
1906 3341 2069 3391 praesti-
