2500 4009
420 244 498 282 628

419 313 475 350 tos
500 324 571 350 non
597 309 781 347 habuisse
807 307 902 344 bona
930 305 1064 357 aliqua
1096 317 1163 343 nec
1204 307 1241 344 in
1281 318 1366 358 spe.-

416 372 507 410 ciali
533 383 598 409 nec
638 371 673 407 in
699 367 904 406 communi.
930 369 971 412 a)
1006 366 1137 405 Edidit
1174 367 1368 408 Odor-icus

419 431 646 482 Bayiialdus
671 430 719 468 ad
745 430 818 467 An.
846 429 948 468 4322
981 441 1018 467 n.
1045 429 1106 467 67.

468 491 675 544 Speculum
710 489 860 529 morale
904 490 1022 530 totius
1053 492 1093 530 S.
1133 492 1369 543 Scripturae

420 558 488 593 in.
507 550 618 592 *1305
643 552 1165 603 coniposituni‚e(litumque
1190 553 1370 604 Lugduni

420 616 516 654 ¹5¹3
546 645 553 654 .
577 616 612 652 4.
632 615 772 652 Venet.
801 615 903 653 4594
930 619 971 651 et
999 615 1114 653 4600.

465 677 760 715 Commentaria
791 675 830 713 in
867 673 1088 714 Proverbia
1117 675 1368 726 Salomonis,

417 738 453 775 in
477 737 539 775 IV.
566 735 785 787 Evanqelia
811 742 851 775 et
882 737 921 774 in
945 736 1235 789 Apocalypsin,
1261 739 1367 777 MSS.

416 800 609 837 Bononiae
626 798 730 849 apud
749 800 885 837 Patres
903 800 1197 849 DoniinicanOS,
1216 805 1257 838 et
1274 811 1368 840 cura

413 860 633 900 (lardinalis
658 861 851 899 Sarnani.
878 860 1103 910 Waddingo
1133 866 1264 913 teste,
1295 863 1369 900 Ve-

416 925 532 961 netiis
556 922 676 961 edita.

472 985 513 1022 1η
540 985 614 1031 lv,
641 982 763 1022 libros
788 986 1072 1023 sententiarum
1093 987 1367 1024 commentarii

415 1048 519 1085 MSS.
547 1049 583 1084 in
612 1046 706 1084 Bibl.
736 1047 937 1085 Vaticana.

468 1106 697 1156 Quodlibeta
736 1106 976 1158 Theoloyica.

468 1171 521 1207 De
546 1168 791 1220 conceptione
811 1169 854 1207 B.
881 1170 1038 1209 Mariae
1066 1171 1255 1221 Viryinis.

466 1232 674 1268 Sermones
699 1231 736 1267 in
768 1230 909 1269 diebus
943 1232 1174 1271 solennibus
1214 1233 1368 1271 habitos

414 1299 449 1329 ot
479 1291 791 1331 Commentarios
825 1292 1149 1332 Concionatorios
1183 1295 1369 1332 anniver-

414 1356 513 1392 saria
553 1355 703 1392 ratione
737 1355 948 1405 praecipue
987 1355 1023 1392 in
1050 1354 1369 1405 Quadrayesima

412 1415 458 1453 ad
486 1415 757 1454 reformandos
787 1415 1005 1455 aulicorum
1030 1428 1172 1465 mores,
1192 1429 1370 1468 praeser-

414 1479 481 1515 tiin
522 1478 795 1516 ministrorum
823 1479 965 1516 Curiae
990 1479 1189 1518 Romanae
1205 1511 1216 1527 1.
1242 1481 1368 1529 Reges

413 1540 633 1587 ilungariae
671 1539 953 1586 celebrantur,
985 1551 1155 1590 quorum
1198 1546 1368 1591 quartus

419 1600 512 1638 obiit
536 1601 611 1639 An.
643 1601 756 1640 4275.

469 1663 514 1700 D.
536 1661 672 1702 Vitatis
693 1662 740 1701 (le
759 1663 926 1702 FL'RNO
948 1664 1182 1715 Cardinalis,
1209 1666 1370 1704 Archia-

418 1727 463 1762 tri
492 1737 566 1776 pro
594 1724 869 1763 conservanda
907 1725 1105 1773 sanitate,
1146 1726 1369 1778 tuendaque

411 1798 612 1838 prospera
636 1786 861 1825 valetudine
881 1786 936 1825 ad
958 1791 1075 1826 totius
1099 1787 1264 1826 humani
1284 1800 1370 1826 cor-

409 1849 522 1899 poris
552 1846 708 1886 morbos
733 1852 769 1886 et
804 1848 1101 1897 aeyritudines.v
1127 1848 1371 1888 salutarium

411 1909 679 1948 remediorum
710 1910 1040 1962 cm’ationumque
1070 1911 1171 1950 liber
1206 1912 1371 1953 utilissi-

412 1982 510 2009 mas.
537 1973 711 2022 Mogunt.
737 1973 831 2011 4534
859 2004 866 2020 ,
906 1973 967 2011 fol.
1010 1974 1138 2023 lluJus
1162 1978 1363 2013 auctorem

413 2033 547 2083 scripti
573 2045 593 2071 a
623 2034 825 2083 superiore
859 2034 1065 2073 diversum
1104 2047 1194 2074 esse
1229 2036 1367 2086 probat

416 2095 599 2132 Baluzius
623 2106 661 2144 p.
686 2094 774 2132 679.
800 2097 993 2145 Paparum
1019 2096 1290 2137 Avenionens.
1316 2110 1365 2137 cx

413 2157 541 2205 capite
566 2156 658 2193 298.
685 2157 754 2194 L'bi
782 2157 920 2194 Vitalis
950 2157 1058 2195 hicce
1084 2160 1292 2208 profitetur
1323 2171 1365 2198 se

412 2217 675 2265 antiquiorem
702 2217 764 2254 illo
790 2218 912 2255 fuisse
932 2222 972 2255 et
987 2220 1195 2269 scripsisse
1217 2225 1365 2271 tempo-

414 2277 523 2314 ribus
561 2277 676 2314 Belae
719 2278 836 2322 Regis
866 2279 1103 2328 liungariae.
1137 2280 1362 2331 Empertum

413 2341 469 2375 est
493 2336 735 2388 temporibus
754 2342 911 2387 nostris,
935 2339 1039 2391 quod
1058 2342 1147 2380 lteoe
1165 2343 1363 2393 Unyariae

414 2399 564 2436 nomine
581 2398 676 2437 Bela
697 2400 734 2437 in
761 2401 865 2438 coitu
885 2413 974 2439 cum
998 2414 1130 2442 umore
1155 2415 1230 2442 sua
1253 2416 1362 2443 sma-

412 2460 583 2509 rassdum
602 2460 639 2498 in
657 2460 776 2511 diyito
794 2461 942 2509 habuit,
959 2463 1030 2514 qui
1039 2468 1203 2516 propter
1220 2466 1363 2504 coitum

414 2524 451 2560 m
464 2527 543 2561 tres
553 2524 693 2562 Partes
707 2522 864 2574 fractus
874 2527 1066 2565 est.Bclae
1082 2530 1365 2576 quatuorinter

416 2585 556 2623 lialuzii
582 2587 707 2636 Papae
734 2586 1002 2626 Avenionens.
1029 2601 1067 2639 p.
1084 2591 1146 2639 507
1164 2590 1214 2628 78
1226 2592 1363 2630 otios).

464 2646 648 2697 AEgyiclius
671 2647 717 2687 de
743 2649 1029 2697 FUSCARIIS,
1055 2662 1173 2702 supra
1204 2658 1300 2691 tom.
1326 2656 1359 2692 4.

412 2718 496 2757 pag.
528 2709 576 2746 48
610 2710 646 2746 in
678 2709 880 2748 AEGIDIO.

464 2768 670 2808 Palladius
697 2772 888 2811 FUSCUS
912 2774 998 2811 sive
1023 2775 1175 2813 NIGER
1200 2777 1332 2816 clarus
1348 2809 1358 2825 ‚

409 2832 510 2868 eirca
534 2831 608 2869 An.
641 2833 756 2871 4470.
781 2835 993 2874 Patavinus
1029 2837 1215 2876 laudatus
1239 2837 1361 2876 Anto-

408 2893 471 2929 nio
503 2893 692 2932 sabellico
727 2895 868 2947 dialogi
907 2897 955 2935 de
987 2899 1162 2949 Linguae
1200 2901 1359 2939 Latinae

409 2955 650 3003 reparatione
679 2955 715 3003 h)
742 2957 907 3008 aliisque
925 2960 962 2997 in
995 2960 1090 2998 locis
1108 2962 1142 3008 c)
1165 2965 1205 2998 et
1235 2961 1360 2999 Ludo-

464 3056 496 3091 ο)
522 3054 567 3085 id.
592 3064 626 3094 p.
650 3057 722 3087 505.
747 3067 817 3097 seq.
840 3061 960 3091 oudin.
985 3064 1063 3092 tom.
1087 3062 1118 3092 5.
1146 3070 1177 3100 p.
1202 3062 1273 3094 745.
1305 3066 1366 3094 Ba-

408 3102 485 3134 luzii
510 3106 618 3142 Papae
642 3109 742 3136 Aven.
770 3116 801 3146 p.
828 3108 899 3139 676.
923 3117 993 3148 seq.

461 3152 496 3189 i»)
511 3154 581 3184 Nec
599 3159 650 3184 est
665 3180 675 3194 ‚
696 3157 805 3195 inquit
821 3182 831 3196 ‚
850 3162 886 3188 ut
900 3160 947 3189 ad
970 3159 1176 3192 Palladium
1199 3162 1363 3202 Nicrum,

402 3209 463 3238 per
487 3210 584 3239 quem
603 3205 912 3242 proximis‘annis
936 3209 1115 3241 Romanae
1138 3211 1178 3241 in
1201 3220 1242 3241 ea
1267 3216 1365 3243 terra

404 3250 544 3279 litterae
582 3253 619 3281 in
657 3255 841 3293 antiquum
875 3261 1009 3288 statum
1033 3263 1115 3290 sunt
1146 3261 1360 3301 restitutae,

405 3297 482 3333 ojus
507 3300 626 3329 simlia
664 3303 813 3340 reseras.
849 3308 1011 3345 Loquitur
1047 3308 1092 3339 ibi
1124 3310 1163 3340 cle
1187 3310 1363 3342 Coriolano

402 3347 550 3384 (tippiro.
576 3350 612 3377 Ei
642 3358 715 3387 pag.
740 3352 811 3383 5323.
851 3355 1063 3386 Francisrns
1099 3359 1208 3397 Niqer
1229 3360 1368 3399 difficile

1288 236 1536 274 i-'t'iiNo

1443 306 1529 344 vico
1553 306 1726 345 Carrioni
1753 307 1812 353 ll,
1844 311 1905 347 49.
1935 309 2200 361 Antiquarum
2241 311 2390 350 Lectio-

1442 378 1563 414 num,
1588 365 1626 414 d)
1649 367 1807 417 scripsit
1832 368 1872 406 in
1905 369 2103 410 Catullum
2126 374 2240 410 notas
2263 370 2391 410 editas

1443 434 1527 467 tum
1557 427 1645 467 alibi
1678 432 1765 467 tum
1788 429 1965 468 Venetiis
2001 432 2102 472 1500
2119 464 2129 481 ,
2161 433 2225 471 fol.
2247 435 2288 471 et
2311 431 2391 471 An—

1442 490 1560 529 dreae
1602 490 1796 539 Naugerio
1838 489 2098 532 vehementer
2139 495 2359 534 celebratas
2383 506 2390 530 :

1443 551 1593 590 Deinde
1628 550 1817 589 Notitiam
1843 551 2155 604 Geoqraphzcam
2191 566 2310 607 quam
2339 556 2393 594 M·
2436 562 2444 569 ·

1443 613 1553 653 Stam
1584 612 1722 651 habuit
1745 611 1960 663 laudatque
1991 615 2228 656 Laurentius
2256 617 2393 668 Pigno-

1443 676 1526 713 rius
1550 675 1588 712 in
1612 673 1842 725 Originibus
1860 675 2064 714 Patavinis
2079 686 2166 727 cap.
2184 678 2289 718 XlV.
2305 689 2392 728 pag.

1442 736 1492 775 94
1522 740 1607 775 tum
1634 735 1786 774 libellos
1810 735 1910 775 duos
1930 735 1977 774 de
1998 736 2080 775 situ
2103 748 2200 776 orae
2219 737 2393 790 Illyrici,

1442 799 1508 848 qui
1539 797 1686 836 additis
1710 799 1816 836 notis
1838 798 2033 837 Johannis
2070 800 2179 839 Lucii
2215 800 2395 851 prodiere

1441 860 1619 898 venetiis
1643 859 1758 908 4673,
1778 860 1814 898 4.
1837 871 1930 900 cum
1955 859 2044 910 ejus
2067 861 2396 912 Inscriptionibus

1440 921 1696 960 Dalmaticis:
1721 926 1762 959 et
1785 920 2075 961 Amstelodami
2100 923 2203 962 4666
2222 954 2234 972 ,
2265 923 2331 962 fol.
2357 930 2397 962 et

1443 985 1481 1020 in
1511 982 1717 1021 Thesauro
1762 984 1916 1022 Siciliae
1957 985 2253 1025 Burmanniano
2285 990 2397 1036 parte

1443 1045 1556 1094 XIV,
1581 1044 1764 1095 Lugduni
1791 1045 2035 1086 Batavorum
2055 1048 2078 1086 ’4
2091 1045 2194 1095 722,
2224 1048 2262 1085 in
2288 1046 2397 1095 folio,

1443 1112 1482 1145 et
1503 1108 1590 1145 sine
1608 1108 1712 1146 notis
1730 1109 1837 1146 Lucii
1856 1119 1950 1147 cum
1985 1108 2273 1148 Bartholomaei
2301 1110 2401 1148 Fon-

1444 1170 1485 1206 tii
1506 1168 1751 1207 dedicatione
1766 1171 1801 1218 e)
1826 1169 1873 1208 ad
1893 1168 2142 1209 Cardinalem
2161 1170 2278 1222 Casp.
2294 1170 2403 1209 Con-

1444 1236 1626 1269 tarenum
1647 1259 1655 1278 ‚
1682 1241 1760 1280 qua
1784 1232 1957 1270 Fuscum
1978 1234 2253 1282 preceptorem
2279 1242 2397 1271 suum

1442 1293 1646 1340 celebrat,
1676 1293 1823 1335 Romae
1849 1293 1950 1332 4540
1967 1323 1978 1341 ,
2005 1293 2040 1331 4.
2066 1291 2247 1344 Eleyiam
2278 1294 2401 1333 Palla-

1443 1353 1494 1391 dii
1513 1354 1628 1392 Fusci
1650 1353 1690 1392 in
1711 1353 1867 1392 laudem
1892 1353 2056 1406 Czppiczg
2081 1356 2166 1393 sive
2193 1354 2399 1395 Coriolani

1445 1415 1638 1467 Cepionis,
1678 1417 1862 1467 Episcopi
1903 1418 2238 1470 Famaugustani,
2278 1417 2401 1456 edidit

1447 1478 1550 1516 idem
1572 1479 1719 1517 Lucius
1743 1489 1828 1529 pag.
1861 1479 1925 1518 56.
1946 1479 2033 1518 Alia
2055 1477 2156 1530 ejus,
2182 1483 2226 1518 ut
2241 1478 2287 1518 de
2303 1476 2398 1518 bello

1449 1539 1610 1578 Turcico
1642 1540 1799 1590 librum,
1829 1540 1875 1579 de
1904 1539 2053 1580 [usulis
2083 1541 2203 1580 libros
2228 1545 2335 1589 tres,
2361 1546 2401 1578 et

1448 1601 1694 1641 Collectanea
1722 1613 1862 1640 rerum
1899 1613 1976 1640 non
2011 1601 2267 1654 vulqarium,
2293 1614 2395 1653 quae

1445 1663 1492 1701 ad
1524 1664 1785 1702 imitationem
1829 1663 1919 1702 Auli
1961 1663 2074 1703 Gellii
2118 1664 2369 1703 elucubravit
2392 1694 2399 1711 ,

1448 1730 1663 1763 memorata
1688 1725 1930 1764 Rern-ardino
1956 1725 2192 1764 Scardeonio
2229 1726 2254 1775 f)
2306 1726 2403 1764 Vos-

1445 1788 1525 1834 sio,
1550 1787 1588 1838 g)
1617 1791 1658 1824 et
1681 1787 1835 1825 Nicolao
1859 1787 2064 1826 Comneno
2088 1786 2334 1838 Papadopoli‚
2362 1787 2398 1835 h)

1449 1848 1555 1887 edita
1573 1859 1652 1888 nou
1668 1857 1758 1886 esse
1782 1850 1979 1887 existimo.
2003 1849 2115 1887 Diem
2132 1848 2226 1887 obiit
2249 1849 2402 1888 Fuscus

1455 1911 1558 1949 circa
1578 1908 1740 1949 Annum
1766 1910 1880 1949 4483.

1504 1972 1731 2024 Anonymus
1753 1972 2027 2021 FUXENSIS,
2053 1973 2221 2023 scriptor
2244 1976 2398 2012 coaeta-

1447 2045 1547 2073 neus
1582 2033 1628 2072 de
1653 2033 1776 2084 yestis
1807 2033 2028 2072 Innocentii
2063 2034 2138 2072 III.
2163 2034 2366 2073 pontilicis
2389 2063 2396 2083 ‚

1445 2098 1510 2146 qui
1542 2095 1727 2134 Friderici
1751 2097 1797 2134 ΙΙ.
1822 2097 1940 2146 Regis
1974 2096 2128 2135 Siciliae
2160 2096 2294 2135 Balius
2322 2105 2394 2134 seu

1445 2161 1551 2195 tutor
1577 2158 1676 2205 fuit,
1701 2161 1741 2193 et
1766 2158 1955 2207 Papatum
1978 2159 2104 2207 gessit
2126 2157 2175 2195 ab
2198 2156 2273 2195 An.
2291 2157 2393 2195 4498

1442 2218 1487 2256 ad
1522 2218 1636 2256 4246.
1668 2217 1800 2255 editus
1824 2228 1845 2255 e
1869 2217 2115 2256 Bibliotheca
2136 2218 2296 2267 Collegii
2322 2219 2396 2256 Fu—

1443 2279 1580 2317 xensis
1603 2289 1624 2317 a
1641 2279 1853 2317 Francisco
1873 2279 2087 2328 Bosqueto,
2109 2280 2274 2318 Tolosae
2296 2279 2397 2319 4632
2456 2309 2459 2319 .

1442 2341 1503 2378 foi.
1527 2339 1670 2378 deinde
1705 2338 1960 2378 emendatior
1996 2351 2018 2378 a
2041 2339 2202 2379 Baluzio
2220 2345 2313 2380 ante
2337 2342 2399 2379 ln—

1442 2403 1611 2440 nocentii
1637 2403 1702 2441 lll.
1728 2402 1944 2453 Epistolas,
1970 2403 2091 2441 Paris.
2118 2403 2242 2450 4682,
2269 2403 2318 2441 fol
2358 2407 2397 2439 et
2471 2442 2473 2450 ¹

1440 2476 1461 2503 a
1490 2465 1703 2503 Muratorio
1733 2468 1760 2501 t.
1792 2465 1815 2503 3
1841 2465 2080 2514 scriptorum
2105 2464 2240 2503 ltaliae
2260 2475 2296 2514 p.
2321 2465 2396 2502 486
2464 2495 2474 2509 ,,

1441 2531 1480 2564 et
1502 2527 1538 2563 in
1561 2526 1754 2565 Johannis
1769 2527 1970 2576 Baptistae
1988 2526 2139 2566 Carusii
2155 2525 2396 2564 Bibliotheca

1443 2589 1635 2627 ilistorica
1656 2588 1812 2627 Siciliae
1832 2592 1860 2626 t.
1890 2588 1928 2627 2.
1953 2587 2135 2626 Panormi
2166 2585 2293 2634 4723,
2331 2587 2392 2625 fol.

1431 2680 1482 2706 est
1500 2674 1673 2713 judicare
1696 2675 1817 2713 major
1838 2683 1882 2705 ne
1907 2675 2037 2706 Orator
2061 2674 2109 2705 sit
2144 2681 2192 2704 an
2229 2671 2350 2705 Poeta.
2374 2677 2399 2704 t.
2467 2710 2476 2724 ·.

1434 2726 1484 2755 lV.
1508 2726 1595 2764 Opp.
1617 2724 1785 2756 Sabellici.

1495 2774 1532 2810 c)
1556 2774 1711 2804 Giornaie
1734 2773 1944 2805 de’ietterati
1982 2770 2123 2805 d’italia
2154 2775 2235 2804 tom.
2258 2772 2342 2802 xvii
2366 2779 2396 2810 p.
2464 2776 2467 2777 ⁷

1428 2822 1501 2855 281.
1526 2831 1559 2854 se
1587 2845 1597 2854 .

1497 2871 1534 2912 d)
1558 2831 1719 2903 gallandii
1751 2872 1857 2904 Fusci
1890 2871 1975 2902 haec
2013 2870 2213 2902 emendatio
2236 2873 2315 2907 est,
2339 2870 2399 2908 qui

1430 2926 1467 2954 ut
1507 2924 1724 2962 scr-‘'ptcrum
1746 2921 1826 2960 ejus
1849 2921 1982 2953 aetatis
2007 2923 2133 2960 captus
2165 2923 2244 2951 erat
2261 2943 2273 2959 ,
2296 2919 2397 2949 homo

1431 2974 1555 3005 doctus
1579 2978 1662 3004 ante
1687 2977 1826 3003 centum
1853 2975 1887 3003 et
1910 2971 2049 3010 aliquot
2073 2978 2189 3001 annos
2211 2970 2251 3001 in
2269 2968 2395 3001 Catul-

1430 3023 1503 3053 lnm
1527 3023 1620 3053 satis
1657 3022 1849 3061 diliqenter
1883 3021 2044 3063 scripsit.
2080 3024 2162 3051 tom.
2182 3020 2203 3051 5
2225 3018 2396 3058 Lampadis

1429 3065 1553 3095 artium
1579 3064 1802 3095 Gruter-ianae
1828 3069 1903 3102 pag.
1925 3062 1978 3097 54.

1503 3113 1535 3152 ε)
1558 3112 1695 3144 Fallitur
1731 3113 1834 3151 igitur
1868 3111 2032 3149 sandius,
2068 3111 2125 3150 qui
2149 3107 2395 3141 dedicationem

1430 3163 1520 3194 iliam
1543 3163 1646 3201 ipsius
1662 3163 1757 3193 Fusci
1774 3168 1843 3192 esse
1860 3162 2056 3192 existimans
2072 3156 2287 3199 reprehendit
2314 3158 2395 3187 Vos-

1428 3213 1538 3243 sium2
1569 3215 1601 3242 et
1622 3214 1765 3242 Fuscum
1790 3213 1852 3243 An.
1876 3209 1970 3241 1540.
1991 3209 2112 3240 vixisse
2130 3206 2194 3238 sibi
2217 3205 2393 3244 persuasit.

1488 3261 1529 3299 t)
1552 3261 1750 3299 Antiquitat.
1769 3261 1921 3290 Patavin.
1944 3265 2019 3298 pag.
2043 3256 2116 3288 240.

1487 3310 1523 3350 g)
1547 3312 1635 3340 Voss.
1659 3317 1732 3347 pag.
1753 3307 1826 3339 001.
1849 3302 1888 3339 de
1910 3309 1991 3338 nist.
2015 3307 2084 3336 Lat.

1492 3360 1529 3395 h}
1556 3360 1635 3388 illst.
1663 3360 1815 3395 Gymnas.
1842 3357 1991 3386 Patavin.
2016 3359 2094 3384 tom.
2117 3353 2137 3382 2
2162 3361 2194 3391 p.
2213 3350 2285 3385 177.

2207 3395 2250 3433 b.
2283 3393 2364 3432 SE-
