2500 3841
818 225 1358 265 CASTELLANUS

103 293 151 331 ad
174 295 348 333 Psalmos
373 293 498 331 multa
520 291 568 330 ad
592 291 758 331 verbum
776 292 1009 345 Anonymus
1033 306 1053 334 a

102 355 299 395 Stevartio
328 355 460 395 editus
497 354 545 393 de
580 354 856 395 Benedictione
895 357 964 395 Dei
1003 357 1052 396 ad

102 419 354 459 Bathericum
375 418 704 457 Ratisbonensem
727 417 986 470 Episcopum,
1011 421 1049 457 in

101 490 204 520 nova
225 482 471 532 Basnagiana
490 481 720 519 Lectionum
740 480 888 520 Canisii
915 481 1051 520 editio-

98 552 147 580 ne
170 546 265 581 tem.
286 545 332 582 II.
349 546 460 594 parte
479 542 515 590 2,
529 553 614 593 pag.
631 541 694 581 23.
711 553 794 592 seq.
811 543 919 588 Quae
937 554 1049 594 prae-

95 602 280 643 fationem
313 606 352 642 in
388 605 599 643 Historiam
628 603 949 643 Ecclesiasticam
978 606 1046 643 tri—

92 667 277 714 partitam
301 666 492 706 claudunt
511 666 633 704 verba
651 680 658 704 :
679 666 909 706 Cassioclorz'
922 667 1043 706 Senw

93 726 190 766 toris
204 759 214 777 ,
223 727 314 779 jam
335 728 498 767 Domino
516 731 750 779 praestante
770 728 952 767 conversi
970 741 1042 768 eoc-

85 786 202 838 plz'cz't
215 789 444 842 praefatio,
469 802 547 829 non
572 791 668 828 satis
692 791 927 828 confirmant
951 791 1045 830 Cas-

94 851 293 891 siodorum
317 863 367 891 ex
389 853 559 892 Ethnico
583 853 730 891 sactum
755 852 1041 901 Christianum,

88 913 158 951 sed
178 919 372 964 possunt,
397 926 441 954 ae
470 914 615 953 debent
645 916 685 952 ni
716 915 849 964 fallor,
880 914 928 953 de
956 916 1040 953 vita

85 976 299 1016 Monastica
327 978 513 1029 intelligi,
543 988 663 1027 quam
692 978 905 1027 postremis
934 977 1040 1014 vitae

88 1040 202 1077 annis
238 1051 372 1079 rerum
410 1041 627 1079 aulicarum
657 1043 864 1089 pertaesus
887 1039 1041 1078 Cassio-

85 1099 205 1140 dorus
228 1104 335 1141 vitae
361 1103 551 1142 mundiali
575 1101 773 1152 praetulit.

135 1164 357 1203 Novissime
384 1164 432 1203 ab
462 1164 734 1203 sollertissimo
766 1163 914 1202 laudati
952 1163 1039 1201 illu-

83 1226 176 1263 stris
216 1226 356 1276 Maffeji
385 1227 542 1274 studio,
571 1238 592 1265 a
623 1237 700 1276 quo
734 1237 879 1264 novam
915 1226 1034 1263 etiam

81 1285 258 1338 Operum
282 1288 505 1328 Cassiodori
534 1288 748 1327 editionem
778 1295 811 1336 a)
841 1288 1042 1327 Veronen-

83 1349 194 1388 sibus
219 1349 523 1388 describendam
548 1351 673 1400 typis,
686 1349 789 1399 jussi
809 1360 952 1388 sumus
971 1360 1040 1387 ex-

79 1415 281 1461 spectare,
312 1413 538 1462 accepimus
570 1410 870 1463 Compleoez'ones
916 1410 1036 1461 ejus,

81 1475 166 1512 sive
196 1474 479 1525 explicationes
492 1474 636 1512 breves
653 1473 693 1511 (ἠ
714 1472 914 1525 Epz'stolas
937 1471 1039 1523 Apo-

83 1536 299 1586 stolorum,
325 1536 366 1574 in
387 1535 488 1575 Acta
517 1540 555 1574 et
573 1535 862 1588 Apocalypsin,
886 1548 936 1574 ex
959 1536 1036 1574 MS.

80 1599 370 1639 Canonicorum
396 1598 690 1638 Veronensium
713 1600 887 1649 primum
917 1599 956 1635 in
979 1597 1038 1635 lu—

77 1673 163 1700 cem
187 1661 279 1700 data
300 1662 470 1699 Florent.
492 1659 587 1700 4721
605 1691 613 1707 ,
634 1663 668 1699 8.
695 1673 743 1700 ex
761 1672 839 1712 qua
858 1660 1029 1699 editione

74 1735 167 1762 cum
183 1723 380 1762 eruditam
404 1723 509 1761 Sam.
533 1723 744 1762 Chandleri
767 1724 898 1773 Episc.
915 1733 1027 1772 prae-

80 1787 224 1824 fatione
239 1796 404 1824 recusae
421 1789 514 1823 sunt
536 1785 700 1823 Londini
726 1784 840 1833 4722,
857 1785 892 1822 8.
910 1788 1029 1833 atque

78 1847 168 1886 inde
195 1847 442 1885 Roterodami
482 1845 609 1894 4723,
639 1847 674 1884 8.
707 1847 916 1896 Specimen
944 1845 1035 1883 cha-

81 1915 280 1949 racterum
309 1908 464 1948 Codicis
487 1909 753 1958 antiquissimi
776 1908 1028 1953 Veronensis,

80 1984 169 2012 aere
208 1971 452 2022 descriptum
471 2000 478 2018 ,
509 1971 605 2010 utile
642 1975 682 2008 et
715 1969 938 2019 jucundum
967 1974 1029 2007 est

74 2045 176 2086 pone
200 2035 370 2072 frontem
393 2034 480 2072 libri
502 2034 656 2072 intueri.
682 2034 828 2071 Harum
852 2032 1024 2081 comple-

72 2097 237 2135 xionum
265 2098 348 2146 ipse
378 2096 619 2134 mentionem
649 2095 740 2132 facit
768 2092 1027 2134 Cassiodorus

73 2160 113 2197 in
136 2159 376 2210 praefatione
399 2158 486 2196 libri
506 2157 555 2195 de
578 2155 876 2207 Orthographia.

134 2220 497 2261 CASTELLANUS
513 2217 804 2266 Bassz'anensz's,
821 2216 938 2267 cujus
953 2227 1038 2255 car-

81 2295 173 2323 men
190 2282 273 2334 jam
297 2294 416 2334 supra
444 2294 530 2334 pag.
561 2281 610 2321 47
616 2283 651 2321 4.
680 2280 902 2319 memoravi
931 2279 1036 2317 dica-

81 2351 168 2385 tum
196 2344 270 2384 An.
302 2344 417 2385 4327.
447 2345 656 2383 Francisco
679 2342 885 2389 Dandulo,
909 2341 1037 2379 Vene-

83 2409 229 2447 tiarum
256 2409 374 2452 Duci‚
397 2407 446 2445 de
469 2418 565 2458 pace
588 2406 831 2451 Venetiana,
858 2404 942 2441 sive
961 2403 1036 2441 Ve-

85 2471 203 2508 netiis
227 2470 323 2507 inita
345 2470 448 2507 inter
470 2467 723 2506 Fredericum
752 2464 1034 2503 Barbarossam

81 2533 364 2582 Imperatorem
397 2534 437 2568 et
473 2528 745 2568 Alexandrum
775 2527 840 2564 ΙΙΙ.
879 2525 1037 2563 Pontifi-

85 2604 172 2633 cem
195 2593 409 2631 Maximum
427 2619 436 2639 ,
460 2602 552 2629 cum
574 2591 830 2628 Venetiarum
850 2588 1036 2637 Princeps

91 2657 192 2695 foret
215 2653 471 2692 Sebastianus
496 2653 635 2690 Zanus.
657 2652 825 2690 Carmen
846 2659 922 2698 pro
946 2651 1038 2686 tem-

78 2714 248 2770 poribus
279 2713 366 2753 istis
395 2725 491 2753 sane
517 2711 692 2763 eleyans,
718 2711 818 2749 inter
841 2720 960 2747 veras
986 2709 1041 2748 Izi-

83 2778 230 2818 storias
253 2776 380 2828 mayz's
408 2786 527 2827 quam
546 2772 672 2826 falsas
698 2773 889 2824 fictasque
907 2777 1040 2822 poeta-

89 2853 183 2880 rum
210 2837 373 2893 fabulas
407 2836 696 2876 numerandum
712 2868 721 2884 ,
747 2841 791 2875 ut
815 2836 1040 2876 Bernhardo

88 2902 323 2944 Scardeonio
348 2903 387 2939 in
412 2900 585 2939 seeundo
615 2899 662 2937 de
692 2899 810 2937 rebus
834 2901 1035 2938 Patavinis

95 2967 333 3016 suffragatus
358 2963 493 3002 scribit
512 2963 676 3002 Vossius
695 2973 779 3011 pag.
800 2961 889 2999 798.
907 2961 955 3000 de
978 2963 1041 3001 Hi-

144 3099 178 3139 a)
199 3096 434 3138 Bibliotheque
459 3095 598 3137 italique
625 3099 705 3127 tom.
729 3097 779 3126 lv.
804 3103 879 3135 pag.
902 3095 973 3127 294.

143 3149 300 3182 Giornale
344 3148 564 3180 dc'Lettcrati
600 3146 630 3177 d·
656 3145 749 3176 ltalia
799 3150 880 3177 tom.
912 3147 1046 3177 xxxiii.

82 3206 176 3243 parte
197 3200 230 3232 2.
255 3209 327 3240 pag.
355 3199 430 3231 585.
459 3202 539 3230 tom.
561 3198 693 3228 xxxvl.
718 3204 792 3235 pag.
815 3195 890 3226 527.
913 3195 1047 3226 Journal

89 3252 145 3284 des
179 3253 321 3290 scavans
343 3252 403 3281 An.
430 3249 522 3280 1722.
547 3246 725 3279 Decembre
760 3254 834 3285 pag.
863 3245 933 3276 665.
969 3249 1048 3277 Acta

84 3301 302 3332 Eruditorum
327 3301 364 3330 Α.
388 3298 479 3331 1725.
508 3306 540 3338 p.
563 3297 616 3329 21.
638 3296 798 3328 Historie
825 3296 886 3327 cler
907 3295 1048 3328 Gelelzr-

87 3351 235 3383 sumkeit
260 3359 290 3390 p.
314 3349 387 3382 297.

2002 225 2075 264 331

1130 296 1284 333 storicis
1313 294 1477 332 Latinis,
1503 295 1557 332 De
1581 304 1675 344 pace
1699 294 1761 332 illa
1787 293 1982 332 videndus
2005 296 2076 332 Ba-

1129 359 1264 396 ronius
1293 357 1341 396 ad
1370 356 1531 396 Annum
1563 356 1677 396 4477.
1715 355 1791 395 Scd
1819 367 1979 395 carmen
2008 356 2074 395 ad-

1125 420 1202 458 huc
1235 419 1429 458 ineditum
1460 431 1548 457 esse
1578 419 1774 458 existimo.

1179 480 1406 520 Gualterz'us
1426 481 1630 532 Philippus
1649 480 2045 520 CASTELLIOMUS
2062 513 2070 530 ,

1122 545 1244 594 infra,
1269 544 1606 592 GUALTERIUS,
1631 545 1796 594 scriptor
1815 542 2071 583 Alexandrei-

1123 607 1204 645 dos.

1167 668 1371 708 Amandus
1400 667 1446 706 cle
1481 667 1767 717 CASTELLO,
1798 679 1942 718 supra,
1974 680 2058 719 pag.

1117 731 1178 770 77.
1201 729 1454 770 AMANDUS.

1169 790 1563 839 CASTERTONUS,
1594 791 1710 828 Baleo
1740 791 1801 830 VI.
1840 792 1900 830 79.
1939 794 2067 832 Pitseo

1116 868 1202 907 pag.
1229 853 1317 893 547.
1354 857 1394 892 et
1423 852 1598 891 Lelando
1627 863 1709 903 cap.
1742 853 1830 892 374.
1853 854 2067 894 CASTRO-

1114 918 1280 957 DUNUS
1298 946 1306 964 ,
1329 916 1580 954 Norvicensis
1599 915 1814 953 Monachus
1838 916 1875 954 S.
1901 917 2066 955 Benedi-

1115 981 1168 1018 cti
1191 980 1294 1018 circa
1317 978 1475 1017 Annum
1504 978 1617 1016 4382.
1658 979 1826 1028 scriptor
1853 978 2064 1016 Commen-

1114 1042 1303 1080 tariorum
1325 1041 1364 1078 in
1388 1040 1538 1089 aliquot
1560 1039 1759 1090 Epistolas
1782 1040 1916 1090 Pauli,
1941 1045 2060 1091 atque

1114 1105 1152 1141 in
1173 1103 1450 1153 Apocalypsin.

1163 1166 1197 1203 F
1198 1164 1404 1203 ranciscus
1419 1163 1559 1202 Dantz's
1575 1165 1614 1202 F.
1631 1163 2060 1215 CASTILIONENSIS,

1114 1229 1198 1265 sive
1222 1226 1592 1267 CASTILIONEUS
1611 1255 1619 1274 ,
1640 1227 1864 1266 Canonicus
1893 1228 1930 1266 S.
1964 1229 2064 1268 Lau-

1111 1290 1228 1327 rentii
1252 1293 1292 1327 et
1316 1289 1516 1327 Professor
1536 1288 1670 1326 Theol.
1694 1293 1812 1338 atque
1835 1289 1909 1327 An.
1946 1291 2059 1330 4474.

1111 1352 1293 1389 Decanus
1316 1350 1595 1398 Florentinus,
1620 1350 1751 1388 clarus
1775 1352 1945 1390 amicitia
1974 1357 2060 1392 tum

1112 1413 1279 1451 aliorum
1317 1414 1493 1451 virorum
1531 1412 1764 1459 illustrium,
1805 1418 1892 1452 tum
1927 1415 2060 1453 Jacobi

1112 1475 1387 1523 Picolominei,
1413 1473 1632 1513 Cardinalis
1653 1476 1877 1525 Papiensis,
1903 1481 1942 1514 et
1963 1478 2061 1515 Mar-

1112 1538 1186 1575 silii
1209 1538 1350 1585 Ficini,
1374 1547 1474 1586 quae
1498 1548 1547 1574 ex
1573 1537 1723 1574 mutuis
1746 1537 1887 1575 horum
1905 1538 2062 1588 Episto-

1110 1599 1157 1638 lis
1180 1600 1455 1649 cognoscitur:
1487 1599 1644 1648 scripsit
1666 1597 1738 1636 An.
1773 1599 1885 1637 4459.
1906 1611 1950 1638 60
1975 1601 2058 1651 ipso

1108 1673 1222 1706 anno.
1239 1673 1316 1711 quo
1340 1662 1379 1700 S.
1404 1659 1622 1698 Antoninus
1645 1660 1750 1707 obiit,
1767 1660 2059 1713 Archiepiseopi

1107 1723 1229 1773 hujus
1253 1723 1467 1761 Florentini
1490 1722 1636 1771 vitam,
1662 1722 1710 1760 de
1734 1734 1811 1772 qua
1831 1721 1912 1772 jam
1938 1734 2058 1774 supra

1110 1796 1196 1834 pag.
1223 1786 1312 1823 444.
1343 1786 1587 1822 mentionem
1626 1784 1752 1822 facere
1787 1796 1849 1823 me
1886 1787 2060 1824 memini.

1106 1847 1161 1884 De
1189 1847 1375 1893 caeteris,
1398 1847 1612 1884 maximam
1635 1850 1788 1896 partem
1819 1847 1976 1886 ineditis
2000 1849 2059 1885 vi-

1105 1909 1153 1947 de
1182 1909 1367 1947 Vossium
1397 1920 1482 1959 pag.
1515 1909 1602 1946 595.
1633 1908 1834 1947 Oudinum
1864 1913 1956 1947 tom.
1988 1911 2051 1948 III.

1103 1983 1189 2022 pag.
1220 1971 1334 2011 2262.
1368 1975 1407 2009 et
1436 1971 1585 2009 Julium
1615 1970 1778 2021 Nigrum
1803 1973 1841 2008 in
1866 1972 2058 2010 Florenti—

1107 2044 1248 2071 norum
1270 2034 1507 2082 scriptorum
1532 2033 1694 2071 historia
1717 2045 1803 2083 pag.
1831 2034 1917 2071 490.
1943 2035 2062 2084 inpri-

1105 2097 1183 2132 mis
1204 2095 1381 2133 Diariurn
1401 2094 1659 2133 Eruditorum
1697 2095 1830 2133 Italiae
1855 2100 1950 2133 tom.
1972 2097 2057 2134 XV.

1105 2168 1192 2207 pag.
1223 2157 1312 2195 328.
1342 2167 1440 2206 seqq
1482 2157 1552 2194 Illa
1581 2161 1700 2194 sunt:
1729 2157 1840 2196 Vitae
1874 2158 2060 2196 Vectorini

1107 2217 1349 2267 Feltrensz's,
1376 2219 1436 2256 sui
1467 2220 1759 2269 Praeceptoris:
1793 2218 1962 2258 Orlandi
1988 2221 2062 2258 Bo-

1108 2280 1241 2330 narll,
1271 2280 1567 2331 Archiepiscopi
1603 2281 1840 2320 Florentini:
1886 2281 2061 2321 Christo—

1102 2342 1221 2394 phorz
1243 2342 1289 2381 de
1306 2342 1465 2393 Poqyto,
1483 2342 1825 2394 Archipresbyteri
1844 2347 2062 2383 Bononien-

1110 2406 1165 2443 sis
1194 2410 1234 2444 et
1264 2406 1300 2444 S.
1334 2406 1494 2443 Antonii
1526 2405 1667 2443 Vicarii
1700 2406 1928 2445 Generalis:
1963 2408 2063 2446 Con-

1109 2467 1269 2505 fessoris
1312 2468 1351 2506 S.
1387 2467 1604 2515 Dmm‘m'cz‘,
1636 2472 1675 2505 et
1704 2480 1753 2506 ex
1789 2470 2060 2507 Dominicano-

1108 2540 1196 2567 rum
1221 2528 1367 2568 Ordine
1397 2530 1466 2567 SS.
1496 2528 1684 2568 Vincente'c‘
1708 2530 1912 2577 Fert-erit,
1944 2529 2055 2567 Petri

1112 2590 1340 2629 Veronensis
1382 2592 1588 2640 Martyris,
1622 2590 1784 2629 leomae
1812 2591 2052 2641 qucz'natis,

1108 2652 1268 2691 Antonii
1293 2651 1338 2690 cle
1366 2650 1515 2702 Rz'polis
1531 2654 1564 2700 a)
1591 2653 1736 2701 (Rivoli)
1762 2652 2054 2702 Pedemontani,

1112 2714 1292 2765 discipuli
1324 2716 1362 2752 S.
1388 2713 1577 2752 Antonini
1596 2718 1635 2752 et
1655 2726 1675 2752 a
1691 2714 1906 2753 Tudctanis
1925 2745 1932 2763 ,
1954 2715 2059 2765 quod

1112 2780 1201 2826 post
1229 2776 1506 2825 transfugium,
1528 2787 1550 2813 a
1569 2775 1862 2814 Mahomedanis
1882 2776 1930 2815 ad
1950 2777 2044 2816 Chri

1112 2838 1261 2876 stianos
1304 2836 1498 2885 redierat,
1528 2838 1657 2875 occisi.
1688 2838 1822 2876 Sermo
1852 2838 1900 2876 ad
1930 2839 2053 2877 Cano-

1114 2901 1220 2937 nicos
1256 2899 1294 2938 S.
1324 2900 1521 2937 Laurentii
1560 2899 1777 2939 Florentiae
1820 2898 1866 2938 cle
1907 2900 1988 2938 vita
2017 2901 2056 2939 S.

1113 2961 1267 3009 Marci,
1299 2963 1336 2998 in
1367 2972 1444 3010 quo
1472 2960 1520 2999 de
1550 2960 1738 3012 dignitate
1767 2962 1967 3000 Ecclesiae
1995 2973 2062 3013 pa-

1115 3024 1211 3062 triae
1229 3024 1266 3062 S.
1286 3023 1494 3062 Laurentio
1516 3033 1649 3062 sacrae
1667 3053 1674 3072 ,
1695 3028 1733 3062 et
1753 3028 1979 3063 sanctorum
2003 3035 2065 3062 re«.

1170 3192 1205 3229 b)
1228 3194 1317 3223 Hanc
1345 3192 1489 3224 Leander
1512 3193 1662 3224 Albertus
1687 3193 1745 3227 lib.
1767 3194 1785 3223 2
1824 3202 1900 3233 pag.
1924 3193 1975 3224 50.
2001 3201 2067 3225 una

1111 3252 1186 3276 cum
1209 3244 1241 3273 S.
1263 3244 1421 3273 Antonini
1445 3245 1514 3274 vila
1538 3243 1595 3274 lib.
1618 3243 1803 3283 5.1›ag.04.
1827 3245 1965 3275 inseruit
1978 3245 2068 3283 operi

1110 3301 1169 3325 suo
1193 3293 1232 3324 de
1254 3293 1334 3323 viris
1354 3292 1538 3325 illustribus
1557 3293 1689 3326 Ordinis
1713 3294 1995 3326 praedicatorum.
2013 3296 2071 3325 Βο-

1112 3352 1188 3376 non.
1218 3340 1305 3374 1517.
1330 3341 1384 3374 sol.
