2500 4009
360 229 439 269 270

358 296 502 350 quibus
510 294 665 349 quidem
680 290 856 332 omnibus
868 288 956 328 licet
963 286 1157 339 pleraque
1166 284 1314 332 videas,

361 362 399 396 et
420 358 550 396 omnia
577 355 678 407 forte
696 349 946 403 perceperis,
983 358 1050 398 eya
1088 351 1219 385 tamen
1247 342 1321 383 tibi

359 432 494 458 reram
517 423 554 456 et
573 413 824 468 fidelissimus
848 409 954 449 testis
974 420 1075 448 sum.
1092 409 1193 449 Cum
1212 407 1315 447 enim

358 483 486 533 ipsum
499 482 587 532 jam
607 477 674 515 (liu
693 473 929 525 recepissem
954 472 993 510 in
1004 471 1151 524 filium,
1177 470 1314 523 etipse

356 556 398 582 se
417 536 536 582 totuni
558 537 851 578 conversatione
874 535 1087 575 domestica
1124 533 1224 573 mihi
1248 532 1315 575 ‹le-

358 606 481 645 derit.
508 607 628 641 totum
664 611 852 651 αφιοεοο,
890 602 1090 650 totumque
1112 595 1311 646 discussi,

356 680 425 705 nec
449 678 506 705 me
527 669 652 717 potest
671 664 709 702 in
731 662 867 715 atiquo
882 694 892 711 ,
919 665 1025 700 tanto
1050 665 1220 713 tempore
1256 658 1314 698 la-

356 730 486 768 tuisse.
505 727 700 767 Continua
715 726 937 766 etstudiosa
949 723 1061 764 nobis
1077 722 1312 763 consuetudo

349 793 441 844 suit,
467 795 505 830 et
529 803 618 829 cum
642 789 688 828 de
712 789 863 828 cunctis
901 800 1003 841 quae
1044 798 1313 840 componerem

344 855 480 906 judea:
504 857 624 902 esset,
647 857 686 892 et
707 864 774 904 eqo
796 863 967 908 suarum
985 862 1124 890 rerum
1159 848 1314 887 arbiter

351 929 472 956 versa
494 917 595 963 vice,
621 927 690 954 nos
714 919 848 954 mutuo
882 913 986 954 sicut
1017 913 1175 966 ferrum
1201 911 1312 964 ferro

351 979 531 1020 acuitur.
553 989 851 1017 emacueramus
870 1008 877 1025 ,
902 989 971 1016 nec
990 976 1108 1030 facile
1136 975 1313 1015 dicerim

355 1045 393 1079 et
414 1053 469 1080 ea:
492 1041 562 1081 hoc
581 1041 689 1080 dulci
702 1045 740 1080 et
757 1040 912 1080 honesto
951 1039 1204 1079 contubernio
1227 1042 1316 1078 uter

354 1109 531 1144 nostrum
567 1103 660 1156 plns
693 1103 922 1157 profecerit.
973 1104 1141 1155 Uterque
1186 1106 1317 1141 tamen

356 1166 550 1205 eruditior
573 1166 725 1215 evasit,
749 1171 795 1206 ut
814 1165 940 1219 fateri
970 1168 1148 1218 oporteat
1181 1167 1316 1203 mutuo

351 1241 422 1268 nos
443 1228 554 1268 nobis
568 1228 694 1282 fuisse
712 1229 890 1268 vicissim
905 1226 1119 1279 discipulos
1138 1230 1175 1266 et
1192 1226 1317 1278 magi-

352 1295 468 1330 stros.
495 1292 540 1330 In
562 1303 731 1343 quorum
752 1290 957 1339 memoria,
980 1290 1076 1329 dum
1094 1289 1190 1328 haec
1218 1287 1318 1328 scri-

353 1352 500 1402 berem.
525 1354 656 1393 minus
680 1358 895 1402 commotus
911 1365 1016 1399 sum,
1039 1365 1129 1392 cum
1150 1364 1209 1390 me
1229 1363 1316 1391 scn-

353 1416 446 1454 tiam
470 1416 542 1455 tali
562 1417 665 1455 socio
687 1416 833 1469 talique
852 1415 1058 1468 praesidio
1073 1414 1313 1454 destitutum.

351 1479 535 1518 Mau-ima
558 1479 715 1532 quidem
739 1479 990 1527 certitudine,
1016 1478 1061 1517 de
1078 1488 1315 1530 quacunque

353 1554 397 1580 re
420 1541 642 1580 amborum.
664 1542 900 1581 consentiret
933 1541 1152 1580 auctoritas
1166 1572 1174 1588 ,
1214 1543 1316 1578 tene-

353 1603 507 1644 bamur.
535 1605 647 1643 Nunc
666 1609 798 1643 autem
830 1616 899 1643 nec
923 1603 1089 1642 habeam
1117 1602 1222 1655 quod
1249 1601 1315 1639 do-

350 1678 458 1704 ceam
477 1699 484 1707 .
511 1678 577 1705 nec
598 1671 635 1705 et
656 1679 681 1704 a
706 1678 781 1718 quo
806 1667 970 1706 discam.
987 1666 1065 1706 Sed
1079 1666 1172 1704 haec
1196 1664 1307 1704 satis.

356 1729 431 1766 Tuo
461 1729 616 1780 quidem
651 1729 846 1768 commodo
877 1733 911 1768 et
935 1729 1076 1767 honori
1114 1740 1185 1768 suo
1224 1738 1312 1765 mea

352 1790 458 1829 decet
475 1791 713 1830 incommoda
729 1790 975 1842 posthabere.
999 1791 1140 1829 Tamen
1153 1789 1207 1828 ad
1223 1790 1315 1828 Leo-

353 1853 521 1892 nardum
557 1858 731 1893 nostrum
750 1867 826 1906 pro
852 1853 1096 1893 conclusione
1130 1855 1309 1892 reverta-

349 1919 415 1953 tur
436 1915 574 1953 oratio.
600 1915 732 1954 Habes
758 1916 889 1955 virum
900 1914 1054 1967 fidelem
1075 1918 1110 1953 et
1131 1914 1308 1965 intessrae

347 1976 577 2017 conditionis
619 1982 656 2016 et
688 1978 839 2017 mentis.
865 1977 954 2017 Scio
978 1976 1075 2029 quid
1105 1975 1244 2029 loquor
1273 1980 1310 2015 et

347 2039 452 2090 quod
473 2040 685 2080 CHRISTI
703 2040 856 2080 vicario
874 2039 1024 2092 loquor.
1043 2038 1309 2089 Quamobrem

350 2101 487 2140 hortor
507 2106 545 2141 et
566 2106 669 2154 opto,
693 2102 796 2155 quod
823 2104 926 2141 Tuae
949 2101 1176 2141 clementiae
1189 2105 1226 2140 et
1242 2100 1313 2139 hu-

347 2164 531 2202 manitati
548 2165 696 2204 charus
712 2166 787 2214 sit,
805 2169 842 2204 et
855 2177 943 2203 eum
960 2168 1155 2216 eoepertus
1169 2162 1311 2216 fueris,

345 2238 419 2277 pro
445 2227 596 2265 meritis
620 2226 786 2266 honores
809 2227 911 2275 suis,
936 2226 1008 2278 qui
1027 2226 1103 2265 via:
1118 2226 1314 2277 connitum

350 2287 560 2327 honorasti.
587 2288 740 2338 Quibus
764 2289 953 2342 quicquid
970 2289 1068 2340 fides
1097 2293 1133 2327 et
1161 2288 1310 2327 devotio

347 2362 435 2388 mea
458 2355 635 2391 meretur
657 2352 821 2391 accedat
841 2351 1028 2404 supplico.
1058 2353 1118 2391 Me
1153 2350 1310 2403 quidem

349 2413 388 2450 in
413 2413 509 2464 ipso.
532 2426 621 2453 cum
650 2415 865 2467 plusquam
902 2413 1110 2453 dimidium
1153 2413 1311 2452 animae

350 2486 459 2514 meae
483 2477 552 2524 sit,
578 2476 786 2529 reputabO,
808 2477 914 2516 sicut
933 2488 1022 2515 eum
1039 2476 1309 2523 honoraveris,

350 2538 596 2577 honoratum.
610 2540 661 2578 Et
675 2539 771 2578 haec
786 2539 896 2578 satis.
915 2541 1037 2591 Spero
1058 2538 1213 2595 quidem
1229 2538 1312 2577 sine

349 2601 444 2640 meis
469 2605 506 2639 et
526 2600 698 2640 aliorum
728 2602 938 2653 suffrarjiis
962 2600 1197 2653 beniqnitate
1230 2600 1312 2638 Tua

351 2667 388 2701 et
405 2664 549 2702 virtute
573 2676 648 2703 sua
669 2665 845 2716 qratiam
860 2664 944 2704 suis
963 2663 1116 2703 meritis
1140 2661 1311 2702 debitam

349 2725 390 2762 in
419 2726 520 2763 Tune
544 2727 767 2766 sanctitatis
790 2726 900 2766 oculo
924 2739 1013 2766 eum
1040 2729 1309 2777 reperturum.

356 2788 430 2825 Pro
455 2787 597 2827 honore
613 2793 745 2827 autem
761 2801 832 2829 suo
853 2793 890 2828 et
911 2790 1007 2841 quia
1027 2788 1103 2828 sibz
1118 2787 1209 2828 talis
1222 2800 1312 2827 con-

352 2849 436 2900 tiyit
457 2850 654 2899 (lominus,
680 2850 837 2903 qualem
855 2855 984 2903 potest
995 2851 1071 2891 imo
1086 2850 1207 2900 debet,
1226 2850 1312 2903 qui-

352 2922 501 2963 cunque
512 2913 665 2951 servire
682 2912 901 2964 majoribus
909 2925 949 2952 se
965 2913 1143 2967 disponit,
1160 2917 1309 2965 optare,

351 2977 455 3012 statu
477 2986 689 3024 summum,
709 2974 943 3026 beniqnitate
965 2977 1313 3029 conspicuum,na-

352 3037 443 3072 tura
464 3036 609 3085 mitem,
636 3038 903 3088 munificentia
924 3039 1169 3090 larqisluum,
1185 3041 1311 3078 mente

355 3095 677 3151 intelliqentiaque
696 3104 982 3152 praestantem,
1014 3102 1158 3154 quique
1191 3101 1313 3140 nemi-

352 3168 437 3194 nem
453 3170 546 3197 naso
565 3162 944 3212 snspendita‘lnncO,
961 3167 1007 3202 ut
1017 3163 1199 3213 Flaccus,
1215 3175 1313 3215 yra-

358 3217 459 3254 tulor
485 3223 559 3258 tota
585 3228 716 3262 mente.
739 3226 862 3275 Spero
882 3225 1038 3277 quidem
1055 3226 1201 3266 virtute
1230 3227 1312 3265 Tua

357 3282 392 3318 et
412 3278 602 3330 probitate
624 3295 699 3322 sna
720 3286 852 3326 videre
873 3288 1088 3340 scientiam,
1111 3288 1216 3341 quod
1242 3301 1312 3327 ra-

356 3340 512 3381 fl'SSime
530 3341 583 3392 fit
597 3355 670 3393 pro
686 3348 833 3388 meritis
854 3349 1094 3390 honoratam.
1121 3349 1213 3392 Vale
1238 3351 1311 3390 Pa-

1217 216 1510 256 RRUNL'S

1391 290 1451 324 ter
1478 284 1746 325 sanctissime.
1770 287 1873 326 Sunt
1908 287 1980 339 qui
2008 290 2148 341 putent
2176 299 2235 327 me
2267 286 2354 328 Tibi

1382 347 1520 400 prima
1539 347 1702 400 epistola
1721 348 1986 402 displicuisse,
2012 350 2117 403 quod
2136 354 2174 390 et
2191 362 2259 403 eqo
2287 363 2353 391 ve-

1387 422 1522 460 rerer,
1538 411 1618 450 nisi
1629 411 1734 464 quod
1749 411 1829 464 ipse
1844 411 1942 452 nihil
1955 412 2223 466 respondendo
2239 412 2356 453 suasi

1386 473 1486 513 mihi
1501 478 1536 514 te
1558 474 1710 514 laesum
1733 474 1759 513 ὰ
1778 486 1838 514 me
1861 474 1902 514 in
1919 474 2053 528 atiquo
2081 487 2158 515 non
2188 479 2348 529 putare.

1386 537 1466 576 Nec
1489 536 1722 577 humilitatis
1754 537 1857 577 enim
1888 548 1958 578 nec
1999 537 2218 590 benignitas
2247 541 2353 578 esset

1381 611 1553 652 parcere
1567 599 1630 640 vel
1644 599 1784 640 leviter
1804 601 1926 640 Tuam
1940 599 2214 641 celsitudinem
2232 600 2352 652 offen-

1386 662 1503 702 denti.
1527 662 1750 702 Florentiae
1779 663 1881 703 VIII.
1906 662 2003 703 Idus
2026 662 2206 703 Seaetilis.

1442 726 1503 765 Ex
1528 727 1688 776 scriptis
1721 725 1957 774 Leonhardi,
1986 737 2088 775 quae
2113 735 2257 775 magno
2280 736 2354 764 nu-

1388 799 1497 827 mero
1521 787 1628 838 apud
1648 787 1800 827 Julium
1822 789 1985 839 Nigrum
2005 798 2092 838 pag.
2114 786 2191 826 352
2212 797 2295 837 seq.
2312 791 2354 825 ct

1387 855 1480 890 ante
1504 849 1705 901 Epistolas
1730 851 1946 901 Hamburgi
1977 859 2163 897 recusae,
2184 848 2290 888 edita
2312 853 2353 888 et

1389 912 1535 952 inedita
1560 917 1869 962 enumerantur,
1891 913 2104 964 praecipua
2125 915 2246 951 sunt:

1442 978 1475 1016 4.
1500 975 1701 1015 Historiae
1718 974 1968 1015 Florentinae
1988 972 2087 1013 libri
2102 973 2181 1013 XII
2195 985 2219 1014 a
2234 974 2347 1014 Sixto

1388 1041 1599 1087 Brunonc,
1640 1038 1851 1078 Dobelensi
1887 1039 2051 1077 Misnico
2084 1038 2222 1077 Latine
2257 1036 2350 1076 editi

1389 1100 1639 1152 Argentorati
1658 1102 1758 1141 4640
1782 1101 1844 1140 fol.
1869 1112 1962 1140 cum
1981 1100 2111 1139 versio
2130 1099 2264 1139 Italica
2277 1099 2354 1139 Do-

1391 1164 1471 1202 nati
1493 1162 1704 1213 Acciajuoli
1729 1163 1890 1214 saepius
1911 1160 1994 1213 jam
2013 1161 2183 1201 vidisset
2203 1162 2351 1210 lucem,

1390 1226 1565 1264 Yeiietiis
1591 1225 1692 1265 4476
1732 1225 1794 1264 fol.
1820 1225 1991 1263 Florent.
2019 1225 2134 1265 4492.
2171 1225 2350 1264 Venetiis

1392 1288 1505 1338 4:561,
1529 1289 1562 1326 4.
1580 1292 1655 1327 etc.
1675 1287 1802 1326 Orsus
1823 1289 1882 1326 est
1899 1298 2005 1337 eam,
2023 1287 2151 1338 inquit
2163 1287 2348 1338 Poggius,

1382 1349 1504 1402 paulo
1527 1362 1655 1401 supra
1679 1349 1995 1389 trecentesimum
2024 1361 2174 1388 annum
2188 1380 2198 1398 ,
2223 1361 2250 1388 a
2272 1360 2348 1402 quo

1389 1416 1559 1464 tempore
1582 1423 1648 1451 res
1671 1411 1811 1464 populi
1837 1411 1868 1451 F
1871 1411 2059 1452 torentini
2078 1411 2268 1452 certiores
2292 1422 2349 1450 eae

1387 1475 1642 1526 superiorum
1665 1474 1825 1527 scriptis
1856 1473 2093 1528 referuntur
2111 1497 2138 1504 -
2153 1497 2180 1504 -
2202 1477 2240 1513 et
2259 1485 2349 1513 cum

1387 1537 1642 1576 constitueret
1661 1536 1715 1576 ad
1736 1536 1832 1576 haec
1858 1540 1998 1576 nostra
2021 1540 2198 1589 tempora
2219 1547 2346 1588 usque

1386 1599 1592 1639 historiam
1608 1599 1822 1652 prosequi,
1846 1598 1949 1639 bella
1972 1598 2231 1649 solummodo,
2249 1611 2353 1651 quae

1385 1674 1474 1701 cum
1490 1662 1624 1714 priori
1637 1664 1744 1702 Duce
1764 1662 1978 1703 Mediolani
1987 1662 2184 1713 qessimus
2205 1663 2215 1713 t
2225 1673 2352 1713 usquc

1385 1725 1433 1764 ad
1455 1726 1618 1764 Annum
1640 1727 1775 1775 4420.)
1796 1725 2056 1777 conscripsit,
2081 1724 2243 1776 reliqua
2257 1736 2352 1776 per-

1385 1787 1505 1838 ficere.
1525 1790 1728 1826 conantem
1753 1799 1861 1826 mors
1887 1786 2112 1838 interrupit.
2356 1834 2362 1842 ι

1440 1851 1514 1899 (48
1534 1851 1620 1888 Lat.
1649 1852 1687 1887 et
1713 1848 1802 1887 Ital.
1829 1861 1856 1887 a
1880 1849 1929 1887 D.
1954 1847 2160 1888 Acciaioli.
2181 1847 2352 1888 Firenze

1382 1913 1433 1951 Le
1461 1911 1640 1951 Monnier
1673 1913 1790 1952 4856.
1822 1912 1887 1960 8.)

1436 1975 1472 2013 2.
1493 1976 1641 2014 Rerum
1655 1985 1726 2013 suo
1752 1977 1923 2026 tempore
1944 1973 1984 2012 in
2005 1972 2125 2013 Italia
2144 1977 2352 2026 qestarum

1381 2034 1434 2074 ab
1463 2035 1574 2076 Anno
1606 2037 1712 2077 4578
1743 2047 1872 2088 usque
1900 2035 1956 2076 ad
1986 2035 2145 2076 Annum
2176 2037 2295 2077 4440.
2327 2036 2349 2059 *

1389 2098 1708 2138 Commentarius
1722 2130 1733 2147 ,
1753 2099 1930 2138 Venetiis
1958 2098 2085 2152 4475,
2106 2099 2209 2140 4485
2226 2099 2288 2139 fol.
2308 2103 2349 2138 et-

1387 2161 1433 2200 ad
1450 2163 1600 2201 calcem
1610 2162 1796 2201 historiae
1808 2162 2234 2214 Florentinae‚Argent.
2247 2163 2261 2202 4
2272 2162 2341 2201 604

1391 2224 1453 2262 fol.
1481 2223 1602 2274 Lugd.
1624 2225 1725 2264 4539
1745 2256 1753 2274 ,
1773 2228 1793 2265 4
1817 2228 1857 2263 et
1880 2225 2098 2264 novissime
2121 2228 2287 2264 curante
2303 2225 2347 2263 l).

1387 2287 1443 2324 Jo.
1468 2286 1585 2325 (icrh.
1614 2287 1869 2327 Meuschenio
1888 2288 1915 2337 †
1940 2289 2018 2328 Frf.
2044 2286 2173 2337 4732,
2199 2288 2220 2326 4
2244 2291 2286 2327 et
2310 2287 2349 2326 iu

1386 2352 1480 2387 tom.
1502 2350 1595 2388 XIX
1616 2350 1854 2401 scriptorum
1879 2350 2038 2401 Italiae,
2063 2352 2247 2402 Corporis
2270 2351 2349 2390 Me-

1384 2410 1635 2450 diolanensis.
1660 2413 1805 2452 Exstat
1827 2417 1868 2452 et
1892 2414 2028 2453 Italica
2048 2414 2180 2453 versio
2201 2413 2344 2452 Donati

1385 2472 1591 2524 Acciajoli,
1621 2475 1929 2523 Venetiisibsst,
1957 2476 1991 2514 4.
2015 2476 2080 2515 cui
2110 2476 2348 2515 Franciscus

1387 2535 1634 2575 Sansovinns
1656 2538 1996 2576 continuationem
2015 2536 2200 2588 adjunxit
2221 2548 2348 2588 usqne

1385 2597 1433 2637 ad
1456 2598 1618 2638 Annum
1643 2599 1760 2639 4560.

1439 2662 1474 2700 3.
1496 2660 1772 2713 Epistolarum
1794 2660 1917 2701 libros
1943 2664 2027 2700 octo
2050 2661 2179 2701 editos
2213 2661 2350 2714 Augu-

1385 2729 1469 2762 stae
1493 2724 1596 2776 apud
1621 2724 1910 2764 Knnblochium
1940 2724 2014 2764 An.
2041 2725 2136 2765 4524
2166 2728 2208 2764 et
2241 2725 2350 2764 Basi-

1385 2787 1467 2825 leae
1488 2787 1591 2838 apud
1613 2789 1827 2827 Henricum
1856 2788 1961 2826 Petri
1987 2788 2118 2838 4535,
2142 2787 2178 2826 8.
2201 2798 2253 2827 ex
2275 2789 2349 2826 Ba-

1385 2850 1542 2887 silecnsi
1585 2849 1756 2889 editione
1793 2851 1930 2890 curavi
1962 2849 2098 2889 recudi
2131 2849 2347 2900 Hamburgi

1386 2912 1505 2960 4724,
1521 2911 1624 2951 8.Ab
1640 2923 1685 2951 co
1701 2916 1879 2964 tempore
1897 2917 2034 2952 autem
2054 2911 2244 2953 beneficio
2266 2923 2350 2951 me-

1386 2975 1563 3013 ritissimi
1582 2976 1660 3014 Viri
1675 2974 1872 3013 Joachimi
1883 2973 2068 3026 Neqelein
2082 3005 2092 3024 ,
2108 2973 2343 3015 Pastor-isael

1385 3037 1423 3075 S.
1451 3038 1592 3077 Mariae
1629 3042 1670 3076 ct
1705 3038 1942 3076 Professoris
1975 3036 2344 3087 Norimbergensis,

1386 3100 1516 3138 evolvi
1546 3099 1731 3141 Codicem
1766 3098 1844 3139 MS.
1869 3099 1938 3149 qui
1967 3110 2044 3138 non
2068 3097 2184 3138 modo
2218 3096 2346 3137 editas

1440 3260 1453 3274 ⁸
1476 3263 1652 3301 Pei-peram
1674 3258 1762 3301 apud
1788 3259 1912 3291 lulium
1937 3260 2073 3299 Nigrum
2107 3265 2180 3300 pag.
2204 3257 2266 3290 5:52
2290 3257 2342 3290 bis

1385 3318 1542 3343 oxomum
1568 3310 1661 3342 1404.

1442 3360 1466 3400 †
1490 3365 1569 3394 Acta
1594 3361 1693 3394 Erud.
1718 3362 1755 3393 Α.
1780 3358 1860 3392 1752
1881 3366 1955 3400 pag.
1980 3358 2051 3391 460.
