2500 3841
784 237 1331 278 FLORENTlNUs

67 321 157 349 rum
187 319 322 348 rerum
347 309 626 347 Francicarum
649 319 736 360 pag.
760 310 838 349 564
863 311 938 350 565
964 312 1022 349 in—

67 377 180 422 tegra
203 371 242 408 In
265 369 475 408 Mabillonii
499 369 612 408 Actis
637 370 872 411 Sanctorum
896 375 1021 412 Bene-

68 432 204 470 dictin.
225 431 312 470 Sec.
336 430 375 469 2.
400 441 486 481 pag.
514 432 602 470 439.

120 491 436 530 FLORENTIUS
458 492 685 532 Bravonius
705 525 713 544 ‚
737 495 952 533 Monachus
983 497 1020 533 in

67 552 208 605 Anglia
237 551 454 594 Wiccensis
472 581 480 601 ,
498 554 583 592 sive
614 554 912 604 Wae'gyorniensis,
925 557 1022 594 scri-

67 617 158 665 ptor
191 612 383 653 Chronica·
418 625 474 652 eae
515 613 723 655 Chronicis
760 623 794 664 a)
832 617 881 654 ab
917 617 1021 655 Orbe

30 687 34 690 ·
67 675 225 714 condito
262 674 311 713 ad
340 676 496 714 Henrici
518 676 532 713 I
552 707 564 724 ,
606 681 809 727 tempora,
832 679 932 715 -sive
969 677 1017 716 ad

67 737 231 775 Annum
255 737 410 775 CHristi
436 737 553 776 4447.
577 738 677 776 Nam
710 749 827 776 anno.
843 740 1022 789 proximo

70 799 185 837 4448.
202 799 324 837 Nonis
340 799 431 837 Julii
457 809 507 836 ex
532 799 604 837 hac
629 800 710 838 vita
728 799 927 838 discessit.
943 801 1023 838 Pri-

14 853 19 861 ‘
68 870 160 897 mus
188 859 313 897 edidit
341 859 566 898 Guilelmus
595 860 818 898 Howardus
837 891 847 907 ,
884 864 1022 910 postea

68 920 214 959 Comes
237 920 677 970 Northamptoniensis,
703 921 869 959 Londini
894 922 1021 968 4592,

23 1006 28 1010 ἡ
70 982 105 1019 4.
136 980 352 1031 subjuncta
374 981 604 1020 ANONYMI
629 982 784 1020 Veteris
819 982 1023 1023 conti-nua-

67 1042 168 1081 tione
207 1044 256 1082 ab
297 1043 373 1082 An.
403 1044 506 1082 4448
529 1043 578 1082 ad
610 1043 726 1082 4444.
756 1044 856 1083 Cum
881 1043 1021 1081 eadem

67 1105 363 1158 continuatione
391 1116 581 1143 recusum
611 1109 674 1143 est
710 1105 817 1154 typis
852 1103 1022 1142 Weche-

67 1166 184 1204 lianis
213 1165 459 1204 Francofurti
490 1167 615 1215 4604,
660 1167 723 1204 sol.
761 1165 1020 1216 subjunctum

67 1227 263 1266 Matthaeo
288 1227 724 1266 Westmonasteriensi.
754 1228 1020 1278 Compositam

67 1300 91 1328 a
130 1289 327 1327 Florentio
367 1288 669 1327 Continuatz'one
709 1288 891 1328 Mariani
916 1287 1024 1327 Scoti

71 1351 152 1401 (qui
174 1351 213 1388 in
240 1350 314 1389 An.
359 1351 461 1389 4083
501 1351 658 1397 desinit)
692 1351 740 1389 ad
781 1362 855 1389 sua
892 1361 1022 1400 usque

67 1417 274 1464 tempora,
298 1411 435 1451 laudat
464 1412 615 1451 nullam
651 1413 834 1452 Chronici
874 1412 1022 1450 faciens

68 1474 313 1513 mentionem
337 1473 536 1512 Lelandus
558 1484 642 1524 cap.
666 1475 740 1513 449
779 1475 843 1512 cui
880 1473 1023 1511 Baleus

66 1537 102 1575 II
121 1568 132 1585 ,
158 1536 209 1574 66
236 1535 419 1586 adjungit
442 1535 587 1574 libr-um
620 1534 667 1573 de
689 1533 812 1574 rebus
840 1534 907 1574 sui
930 1534 1025 1573 Coe-

68 1595 177 1636 nobii
186 1602 227 1636 et
241 1597 363 1636 alium
377 1595 425 1635 de
439 1595 571 1647 reqali
582 1595 801 1648 Anylorum
811 1596 1022 1648 prosapia,

67 1670 90 1698 a
118 1670 197 1709 quo
225 1660 385 1698 Pitseus
405 1670 491 1710 pag.
516 1658 592 1698 497
621 1659 725 1697 male
754 1659 963 1710 distinguit
979 1660 1022 1697 li-

67 1722 184 1760 hrum
208 1720 256 1759 de
279 1720 527 1771 Genealoyiis
548 1722 722 1771 Regum,
762 1732 882 1771 quem
913 1725 1023 1759 notat

67 1782 346 1832 Cantabrigiae
369 1784 522 1821 servari
542 1782 621 1825 MS,
645 1784 684 1820 in
709 1783 882 1832 Collegio
899 1783 939 1821 S.
954 1784 1024 1821 Be-

73 1844 235 1883 nedicti.
258 1845 372 1883 Hunc
395 1844 556 1883 Caveus
572 1848 680 1882 recte
696 1845 851 1882 monuit
866 1848 1025 1882 exstare

70 1906 119 1945 ad
148 1906 300 1945 calcem
327 1905 538 1953 Chronici,
568 1905 662 1943 edit.
694 1904 814 1943 Lond.
855 1916 947 1944 nam
986 1906 1023 1943 in

72 1969 138 2007 illa
167 1979 254 2018 pag.
286 1968 373 2006 566.
405 1967 549 2019 Incipit
566 1965 717 2017 reyalis
727 1967 922 2019 prosapia
945 1966 1026 2005 An-

67 2029 227 2081 ylorum
250 2028 485 2069 descendens
508 2027 559 2067 ab
590 2028 731 2067 Adam.
772 2029 850 2067 Sed
884 2030 1021 2068 eadem

73 2093 218 2143 legitur
241 2093 360 2130 etiam
387 2093 424 2129 in
451 2091 707 2129 Wecheliana
722 2102 810 2141 pag.
836 2092 927 2130 688.
950 2092 1023 2130 An.

74 2165 147 2193 nos
163 2154 319 2193 CHristi
340 2163 552 2192 numerare
573 2153 768 2202 incipiens
788 2152 1025 2200 Florentius,

71 2217 125 2254 ita
147 2219 381 2266 computat,
421 2218 466 2253 ut
495 2224 598 2252 anno
636 2214 762 2263 primo
801 2214 1024 2253 secundum

71 2288 205 2317 aeram
228 2277 405 2326 Dionysii
428 2276 570 2326 Exigui
590 2304 598 2324 ,
622 2286 754 2313 annus
776 2277 935 2324 XXIII,
962 2288 1024 2315 se-

72 2339 251 2377 cundum
273 2337 539 2388 Evangelium
563 2336 814 2386 respondeat,
831 2337 1021 2388 illumque

70 2399 268 2451 duplicem
302 2411 423 2449 quem
454 2410 614 2449 semper
650 2398 836 2436 observat
860 2409 1022 2449 compu—

70 2466 156 2500 tum
180 2461 332 2500 orditur
355 2461 417 2499 his
437 2461 570 2499 verbis
591 2473 599 2498 ε
624 2459 853 2498 Incarnatio
882 2470 1020 2498 secun-

68 2522 163 2561 dum
186 2522 486 2562 DIONYSIUM
505 2522 666 2573 incipit,
702 2521 925 2572 conscripta
942 2534 1019 2573 per

69 2584 259 2633 ordinem,
279 2583 484 2622 contraria
503 2583 780 2622 Incarnationi
802 2582 1018 2621 secundum

67 2646 437 2686 EVANGELIUM..

120 2705 1017 2758 FLORENTINUSAnonymusHistoriaeFlo-

66 2765 247 2805 rentinae
269 2771 408 2806 auctor
431 2767 480 2806 ab
499 2764 576 2805 An.
605 2767 706 2804 4405
730 2766 779 2804 ad
807 2766 906 2803 4438
934 2765 1016 2802 edi-

66 2833 134 2867 tus
168 2839 189 2867 a
227 2828 484 2867 celeberrimo
512 2828 725 2866 Muratorio
755 2830 849 2864 tom.
891 2825 1013 2873 XIX,

65 2891 304 2941 scriptorum
325 2902 462 2929 rerum
485 2890 711 2929 Italicarum
735 2917 743 2936 ,
769 2899 846 2926 non
877 2888 1014 2926 Latine

66 2953 252 3002 scripsit,
272 2951 344 2991 sed
372 2952 521 2991 Italice.

122 3037 156 3077 a)
179 3038 309 3071 Gildam
323 3062 333 3076 ‚
350 3037 472 3070 Bedam
487 3061 497 3077 ,
513 3037 660 3069 Adonem
673 3057 686 3074 ,
704 3036 888 3066 Marianum
903 3057 913 3071 ,
932 3036 1024 3074 Sige-

59 3090 194 3121 bertum
220 3092 254 3119 et
277 3087 403 3119 similes
426 3088 580 3127 religiose
615 3090 772 3123 secutus,
805 3086 891 3115 sicut
915 3086 1023 3124 ipsum

61 3141 226 3179 sequntur
251 3140 284 3168 et
306 3136 444 3168 laudant
466 3137 644 3168 Gualterus
669 3135 915 3165 coventriensis
930 3156 938 3171 ‚
961 3136 1025 3164 Ila-

65 3188 212 3227 nulphus
236 3185 408 3226 Higdenus
424 3210 434 3224 ,
457 3185 626 3217 Johannes
649 3187 770 3215 Rossus
798 3186 830 3212 et
857 3182 912 3213 alii
929 3206 938 3220 ‚
967 3191 1026 3214 no-

61 3239 154 3269 tante
187 3235 332 3268 Lelando
364 3243 438 3275 cap.
465 3234 535 3266 149.
561 3238 594 3265 et
619 3234 716 3264 Baleo
740 3234 780 3262 11,
803 3231 855 3263 66.
879 3233 1024 3263 Insertos

63 3288 166 3318 etiam
189 3285 235 3317 illi
261 3287 330 3317 suis
352 3285 434 3317 locis
457 3286 614 3324 antiquos
637 3282 935 3320 Anglo-Saxonum
956 3283 1025 3312 An-

60 3335 150 3367 nates
165 3359 174 3373 ‚
201 3336 334 3367 vossius
357 3342 433 3374 pag.
456 3334 528 3365 507.
554 3333 698 3364 monuit.

1976 243 2053 283 579

1149 311 1339 350 FLORES
1356 309 1644 357 Historiarum,
1663 310 1774 359 infra,
1788 310 1921 351 Julius
1939 314 1965 351 F
1970 313 2050 352 LO-

1094 373 1190 411 RUS
1214 377 1254 410 ct
1278 371 1568 410 MATTIIAEUS
1592 371 2049 414 westmonasteriensis,

1150 433 1342 472 FLORES
1394 433 1652 484 Temporum,
1699 435 1800 473 infra
1820 465 1828 481 ,
1878 436 2053 475 MART!-

1095 495 1193 533 MJS
1224 496 1515 533 Franciscanus
1535 499 1576 532 et
1599 495 1905 535 HERMANNUS
1928 498 2052 536 Janu—

1094 567 1214 594 ensis.

1150 618 1275 657 FLOS
1305 616 1507 656 FLORUM
1537 617 1760 656 Chronicon
1782 620 1821 656 in
1846 618 1920 657 An.
1946 619 2049 658 4399

1097 678 1302 717 desinens.

1147 739 1420 778 FLORETUS.
1445 739 1544 778 Vide
1575 750 1696 789 supra
1725 740 1762 777 in
1793 741 2049 780 BERNHAR-

1094 802 1161 840 DO
1191 805 1287 838 tom.
1318 802 1353 838 4.
1384 811 1471 849 pag.
1505 801 1582 839 213
1613 805 1733 850 atque
1764 802 1864 840 infra
1905 805 1942 841 in
1984 804 2050 841 Jo-

1095 861 1242 900 hauries
1271 860 1483 900 GERSON.

1145 922 1492 961 FLORIACENSE
1515 922 1740 961 Chronicon
1761 924 1883 963 breve
1908 926 1956 964 ab
1975 925 2051 965 An.

1095 987 1172 1024 645
1195 984 1242 1023 ad
1268 985 1369 1023 4060
1396 985 1435 1021 in
1459 984 1609 1022 Baluzii
1643 985 1858 1024 Miscellan.
1893 991 1987 1024 tom.
2012 988 2047 1025 ⁵2.

1093 1058 1181 1097 pag.
1206 1045 1395 1085 303-307.
1419 1044 1827 1084 FLORIACENSIUM
1851 1045 2047 1086 Abbatum

1094 1108 1320 1157 Catalogus.
1345 1106 1380 1144 id
1402 1110 1498 1144 tom.
1526 1108 1561 1144 4.
1588 1117 1674 1156 pag.
1702 1107 1889 1145 494-493.

1146 1167 1398 1208 FLORIANA
1421 1166 1467 1206 de
1487 1166 1668 1215 Seelsen,
1703 1168 1752 1206 de
1782 1179 1860 1218 qua
1885 1169 2051 1208 Chroni-

1093 1242 1167 1270 con
1181 1231 1428 1269 Huxariense
1444 1241 1465 1268 a
1482 1229 1708 1269 Christiano
1725 1230 1934 1268 Francisco
1950 1231 2033 1269 Pau

1094 1293 1173 1331 lino
1197 1292 1349 1330 editum
1364 1290 1413 1329 ad
1428 1290 1591 1329 Annum
1609 1291 1711 1329 4290
1728 1289 1841 1328 docta
1864 1290 2048 1329 monialis

1095 1353 1136 1391 in
1162 1352 1266 1393 valle
1286 1352 1399 1400 DEI,
1425 1355 1463 1390 et
1485 1352 1691 1390 Priorissa
1715 1349 1874 1400 ibidem,
1894 1351 2048 1403 eleyan-

1097 1419 1172 1453 tem
1196 1415 1399 1453 homiliam
1424 1413 1473 1451 de
1498 1413 1576 1451 filio
1600 1412 1743 1451 viduae
1758 1412 1857 1451 Nain
1874 1412 1929 1451 ad
1947 1415 2049 1452 Hen-

1096 1478 1221 1515 ricum
1246 1475 1562 1525 Hornburgicum
1586 1473 1759 1525 scripsit.
1798 1475 1956 1512 Promte
1994 1473 2047 1512 lo-

1096 1536 1295 1590 quebatur
1318 1535 1454 1575 Latine
1475 1549 1484 1572 :
1504 1548 1545 1574 in
1568 1535 1847 1574 controversiis
1877 1539 1915 1574 el
1941 1535 2043 1573 arti-

1097 1599 1198 1639 culis
1234 1597 1348 1637 Ficlei
1371 1596 1464 1636 bene
1485 1596 1722 1643 eoeercitata,
1746 1600 1792 1634 ul
1825 1608 1933 1643 sane,
1971 1596 2052 1635 nisi

1095 1661 1294 1701 silentium
1325 1660 1540 1712 imponeret
1573 1657 1732 1696 mulieri
1767 1657 1975 1709 Apostolus
2011 1659 2051 1697 in

1098 1723 1291 1770 Ecclesia,
1303 1721 1456 1761 erudite
1467 1719 1910 1772 potuissetconcionari,
1923 1719 2049 1758 altera

1098 1786 1308 1825 Anastasia
1330 1814 1340 1831 ,
1367 1784 1527 1830 Helena,
1549 1782 1744 1832 Gorgania
1768 1786 1807 1820 et
1831 1782 2048 1820 Roswitha.

1098 1847 1219 1886 Addit
1235 1847 1353 1884 etiam
1374 1844 1593 1894 Epistolam
1610 1843 1938 1881 HenriciAbbatis
1954 1844 2048 1882 Cor-

1099 1909 1273 1959 bejensis
1297 1938 1304 1956 ,
1336 1917 1456 1956 quam
1481 1904 1619 1943 eodem
1645 1904 1719 1942 An.
1754 1905 1855 1943 4290
1881 1904 1930 1942 ad
1965 1905 2048 1943 Flo-

1100 1973 1252 2009 rianam
1277 1969 1376 2007 lecta
1403 1966 1490 2016 ejus
1514 1965 1675 2004 homilia
1698 1966 1890 2003 exaravit.

1152 2030 1432 2070 FLORIANUS
1456 2027 1503 2066 de
1526 2029 1669 2067 Sancto
1684 2028 1813 2076 Petro,
1829 2027 2047 2064 Bononien-

1101 2096 1156 2132 sis
1185 2091 1503 2131 Jurisconsultus
1533 2091 1636 2128 circa
1665 2088 1827 2126 Annum
1854 2088 1956 2127 4435
1979 2099 2049 2125 cu-

1097 2155 1166 2205 jus
1194 2153 1507 2193 Commentarios
1544 2153 1581 2188 in
1618 2151 1779 2200 Digesta
1802 2153 1843 2187 et
1865 2148 2050 2188 Codicem

1100 2217 1235 2256 laudat
1256 2214 1502 2254 Trithernius
1525 2223 1610 2263 cap.
1636 2211 1726 2250 788.
1752 2213 1808 2249 De
1839 2222 1885 2249 eo
1915 2210 2051 2249 Panci-

1098 2279 1221 2317 rollus
1246 2278 1305 2325 ΙΙ,
1337 2277 1400 2314 85.
1430 2276 1586 2312 Marcus
1615 2274 1776 2318 Mantua
1799 2284 1886 2322 pag.
1911 2271 2001 2310 465.

1149 2339 1172 2362 *
1194 2337 1411 2377 Florianus
1435 2335 1482 2374 de
1497 2336 1537 2374 S.
1555 2336 1670 2373 Petro
1694 2336 1773 2384 agri
1792 2333 2052 2372 Bononiensis

1095 2401 1247 2452 Oppido
1271 2401 1375 2438 circa
1398 2409 1460 2436 an.
1488 2398 1588 2436 4400
1614 2396 1790 2434 florebat.
1812 2395 1909 2433 Eius
1941 2404 2053 2443 repe-

1094 2464 1178 2500 titio
1204 2472 1324 2511 super
1349 2460 1388 2497 L.
1415 2458 1559 2496 civitas
1586 2457 1628 2506 ff.
1659 2455 1697 2494 si
1717 2458 1869 2494 certum
1889 2457 2052 2505 petatur

1092 2524 1186 2563 Cod.
1210 2523 1299 2561 224.
1330 2522 1408 2559 MS.
1430 2522 1468 2558 in
1494 2518 1733 2557 Bibliotheca
1756 2517 1968 2554 Feliniana.
1994 2515 2048 2552 Ibi

1091 2586 1238 2635 pariter
1257 2586 1369 2621 extat
1393 2580 1608 2630 disputatio
1632 2579 1796 2616 Floriani
1820 2576 1859 2615 in
1880 2574 2051 2613 materia

1090 2642 1393 2696 leyitimationis.
1424 2640 1613 2679 Eiusdem
1653 2639 1818 2676 Floriani
1854 2642 1938 2674 tres
1970 2636 2048 2674 cle-

1089 2711 1229 2758 gantes
1258 2704 1549 2755 disputationes
1576 2700 1705 2739 editae
1740 2701 1777 2736 in
1821 2699 1949 2737 lucem
1980 2710 2049 2748 per

1090 2772 1274 2818 nepotem
1302 2776 1420 2804 suum
1451 2764 1737 2811 Hieronymum
1775 2761 1830 2798 De
1869 2760 1908 2797 S.
1934 2761 2047 2797 Petro

1089 2842 1138 2869 ex
1177 2827 1353 2879 originali
1389 2826 1644 2876 depromptae
1686 2823 1814 2861 lucem
1860 2821 2046 2859 viderunt

1088 2893 1284 2930 Bononiae
1314 2889 1422 2938 typis
1453 2889 1669 2937 impressae
1705 2896 1769 2922 an.
1795 2885 1808 2922 4
1822 2883 1911 2921 492.
1931 2883 2046 2921 Eius—

1090 2953 1180 2991 dem
1208 2962 1327 3002 super
1350 2949 1474 2989 XXII.
1492 2949 1743 2995 Digestorum
1768 2945 1896 2983 titulis
1921 2945 1958 2980 in
1984 2943 2046 2981 fol.

1091 3013 1248 3062 Neapoli
1287 3023 1355 3061 per
1393 3008 1650 3048 Bertholdum
1689 3007 1829 3055 llihing
1865 3005 2047 3054 Argenti-

1093 3085 1257 3112 nensem
1285 3070 1386 3111 4475
1407 3074 1446 3108 et
1469 3068 1672 3107 Mediolani
1697 3079 1758 3105 an.
1786 3066 1885 3105 4497
1905 3096 1913 3113 ,
1937 3070 1963 3102 t.
1982 3066 2046 3105 IV.

1146 3134 1342 3173 FLORlDI
1361 3132 1465 3170 Horti
1484 3131 1718 3173 Chronicon,
1735 3138 1853 3177 supra
1867 3128 1905 3164 in
1924 3126 2045 3165 EMO·

1092 3197 1156 3236 Mi
1184 3206 1268 3246 pag.
1298 3195 1388 3232 506.

1146 3255 1458 3295 FLORILEGUS
1494 3255 1597 3290 inter
1638 3252 1889 3298 ilistoricos,
1926 3249 2042 3298 vide,

1094 3316 1379 3357 MATTHAEUS
1399 3314 1854 3354 Wcstnionastmiensis.
