2500 3841
801 200 1388 240 CONSTANTINUS

103 277 143 312 et
166 273 204 310 in
227 269 541 319 Antiquitatibus
557 269 851 309 Viennensibus
866 271 1057 310 Johannis

102 333 288 373 Lievraei.
325 333 380 369 De
418 341 464 369 eo
504 341 601 368 num
641 330 818 371 Canones
851 332 1057 372 Trullanos

99 394 393 434 confirmaverit
430 393 493 431 hie
531 393 848 445 Constantinus,
883 395 973 434 vide
1003 398 1057 434 sis

100 458 262 507 Pagium
298 455 347 495 ad
384 454 544 494 Annum
584 455 738 494 CHristi
768 455 858 496 740.
886 469 994 496 num.
1021 459 1056 497 2.

100 518 160 558 Ad
180 518 299 567 hunc,
315 517 505 556 Johannis
525 518 948 570 Constantinopolitani
968 521 1060 571 Epi—

102 577 203 620 stola
225 580 479 630 Apologetica
503 579 605 631 apud
634 581 834 620 Labbeum
870 586 962 620 tom.
984 583 1057 631 Vl,

102 654 188 694 pag.
214 642 331 682 4440.
356 642 603 681 Harduinum
627 646 721 680 tom.
747 644 812 692 111,
829 655 915 695 pag.
942 645 1055 683 4838.

153 703 535 745 CONSTANTINUS
546 704 761 756 Anti—Papa
776 706 824 745 ab
839 705 953 745 Anno
970 706 1057 756 767,

101 770 125 807 5
156 764 272 815 julii,
295 767 413 818 cujus
436 767 538 806 duae
557 766 760 818 Epistolae
790 769 839 807 ad
860 771 1056 820 Pipinum⁷

101 832 140 868 in
171 830 315 869 Codice
347 831 527 870 Carolino
553 831 602 868 98
630 835 670 870 et
694 832 742 869 99
767 831 815 870 de
839 844 916 882 quo
940 843 1056 883 supra

99 904 187 944 pag.
214 893 256 932 34
271 892 308 931 7.
332 892 430 932 Vide
456 892 628 932 eundem
647 894 810 945 Pagium
831 894 879 933 ad
896 893 1055 933 Annum

99 953 203 1003 747,
234 966 342 994 num.
370 955 392 993 3
418 966 501 1005 seq.

150 1016 532 1057 CONSTANTINUS
554 1016 678 1070 Afer,
702 1017 792 1057 vide
816 1029 934 1066 mox,
959 1017 1056 1057 Cas-

97 1078 281 1118 sinensi‘s.

151 1141 529 1182 CONSTANTINUS
554 1142 849 1192 Caesaream,
864 1141 980 1193 eujus
997 1142 1055 1180 hi-

97 1205 260 1243 storiam
283 1206 498 1244 Romanam
523 1217 573 1244 ex
598 1207 736 1244 Latino
760 1206 908 1244 Graece
929 1207 1053 1244 vertit

97 1266 289 1318 Georgius
304 1267 545 1318 Zegabenus.
561 1267 659 1306 Vide
669 1267 858 1307 Allatium
871 1267 919 1306 de
934 1268 1054 1306 Geor-

93 1329 166 1379 giis
187 1341 272 1380 pag.
297 1331 387 1368 350.
409 1330 521 1379 (tom.
546 1330 594 1368 X.
631 1330 894 1368 Bibliothecae
933 1330 1053 1369 Grae-

95 1401 163 1429 cae
186 1403 272 1441 pag.
307 1390 413 1440 479.)

148 1452 529 1493 CONSTANTINUS
545 1452 850 1504 Cartlzusianus,
865 1453 964 1492 infra
980 1454 1051 1492 Pe-

94 1513 295 1565 reyrinus.

152 1576 537 1617 CONSTANTINUS
559 1576 654 1617 Afer
691 1589 742 1617 ex
782 1578 1021 1629 Carthagine
1040 1609 1048 1628 ,

91 1639 304 1678 Monachus
328 1639 376 1678 ab
400 1638 515 1678 Anno
541 1641 655 1680 4086.
687 1640 934 1690 Cassmesis,
967 1640 1048 1679 An-

90 1702 224 1739 tonino
249 1701 471 1740 Florentino
494 1706 590 1741 tom.
616 1703 680 1740 III.
704 1713 885 1741 summae
906 1703 1041 1741 histor.

92 1774 178 1814 pag.
204 1764 292 1803 583.
320 1763 598 1804 Constantinus
619 1763 876 1816 Philosophus
894 1796 905 1813 ,
931 1767 1045 1804 Petro

96 1825 265 1863 Diacono
289 1836 372 1876 cap.
403 1826 480 1874 23,
504 1825 552 1864 de
576 1827 672 1863 viris
703 1827 923 1865 illustribus
953 1828 1046 1866 Cas-

97 1887 343 1936 sinensibus,
362 1885 642 1938 Philosoplm'cis
662 1887 805 1927 studiis
820 1887 1047 1940 plenissime

96 1947 275 1987 eruditus
316 1949 486 1989 Orientis
520 1953 557 1988 et
585 1949 803 1988 Occidentis
832 1951 1046 2002 Mayister,

94 2021 295 2063 novusque
328 2011 517 2063 effulyens
560 2012 829 2064 Hippocrates.
870 2014 965 2052 Vide
1007 2019 1048 2053 et

95 2074 267 2111 Leonem
290 2073 515 2113 Ostiensem
541 2076 606 2113 ΙΙΙ.
631 2076 692 2114 34,
719 2076 832 2114 Plura
853 2076 988 2115 Medici
1008 2081 1047 2115 et

95 2135 318 2187 Philosophi
340 2139 563 2187 argumenti
589 2138 672 2188 ipse
697 2138 881 2189 scripsit,
903 2139 978 2176 alia
997 2150 1047 2177 ex

97 2198 268 2248 Graeco,
292 2199 481 2238 Hebraico
505 2231 513 2250 ,
537 2199 703 2239 Arabico
730 2202 867 2239 Latine
900 2201 1047 2249 vertit,

94 2272 195 2310 quae
210 2261 327 2301 retuli
343 2262 380 2298 in
397 2261 638 2300 Bibliotheca
651 2262 871 2311 GraeeaVI,
891 2263 1045 2301 9.Tom.

92 2323 196 2368 XIII,
234 2334 320 2374 pag.
346 2324 422 2364 423
446 2353 454 2372 ,
484 2335 567 2374 seq.
598 2324 723 2375 Opera
746 2325 917 2374 junctim
942 2324 1046 2363 edita

96 2384 268 2423 Basileae
294 2385 422 2434 4536,
454 2386 515 2424 fol.
556 2387 593 2426 2.
625 2386 715 2424 voll.
755 2391 936 2425 recenset
974 2387 1049 2426 Ge—

99 2455 257 2484 snerus.

147 2506 540 2557 CONSTANTINUS,
552 2511 636 2548 sive
653 2510 782 2560 potius
798 2509 1048 2550 CONSTAN-

94 2569 208 2608 TIUS
227 2570 275 2618 a),
299 2570 510 2620 Presbyter
534 2571 822 2622 Luqdunensis,
846 2573 948 2611 cirea
967 2572 1047 2610 An-

94 2642 188 2669 num
209 2631 282 2670 480
299 2661 306 2680 ,
323 2633 385 2671 cui
408 2632 592 2671 Sidonius
626 2633 863 2684 Apollinaris
890 2635 1046 2684 Episto-

95 2693 152 2732 las
165 2704 258 2732 suas
271 2693 531 2733 defaecandas
547 2696 820 2746 limandasque
833 2698 1042 2742 commisit,

93 2756 260 2805 scriptor
280 2755 385 2795 Vitae
401 2758 440 2796 S.
460 2757 666 2805 Germani,
685 2757 1043 2797 Autissiodorensis

90 2817 274 2868 Episcopi
290 2817 364 2856 An.
384 2819 470 2866 448,
491 2819 680 2867 defuncti,
697 2820 742 2858 ad
766 2822 983 2859 patientem
1005 2821 1040 2870 b)

93 2878 401 2930 Lugdunensem
418 2884 457 2919 et
471 2881 704 2920 Censorium
722 2881 751 2919 A
760 2881 1042 2921 utissiodoren-

92 2952 177 2980 sem
202 2942 437 2993 Episcopos‚
462 2942 570 2981 libris
595 2944 640 2981 ΙΙ.
665 2945 731 2993 qui
756 2948 917 2982 exstant
937 2945 1039 2995 apud

146 3036 180 3077 a)
202 3037 431 3070 Constantium
454 3041 655 3080 Episcopum
679 3044 799 3072 vocant
827 3040 944 3072 lsidori
978 3042 1042 3073 Co-

87 3087 178 3120 dices
203 3095 276 3128 eap.
299 3087 329 3120 4.
348 3089 387 3120 de
410 3090 440 3120 S.
453 3091 490 3120 E.
516 3090 572 3121 ubi
599 3089 736 3123 sortasse
763 3089 940 3130 legendum
961 3091 1047 3123 Con-

89 3137 248 3168 stantius
284 3132 455 3178 Episcopi
480 3140 648 3171 Germani
688 3141 798 3170 vitam
836 3141 1046 3181 contemnit,

88 3195 154 3218 non
182 3188 414 3220 Constantius
438 3191 646 3230 Episcopus.

148 3236 183 3276 b)
206 3239 286 3270 Vide
307 3239 465 3271 Sandium
492 3241 532 3272 ad
558 3242 709 3271 vossium
736 3247 811 3279 pag.
838 3239 897 3278 12,
924 3249 991 3280 seq.
1015 3246 1046 3272 et

91 3285 131 3317 de
155 3287 312 3320 Censorio
328 3313 338 3328 ,
362 3291 430 3321 sive
454 3290 612 3321 censurio
646 3289 805 3322 Jacobum
836 3292 981 3330 llas-uage
1003 3292 1042 3323 ad

89 3335 256 3369 canisium
281 3342 362 3371 tom.
386 3341 421 3379 l,
448 3349 520 3379 pag.
547 3339 620 3370 404.

2004 203 2076 243 391

1131 273 1290 312 Surium
1317 275 1356 310 et
1395 272 1433 310 in
1457 270 1568 310 Actis
1600 272 1835 310 Sanctorum
1873 273 1914 310 34
1974 273 2079 311 Julii.

1130 334 1226 373 Vide
1265 335 1499 373 Tillemontii
1543 334 1752 373 memorias
1789 333 1940 373 Eccles.
1986 338 2080 373 tom.

1131 398 1214 444 XV,
1239 409 1325 448 pag.
1348 398 1387 446 6,
1409 409 1491 448 seq.
1517 402 1557 436 et
1580 397 1829 436 Dominicum
1851 397 1899 436 de
1922 397 2082 437 Colonia

1133 460 1169 497 in
1186 459 1545 498 historialitteraria
1559 459 1815 511 Lugdunensi
1830 464 1925 498 tom.
1943 460 1978 508 Ι,
1994 472 2082 511 par-

1133 527 1171 560 te
1196 523 1231 571 2,
1255 533 1341 573 pag.
1369 523 1457 570 484,
1482 533 1564 573 seq.
1589 523 1645 561 De
1665 522 1803 561 eodem
1825 522 1862 561 S.
1884 522 2080 561 Germano

1134 584 1257 631 infra,
1281 584 1478 622 ERICUS.

1186 645 1533 685 CONSTANTlNU
1537 645 1563 683 S
1573 645 1813 696 Pereyrinus
1826 646 2084 685 Carthusien-

1132 709 1210 757 sis,
1231 712 1367 747 auctor
1389 706 1541 758 speculi
1553 708 1658 745 aurei
1677 706 1833 746 animae
1850 709 2082 759 peccatricis

1132 770 1180 808 de
1200 771 1422 820 cognitione
1444 770 1523 817 sui,
1544 773 1633 819 post
1650 774 1852 808 vetustam
1870 770 2083 809 editionem

1131 833 1266 871 excusi
1304 830 1511 882 Antwerp.
1552 831 1682 880 4635,
1713 832 1748 869 8.
1788 833 1934 871 Fratris
1970 835 2084 872 Pere-

1130 894 1229 944 grini
1249 894 1448 944 regionem
1463 894 1802 944 Divinaepaginae
1818 905 1980 945 peregre
1997 906 2084 945 pro-

1130 957 1343 995 ficiscentis
1367 966 1572 994 sermones
1597 955 1645 993 de
1667 959 1845 1005 tempore
1865 960 1905 994 et
1923 956 2080 995 Sanctis

1129 1030 1199 1069 per
1223 1018 1417 1057 circulum
1447 1019 1539 1056 anni
1562 1047 1570 1066 ,
1594 1015 1639 1056 A.
1668 1017 1796 1065 4493,
1824 1018 1858 1055 4.
1891 1017 1987 1055 Vide
2012 1020 2085 1056 To-

1127 1080 1213 1119 biae
1241 1079 1387 1119 Eckart
1416 1080 1647 1130 Catalogum
1683 1079 1789 1118 MSS.
1819 1079 2083 1118 Bibliothecae

1127 1142 1522 1193 Quedlimburgensis
1545 1153 1634 1194 pag.
1666 1142 1727 1181 43.

1180 1204 1563 1244 CONSTANTINUS
1592 1216 1642 1243 ex
1678 1205 1855 1243 eremitis
1896 1206 2084 1255 Hierony-

1127 1269 1268 1306 mianis
1292 1268 1395 1307 Petri
1426 1267 1475 1307 de
1497 1268 1620 1317 Pisis,
1642 1267 1802 1306 Ordinis
1821 1267 2082 1306 Praedicator.

1124 1328 1200 1368 An.
1216 1331 1229 1369 4
1243 1330 1331 1380 460,
1347 1332 1384 1368 in
1401 1331 1635 1370 Monasterio
1669 1330 1708 1369 S.
1725 1330 1938 1381 Rapha’elis
1956 1330 2084 1369 Vene-

1127 1392 1202 1440 tiis,
1219 1393 1377 1443 scripsit
1397 1392 1445 1431 de
1466 1393 1657 1442 martyrio
1674 1390 1837 1430 Antonii
1855 1391 1902 1431 (le
1923 1391 2082 1442 Ripolis.

1178 1453 1198 1477 ³¹⁵
1222 1455 1297 1500 Qui
1328 1466 1423 1493 sane
1452 1455 1739 1506 Religiosorum
1767 1456 1863 1505 ‚ordo
1888 1455 2002 1506 plane
2027 1454 2085 1493 di-

1123 1528 1268 1555 versus
1292 1521 1355 1555 est
1392 1517 1441 1555 ab
1476 1516 1558 1555 ord.
1594 1516 1938 1565 PraedIcatorum3
1960 1528 2083 1567 quare

1125 1578 1405 1617 emendandus
1431 1584 1493 1617 est
1522 1579 1585 1617 hie
1622 1580 1940 1630 FaBrieit153qi1i
1976 1579 2083 1618 hunc

1125 1642 1971 1692 scriptoremDominicanisaccenset.Porro
1982 1643 2084 1681 Con—

1126 1708 1239 1742 stans
1264 1705 1339 1742 iste
1363 1715 1413 1743 ex
1438 1704 1567 1743 insula
1607 1705 1692 1742 sive
1717 1704 1872 1755 Cypro,
1899 1705 1983 1743 sive
2007 1705 2080 1744 Ca-

1126 1766 1184 1816 pri
1212 1767 1394 1816 <variant
1418 1768 1523 1804 enim
1549 1767 1657 1805 MSS.
1689 1766 1836 1816 Codd.)
1859 1770 1978 1806 natus
2008 1771 2081 1806 est.

1119 1829 1331 1867 Historiam
1345 1829 1431 1867 eius
1447 1828 1496 1867 de
1514 1830 1704 1879 martyrio
1725 1829 1885 1868 Antonii
1902 1831 2077 1881 Ripolani

1119 1890 1395 1941 produxerunt
1419 1891 1662 1929 Bollandiani
1687 1892 1781 1929 socii
1816 1891 1864 1930 ad
1894 1892 1999 1930 diem
2030 1893 2080 1931 29

1118 1951 1300 2002 Augusti.
1325 1954 1421 1992 Erat
1449 1953 1648 1992 Antonius
1685 1954 1918 2004 Tripolanus
1952 1955 2076 2004 Ripoli

1120 2015 1159 2052 in
1197 2014 1450 2053 Pedemontio
1487 2020 1606 2054 natus
1635 2027 1684 2054 ex
1715 2015 1797 2055 ord.
1827 2016 2074 2055 Praedicato-

1121 2088 1211 2115 rum
1236 2077 1446 2126 sacerdos,
1468 2079 1535 2128 qui
1559 2089 1581 2116 a
1604 2079 1742 2128 piratis
1765 2083 1927 2129 captum
1948 2079 2079 2117 Tune-

1120 2142 1207 2177 tum
1229 2140 1449 2178 translatus
1474 2140 1572 2187 fuit⁷
1598 2140 1662 2178 ubi
1687 2145 1840 2190 martyr
1865 2140 2061 2179 occubuit.

1174 2199 1524 2241 CONSTANTIUS
1561 2201 1608 2240 de
1655 2201 1860 2241 Fabriano
1906 2203 2076 2241 Picenus

1120 2263 1212 2302 Ord.
1236 2264 1371 2303 Praed.
1411 2264 1627 2304 defunctus
1663 2264 1798 2304 Asculi
1838 2264 1912 2303 An.
1946 2265 2041 2304 4481
2069 2295 2077 2311 ,

1122 2327 1289 2377 scriptor
1320 2325 1431 2365 Vitae
1453 2327 1628 2377 Magistri
1650 2328 1710 2367 sui
1739 2326 1918 2367 conradi·
1939 2326 2080 2365 Brioei-

1119 2388 1252 2427 nensis
1271 2389 1519 2439 aliorumque
1540 2388 1720 2439 ejusdem
1738 2389 1917 2439 Ordinis,
1935 2394 1975 2427 et
1991 2400 2077 2427 ser-

1119 2463 1278 2489 monum
1320 2451 1369 2490 de
1393 2456 1570 2502 tempore
1595 2458 1635 2490 et
1658 2452 1706 2490 de
1747 2452 1915 2491 Sanctis.
1942 2452 2079 2488 Diver-

1120 2525 1190 2552 sus
1214 2514 1262 2551 ab
1286 2514 1360 2552 hoc
1403 2512 1784 2552 CONSTANTINUS
1820 2512 1866 2551 cle
1897 2511 2042 2551 Asculo
2060 2544 2072 2561 ,

1120 2584 1402 2622 Dominicanus
1433 2588 1472 2621 et
1499 2585 1581 2633 ipse
1602 2584 1705 2621 eirca
1742 2583 1902 2621 Annum
1944 2584 2072 2631 4348,

1118 2644 1235 2695 cujus
1258 2644 1479 2696 questiones
1504 2649 1727 2683 memorant
1745 2644 2037 2695 Philosophicas
2061 2676 2069 2694 ,

1118 2707 1372 2757 Theologieas
1392 2735 1400 2753 ,
1426 2707 1657 2745 Canonicas.

1166 2768 1466 2809 CONSTANTII
1492 2769 1589 2807 liber
1619 2768 1666 2807 de
1703 2769 1862 2808 naturis
1900 2769 2069 2821 liquido-

1116 2842 1206 2869 rum
1223 2862 1232 2878 ,
1258 2835 1401 2869 cuncta
1432 2831 1640 2869 includens
1669 2831 1887 2870 accidentia
1911 2838 1952 2870 et
1978 2834 2070 2872 ell‘e-

1115 2897 1205 2931 etus
1220 2904 1362 2942 aquae,
1380 2894 1477 2942 vini,
1495 2894 1586 2940 olei,
1603 2895 1722 2937 nivis,
1741 2896 1840 2933 roris
1856 2925 1863 2942 ,
1892 2896 2066 2946 pluviae,

1114 2957 1277 3007 pruinae
1297 2988 1307 3004 ,
1331 2956 1522 3003 fontium,
1546 2957 1665 2995 maris
1687 2988 1694 3007 ,
1722 2958 1855 3007 Ηιινῐί,
1881 2960 2009 3009 stagni
2027 2963 2067 2997 et

1115 3017 1328 3068 cujuslibet
1354 3018 1526 3068 liquoris.
1553 3020 1664 3057 Hune
1695 3031 1766 3058 suo
1792 3025 1968 3071 tempore
1992 3021 2066 3060 Ca-

1115 3079 1224 3118 durci
1241 3084 1442 3130 repertum
1461 3085 1631 3119 testatur
1647 3085 1755 3119 actor
1773 3083 1951 3120 Luminis
1983 3084 2065 3120 ani-

1117 3153 1202 3179 mae
1232 3143 1268 3179 in
1295 3143 1545 3192 praefatione.
1568 3144 1674 3182 Haec
1699 3143 1897 3182 Gesnerus
1924 3144 1963 3182 in
1984 3144 2064 3196 ,ip-

1110 3203 1272 3255 pnnrli'ee
1285 3203 1339 3242 ad
1352 3215 1467 3249 suam
1488 3203 1778 3254 Bibliotlzeeam,
1805 3206 1908 3244 edita
1930 3207 2068 3257 Tiqurz'

1120 3266 1239 3313 1555,
1255 3264 1320 3317 fol.
1345 3268 1492 3304 Lumen
1510 3268 1665 3305 animae
1686 3267 1836 3307 editum
1853 3268 1926 3307 An.
1949 3271 1961 3308 4
1976 3269 2062 3311 477.

1112 3328 1200 3366 vide
1227 3340 1343 3378 supra
1366 3341 1401 3380 p.
1428 3330 1515 3369 351.
