2500 3841
878 214 1274 254 CONRAINJS

84 291 212 329 larum
241 284 574 333 concordantiaS,
601 284 706 334 quod
740 285 804 323 ille
840 296 1035 324 annorum

86 339 269 401 quinque*
298 348 424 397 spatio
455 346 632 397 perfecit.
672 347 812 386 Narrat
832 347 929 387 haec
962 348 1037 386 J0-

84 409 284 450 HANNES
319 408 676 457 SEGOBIENSIS‚
712 410 935 448 Canonicus
965 411 1037 448 To-

84 473 269 519 letanus,
296 471 335 508 in
358 468 470 508 Actis
508 470 671 509 Concilii
705 472 944 510 Basileensis
967 500 976 519 ,
1007 482 1028 509 c

85 534 150 573 cui
180 534 264 583 ipsc
301 532 508 570 interfuit:
544 531 650 570 unde
683 532 831 571 sactum
864 536 910 571 ut
946 532 1038 570 huic

82 595 224 633 Joanni
264 593 578 634 Concordantiae
602 605 748 633 vocum
784 594 1037 632 indeclinabi-

84 657 180 695 lium
200 655 428 695 tribuantur
447 655 551 706 apud
587 656 791 695 Nicolaum
815 656 1033 695 Antonium

84 724 178 758 tom.
215 719 263 757 II.
298 718 563 757 Bibliothecae
588 720 737 756 veteris
772 719 966 769 Hispanae
999 730 1036 769 p.

89 780 191 828 449,
215 791 297 830 seq.
323 784 364 819 et
383 781 431 819 ab
454 781 684 831 Hottingero
715 780 751 829 d)
777 783 934 830 praeter
953 791 1038 818 rem

85 841 266 881 tradatur
302 841 517 881 editionem
552 842 837 880 Frobenianam
870 843 1041 881 Concor-

86 903 311 943 dantiarum
324 903 428 942 Anni
446 904 561 951 4469,
579 909 759 942 curatam
769 915 885 954 opera
897 903 1042 942 Johan-

85 966 148 1003 nis
167 965 216 1004 de
248 966 441 1015 Secubia,
472 977 550 1016 quo
580 969 758 1016 tempore
789 965 853 1003 ille
875 963 1038 1015 jampri-

85 1026 178 1065 dem
201 1027 305 1066 diem
330 1027 492 1066 obierat.

133 1087 167 1127 A
182 1100 260 1139 quo
270 1093 448 1139 tempore
459 1090 586 1140 capita
598 1089 787 1127 librorum
800 1089 1038 1127 Biblicorum

86 1151 207 1189 etiam
231 1152 269 1189 in
286 1154 462 1190 minutos
479 1152 700 1191 versiculos
716 1151 906 1201 distingui
923 1181 931 1200 ,
947 1162 1038 1188 ver-

85 1223 236 1262 susque
260 1214 438 1252 numeris
468 1215 593 1252 notari
618 1213 830 1252 utilissimo
854 1213 1035 1251 instituto

85 1279 321 1325 coeperunt,
338 1287 415 1313 non
436 1276 690 1326 perfectiores
711 1274 827 1312 modo
845 1274 1039 1324 pleniore-

86 1347 213 1386 sque,
238 1336 309 1375 scd
332 1336 382 1375 ad
403 1347 522 1375 usum
543 1347 701 1386 quoque
726 1336 840 1386 longe
865 1346 1039 1374 commo-

85 1397 215 1436 diores
235 1397 544 1438 Concordantias
558 1399 717 1436 Latinas
743 1399 949 1436 nominum
968 1409 1036 1448 ap·

85 1460 362 1510 pellativorum
386 1461 730 1510 propriorumque,
754 1459 967 1497 verborum
987 1462 1039 1506 et,

84 1521 368 1571 particularum
405 1521 598 1560 debemus
624 1518 791 1559 Roberto
822 1519 1036 1572 Stephano,

81 1581 209 1620 editas
232 1583 390 1621 Parisiis
416 1583 636 1631 4555,·fol.
668 1594 768 1632 quas
802 1583 885 1633 ipse
916 1592 1041 1620 novas

86 1648 127 1682 et
149 1643 320 1694 majores
337 1656 417 1683 non
438 1644 536 1683 falso
555 1645 671 1683 titulo
688 1648 816 1683 vocat.
832 1646 1038 1695 Repetitae

86 1705 229 1744 deinde
258 1706 364 1756 apud
391 1706 614 1745 Johannem
643 1707 900 1756 Herwagium
932 1707 1041 1744 Basi-

88 1767 171 1805 leae
197 1769 312 1816 4564,
337 1771 378 1806 et
397 1772 564 1807 curante
583 1767 748 1818 Georyio
767 1766 926 1805 Bulloco
941 1767 1042 1806 Ant-

87 1839 214 1879 werp.
237 1829 365 1878 4567,
388 1829 517 1878 4572,
548 1831 650 1869 4599
671 1835 711 1868 et
740 1831 848 1880 typis
874 1829 1043 1868 Weche-

92 1890 207 1929 lianis
239 1891 354 1930 4600.
386 1894 427 1929 et
456 1892 607 1930 Hanov.
643 1892 757 1930 4648.
801 1891 1044 1929 Francofurti

94 1952 210 1991 4620.
253 1953 436 1993 Coloniae
475 1953 604 2003 4663,
644 1953 707 1991 fol.
748 1964 798 1991 ne
833 1952 960 1991 dicam
999 1952 1047 1990 de

92 2014 257 2053 Joannis
285 2014 489 2054 Benedicti
504 2026 600 2054 cura
623 2015 742 2053 Paris.
770 2015 899 2064 4562,
924 2018 964 2052 et
997 2025 1048 2052 ex

95 2077 374 2115 emendatione
402 2076 616 2116 Francisci
659 2078 790 2115 Lucae
830 2075 1049 2126 Bruyensis

101 2138 360 2189 Antwerpiae
393 2137 509 2177 4642.
561 2139 740 2176 Venetiis
772 2138 900 2185 4646,
929 2138 1051 2175 Paris.

102 2201 233 2250 4635,
267 2201 381 2240 4646.
405 2199 521 2238 Petri
549 2199 596 2238 de
622 2200 741 2238 Besse
765 2199 910 2237 ibidem
936 2199 1051 2238 4644.

97 2260 270 2300 Huberti
291 2260 485 2300 Platesini
500 2260 759 2312 Antwerpiae
785 2262 905 2308 4644,
925 2261 987 2298 sol.
1013 2265 1053 2299 et

101 2323 297 2374 Gasparis
326 2323 372 2362 de
400 2325 601 2373 Zamora,
632 2325 699 2373 qui
734 2323 973 2373 particulaS,
1008 2326 1051 2361 ut

1032 472 1039 520 ψ

98 2390 215 2423 vocat
238 2385 510 2434 invariabileS,
534 2397 557 2424 a
585 2385 812 2423 nominibus
842 2385 1054 2433 verbisque

98 2445 353 2485 variabilibus
373 2445 587 2496 sejunctim
611 2446 734 2485 edidit
757 2447 904 2484 Rornae
934 2443 1048 2484 4627.

97 2507 136 2544 in
162 2506 263 2544 folio.

151 2567 417 2607 CONRADUS
436 2569 594 2607 Hassus
617 2569 886 2616 CasselensiS,
909 2579 1052 2618 cogno-

99 2634 234 2668 mento
272 2628 467 2678 Haensel,
503 2631 645 2668 Rector
688 2628 1051 2668 Francofordiensis

99 2691 303 2730 Ecclesiae
337 2691 441 2730 circa
461 2690 625 2730 Annum
650 2692 753 2730 4495
784 2703 806 2728 a
833 2690 1050 2728 Trithemio

100 2752 149 2791 de
174 2752 433 2803 scriptoribus
455 2752 702 2791 Germanicis
722 2757 762 2791 et
785 2764 807 2790 a
835 2753 1052 2790 Possevino

104 2815 275 2854 traditur
306 2815 516 2865 scripsisse
548 2814 589 2852 in
620 2813 880 2861 Psalterz'um,
912 2825 1055 2853 sccun—

98 2876 194 2915 dum
204 2876 504 2927 quadruplicem
522 2878 807 2926 expositionem
821 2889 828 2913 1
841 2875 879 2913 in
889 2875 1054 2915 Cantica

101 2938 417 2986 Ccmticorum,et
429 2936 626 2989 Epistulas
645 2936 870 2976 Canonicas
891 2949 897 2973 :
917 2938 1056 2974 Lectu-

101 3011 185 3038 ram
205 3000 425 3039 inchoatam
439 3000 477 3038 in
491 2999 766 3050 Apocalypsin:
784 2998 822 3035 in
839 2996 1054 3047 Evanyelia

100 3065 138 3100 et
157 3061 355 3113 Epistolas
373 3073 448 3113 per
471 3060 576 3099 Anni
598 3060 828 3100 Circuluin:
851 3062 1056 3098 Praeterea

99 3122 142 3160 in
180 3123 238 3163 JV
263 3122 385 3162 libros
417 3123 727 3170 sententiarum,
769 3122 807 3160 in
846 3120 984 3159 Etln'ca
1018 3123 1056 3158 et

160 3272 192 3312 c)
221 3273 364 3306 ,lacobus
389 3273 505 3312 Qvetis
523 3279 602 3305 tom.
629 3275 664 3310 1,
690 3280 764 3312 pag.
787 3271 860 3304 906.
883 3279 952 3310 seq.

157 3322 191 3361 d>
224 3322 462 3357 Bibliotliccar.
487 3322 725 3364 quadripartit.
749 3330 824 3361 pag.
850 3320 917 3351 171.

1993 215 2071 255 383

1113 286 1370 326 Oeconomica
1407 283 1661 325 Aristotelis:
1704 284 1760 322 De
1787 282 1967 324 libertate
1996 286 2071 324 Ec-

1110 349 1314 388 clcsz'atica
1330 362 1339 387 :
1357 349 1412 387 De
1428 347 1633 387 interdicto
1650 360 1659 384 .·
1685 348 1740 386 De
1749 347 1975 399 praeceptis
1992 348 2066 386 Ec-

1110 409 1253 449 clesiae
1282 421 1330 448 ac
1368 410 1536 450 veritate
1571 404 1878 460 Evanqelz'caffn
1901 408 2071 463 officium

1109 472 1258 511 Missae
1297 472 1345 511 ad
1374 471 1726 523 Archicpiscopum
1761 472 2065 510 Coloniensem:

1114 535 1264 574 Contra
1286 533 1502 572 haereticos
1519 537 1557 571 et
1574 532 1784 584 maleficos,
1804 532 1952 573 Contra
1969 533 2072 570 Ilus-

1109 596 1207 634 sitas
1239 597 1422 634 Boemos:
1462 596 1518 633 De
1545 595 1813 646 paenitentia,
1842 594 1999 646 jeiunz'o
2037 597 2075 632 et

1111 658 1297 696 oratione:
1322 658 1378 695 De
1394 656 1470 708 fide
1484 688 1495 705 ,
1519 667 1586 707 spe
1607 660 1646 695 et
1660 656 1867 695 charitate:
1889 658 1943 695 De
1972 668 2071 709 qua-

1114 723 1205 757 tuor
1227 716 1444 758 virtutibus
1475 716 1763 756 cardinalibus:
1796 719 1851 756 De
1880 717 2070 767 sabbato,

1115 785 1153 820 et
1165 791 1368 820 sermones
1388 779 1436 817 ad
1457 779 1661 829 populum.

1168 842 1435 883 CONRADUS
1477 842 1524 879 ΙΙ.
1559 841 1784 891 Episcopus
1816 841 2075 882 Hildesz'ensis

1115 904 1164 942 ab
1201 904 1318 943 Anno
1358 903 1453 942 4224
1500 902 1549 940 ad
1575 902 1679 941 4248
1714 901 1832 951 cujus
1863 904 2074 942 Sermones

1112 966 1416 1016 Eysengrenius
1434 976 1518 1017 pag.
1542 964 1636 1015 440,
1654 967 1694 1003 et
1710 965 1954 1002 Possevinus
1969 977 2075 1003 com-

1114 1031 1350 1066 memorant.

1165 1090 1187 1112 *
1215 1090 1329 1128 Alter
1351 1088 1400 1128 ab
1425 1089 1500 1127 isto
1525 1089 1599 1128 fuit
1622 1087 1836 1128 Conradus
1865 1087 1914 1126 dc
1942 1087 2079 1126 Hilde-

1112 1151 1281 1202 shaym,
1307 1151 1356 1191 de
1385 1163 1464 1203 quo
1493 1151 1674 1190 Andreas
1702 1150 2007 1189 Ratisbonensis
2038 1151 2076 1188 in

1109 1214 1294 1252 chronico
1323 1212 1370 1253 ad
1400 1225 1462 1253 an.
1494 1214 1596 1253 4409
1623 1213 1684 1252 his
1709 1213 1863 1252 verbis:
1892 1210 2080 1251 Albertus

1112 1276 1423 1324 (Ratisbonensis
1439 1276 1673 1326 Episcopus)
1706 1273 1952 1326 perpendens
1976 1275 2082 1326 quod

1110 1337 1303 1387 Mayister
1329 1337 1540 1378 Conradus
1561 1337 1607 1376 de
1625 1336 1883 1387 Hildesliaym
1907 1335 2083 1375 licentia—

1113 1402 1175 1438 tus
1205 1400 1464 1438 Decretorum
1498 1398 1711 1452 presbyter
1748 1402 1786 1437 et
1814 1396 2080 1450 Cappcllanus

1113 1462 1153 1500 S.
1176 1461 1338 1512 Georyii
1354 1472 1467 1499 secus
1485 1464 1644 1512 pontem
1668 1460 1904 1512 Ratisponae
1923 1459 2083 1511 jurista

1114 1522 1261 1561 civium
1283 1522 1482 1574 pecunia,
1514 1533 1635 1573 quam
1664 1534 1690 1559 a
1718 1521 1881 1560 Domino
1923 1533 2082 1571 accepe-

1114 1588 1184 1622 rat
1210 1584 1251 1622 in
1279 1583 1466 1632 Sudario,
1492 1583 1561 1622 hoc
1581 1587 1640 1623 est
1654 1595 1732 1634 per
1752 1587 1861 1622 certa
1882 1582 1984 1621 dona
2005 1580 2080 1622 sub

1115 1646 1196 1685 otia
1225 1646 1319 1685 lenti
1345 1646 1524 1699 corporis
1567 1644 1810 1685 abscondere
1846 1644 1987 1693 nollet,
2019 1656 2083 1682 or-

1114 1708 1269 1748 dinavit
1307 1713 1353 1748 ut
1393 1709 1540 1760 leyeret
1567 1709 1607 1748 in
1635 1710 1734 1762 jure
1776 1708 2013 1747 canononico
2043 1707 2083 1745 in

1113 1769 1210 1808 aula
1237 1782 1313 1809 sua
1341 1770 1570 1823 Epz'scopali
1596 1771 1704 1822 quod
1732 1775 1770 1810 et
1795 1770 1947 1823 factum
1977 1773 2045 1809 est.

1174 1831 1442 1872 CONRADUS
1452 1834 1491 1871 H
1493 1832 1768 1883 z'rsau92·ensis,
1776 1833 1993 1871 Monachus
2007 1832 2079 1870 Or-

1122 1894 1226 1932 dinis
1248 1894 1520 1943 Benedictini,
1552 1895 1753 1945 Spirensis
1784 1894 1977 1932 dioecesis
2007 1895 2082 1931 cir-

1123 1968 1169 1995 ca
1187 1956 1350 1995 Annum
1381 1958 1482 1996 4490
1500 1988 1509 2005 ,
1542 1958 1701 2007 scripsit
1732 1956 1947 1994 Trithemio
1975 1959 2080 1993 teste

1123 2030 1207 2069 cap.
1234 2019 1309 2057 384
1327 2048 1337 2065 ,
1362 2019 1410 2057 de
1436 2020 1474 2058 S.
1499 2020 1544 2057 E.
1570 2030 1729 2057 carmen
1751 2017 1798 2056 de
1820 2019 1860 2057 S.
1881 2016 2081 2055 Benedicti

1126 2078 1332 2129 laudibus,
1353 2080 1459 2130 quod
1481 2082 1617 2131 incipit
1635 2094 1642 2118 :
1665 2082 1767 2118 Luce
1785 2079 1893 2118 velut
1909 2077 2078 2117 laudem.

1125 2140 1336 2193 Speculum
1358 2141 1564 2192 Virqinum
1584 2142 1693 2180 libris
1717 2145 1804 2180 octo
1837 2140 2080 2189 dialogorum

1127 2205 1232 2242 inter
1253 2205 1511 2254 Peregrinum
1534 2203 1821 2253 Presbyterum
1844 2206 1885 2241 et
1905 2201 2084 2240 Theodo-

1127 2277 1211 2305 ram
1242 2267 1323 2305 Deo
1358 2271 1555 2305 sacratam
1596 2266 1811 2316 Virginem.
1850 2262 2086 2304 Matricula-

1124 2328 1262 2378 rium,
1286 2327 1570 2376 Didascalum⁷
1604 2328 1651 2365 In
1674 2324 1894 2377 Evanqelz'a
1919 2337 1996 2376 per
2015 2336 2086 2362 an-

1124 2402 1219 2429 num
1237 2422 1246 2439 ‚
1268 2391 1324 2428 De
1342 2390 1426 2429 vita
1449 2389 1618 2442 spiritus
1641 2392 1678 2428 et
1693 2387 1835 2441 fructu
1853 2388 2006 2426 mortis.
2028 2388 2084 2425 De

1125 2444 1281 2483 Musica
1303 2447 1341 2482 et
1362 2443 1474 2481 tonis.

1181 2504 1451 2544 CONRADUS
1481 2502 1637 2543 Koellin
1666 2503 1894 2547 Ulmensis,
1924 2501 2084 2540 Ordinis

1126 2566 1448 2605 Praedicatorum
1473 2565 1674 2612 Coloniae,
1695 2566 1736 2601 B.
1760 2563 1920 2601 Lutheri
1941 2561 2083 2600 adver-

1126 2629 1278 2677 sariuS,
1316 2627 1532 2665 defunctus
1564 2625 1639 2664 An.
1673 2625 1776 2664 4536
1819 2623 1867 2661 de
1897 2634 1975 2673 quo
2016 2633 2084 2673 ap-

1126 2689 1273 2741 pendix
1293 2689 1341 2727 ad
1359 2688 1623 2727 Tritliemium
1641 2717 1648 2737 ‚
1667 2687 1868 2724 lohannes
1883 2684 2082 2723 Cochleus

1129 2754 1165 2789 in
1184 2751 1296 2790 Actis
1313 2750 1477 2789 Luthcri
1495 2749 1542 2788 ad
1564 2748 1728 2788 Annum
1752 2748 1879 2795 4523,
1902 2747 2083 2785 Labbeus

1128 2818 1222 2851 tom.
1248 2813 1293 2851 II.
1319 2812 1368 2851 de
1392 2813 1433 2851 S.
1456 2812 1501 2851 E.
1525 2822 1609 2862 pag.
1633 2810 1710 2849 234
1727 2840 1737 2857 ,
1763 2814 1803 2847 et
1823 2809 2080 2848 Centifolium

1129 2887 1263 2913 meum
1281 2875 1552 2913 Lutheranum
1569 2885 1608 2924 p.
1626 2872 1893 2921 698 Scripsit
1911 2872 1947 2908 in
1966 2872 2082 2908 Sum-

1129 2948 1234 2974 mam
1258 2937 1297 2975 S.
1338 2935 1527 2983 leomae,
1561 2931 1793 2984 Quodlibcta
1820 2932 1978 2971 XXVII.
2013 2943 2082 2981 per

1131 2999 1292 3037 modum
1331 2998 1501 3048 Dialogi,
1536 2996 1797 3034 Eversioncm
1837 2992 2079 3044 epithalamii

1131 3061 1345 3100 Lutberani
1376 3064 1450 3097 etc.
1488 3058 1585 3096 Vide
1622 3057 1812 3096 Jacobum
1849 3054 2080 3094 Echardum

1131 3127 1237 3160 tomo
1264 3122 1308 3159 11.
1333 3132 1418 3171 pag.
1447 3120 1536 3159 400.

1185 3182 1451 3222 CONRADL'S
1472 3178 1848 3230 Lauterberyensis,
1872 3180 1956 3217 sivo
1976 3179 2082 3217 Mon-

1136 3244 1183 3283 cis
1209 3243 1342 3283 sereni
1363 3254 1481 3294 prope
1506 3243 1643 3281 Ilalam
1669 3242 1860 3280 Saxoniae
1880 3270 1887 3289 ,
1910 3240 1947 3280 S.
1972 3240 2078 3279 Petri

1135 3305 1349 3345 ,llonachus
1379 3310 1419 3344 ct
1451 3305 1688 3354 Presbyter,
1724 3308 1861 3343 auctor
1899 3302 2085 3343 Clironice'
