2500 4009
430 179 506 218 202

427 249 617 288 johannis
645 248 692 288 de
721 250 756 287 la
780 249 885 298 Haye
922 247 1023 286 4636
1052 248 1171 290 tomis
1198 248 1373 298 quinque

429 310 469 347 in
506 311 616 353 folio.
654 310 837 348 distincte
872 314 1065 348 recenset.
1097 309 1158 358 (36
1188 308 1376 350 Prediche

427 369 592 421 solymi.
612 372 728 409 Siena
746 371 861 410 4853.
880 371 917 409 in
935 371 970 409 8.
992 371 1076 411 Vita
1091 369 1134 409 di
1146 372 1186 411 S.
1202 371 1378 411 Bernar-

429 432 518 471 dino
546 432 596 470 da.
620 432 738 470 Siena.
761 431 951 471 descritta
979 444 998 471 e
1027 431 1229 474 illustrata
1250 433 1319 473 dal
1332 436 1374 474 P.

427 494 471 532 F.
501 492 665 547 Axmaclio
694 494 747 533 M.
772 494 955 543 (Luzzo)
984 493 1037 534 da
1069 495 1246 535 Venezia.
1287 497 1373 536 Ven.

426 553 565 593 Poletti
590 555 706 594 4745.
738 556 774 594 4.
806 555 869 607 fig.

476 616 824 658 BERNARDINUS
847 619 1085 668 Tomitanus,
1119 619 1277 658 Ordinis
1309 622 1376 660 Mi-

427 689 591 726 norum,
616 690 638 718 a
659 684 811 719 statura
831 680 1032 731 parvulus
1056 681 1210 730 dictuS‚
1234 693 1377 732 aequa-

424 739 473 777 lis
490 740 718 779 Bernardini
734 741 782 780 de
798 743 951 788 Bustis,
968 749 1010 781 et
1029 755 1103 781 non
1114 745 1246 783 minus
1255 755 1375 794 quam

424 800 488 840 ille
505 830 514 848 ,
536 802 725 841 Montium
747 803 910 843 Pietatis
931 810 1103 844 assertor
1121 836 1129 854 ,
1160 808 1377 845 Promotor-

424 874 514 913 que.
535 863 637 902 Obiit
656 865 777 904 Ticini
798 866 844 905 A.
866 868 967 906 4494
987 873 1026 906 et
1047 873 1200 918 praeter
1222 868 1378 906 Sermo-

424 936 497 964 nes
519 925 567 965 de
600 927 837 977 perfectione
860 929 971 967 Vitae
1007 930 1255 969 Christianae
1272 961 1281 979 ,
1305 930 1378 969 Ve-

424 988 541 1026 netiis
563 989 695 1026 italice
722 989 847 1028 editos
875 991 974 1030 4532
999 992 1035 1029 8.
1060 993 1218 1041 scripsit
1239 992 1375 1030 Latine

423 1049 585 1087 brevem
609 1050 835 1090 Tractatum
859 1051 906 1090 de
929 1052 1038 1091 modo
1061 1052 1275 1104 confitendi.
1296 1053 1378 1092 Bri-

424 1113 511 1150 xiae
537 1112 637 1150 4542
664 1113 724 1151 42.

476 1173 589 1212 :llius
605 1174 731 1224 inquit
747 1176 946 1214 possevin.
964 1174 1238 1215 Bernardinus
1258 1175 1378 1214 Tomi-

424 1240 558 1276 tanus.
583 1236 697 1287 cujus
720 1236 929 1287 Expositio
953 1236 993 1275 in
1014 1236 1254 1277 Mattlzaeum
1282 1239 1379 1277 Pro-

424 1296 578 1336 hibetur
604 1298 643 1335 in
662 1296 794 1336 Indice
817 1300 999 1337 Romano
1021 1301 1133 1339 Hunc
1152 1329 1161 1349 ,
1184 1299 1378 1339 Bernhar-

422 1358 518 1398 dum
544 1361 581 1397 in
607 1359 738 1398 Indice
761 1362 892 1399 vocari
917 1360 1043 1400 video.

477 1421 827 1460 BERNARDINL’S
870 1422 1075 1471 Cyllenius
1119 1423 1374 1472 Veronensis,

424 1482 541 1532 cujus
560 1485 672 1521 notae
690 1482 728 1520 in
752 1481 943 1522 Tibullum
965 1484 1092 1524 editae
1113 1487 1256 1526 Romae
1274 1485 1375 1525 4475

425 1549 466 1581 et
486 1544 623 1582 eodem
651 1556 752 1583 anno
777 1546 976 1593 Venetiis,
1000 1550 1085 1585 tum
1112 1547 1218 1598 Regii
1243 1547 1376 1598 Lepidi

422 1606 519 1644 4484
549 1608 701 1644 Brixiae
724 1607 826 1646 4486
859 1612 931 1646 etc.
957 1607 1148 1657 Ejusdem
1175 1620 1376 1647 commen—

421 1669 563 1706 tarium
590 1668 780 1707 ineditum
803 1668 842 1706 in
860 1668 1049 1720 Priapeia
1065 1670 1201 1709 habuit
1218 1671 1372 1709 Gabriel

420 1729 628 1768 Naudaeus
653 1735 753 1768 teste
790 1731 939 1769 Labbeo
970 1743 1055 1782 pag.
1081 1732 1157 1770 236
1192 1731 1370 1770 Biblioth.

418 1792 524 1829 MSS.
549 1790 647 1841 Ejus
676 1793 867 1842 promissa
897 1792 1205 1842 hypomnemata
1228 1791 1269 1830 in
1298 1792 1373 1832 Ca-

419 1851 556 1890 tullum
597 1858 636 1890 ct
673 1853 923 1904 Propertium
960 1865 1037 1892 non
1073 1858 1232 1893 exstare
1268 1853 1373 1893 dolet

418 1914 576 1952 Barthio
614 1919 706 1953 tom.
732 1914 765 1953 11
788 1915 837 1954 ad
874 1916 1044 1954 Statium
1069 1927 1154 1967 pag.
1191 1916 1292 1956 4085
1316 1918 1371 1956 De

418 1975 582 2014 alterius
605 1976 834 2015 Bernardini
857 1978 996 2016 Donati
1031 1979 1269 2017 Veronensis
1291 1978 1372 2018 dia-

418 2037 504 2085 logo
527 2036 572 2075 de
595 2036 817 2076 Platonicae
838 2042 876 2076 et
895 2038 1166 2078 Aristotelicae
1200 2039 1372 2079 Philoso-

412 2096 533 2147 phiae
550 2097 773 2146 differentia
787 2110 878 2138 cum
899 2100 1065 2139 Gemisti
1086 2101 1257 2139 Platonis
1276 2102 1371 2139 scri-

421 2162 485 2208 pto
508 2158 686 2207 ejusdcm
724 2161 971 2209 argumenti,
994 2161 1099 2200 edito
1127 2162 1302 2200 Venetiis
1330 2167 1370 2201 et

422 2220 576 2257 Parisiis
602 2221 694 2259 4541
721 2251 728 2267 ,
754 2222 787 2258 8.
813 2221 892 2260 dixi
915 2226 1006 2260 tom.
1031 2224 1079 2261 X.
1109 2223 1369 2263 Bibliothecae

419 2282 589 2319 Graecae
610 2293 693 2332 pag.
714 2283 803 2321 743.

472 2343 526 2380 De
542 2344 818 2382 BEliNAltlJlS
838 2345 1056 2384 illustribus
1075 2351 1368 2386 commentatus

417 2408 478 2440 est
493 2404 718 2444 Joachimus
735 2407 902 2445 Meierus
935 2405 1184 2458 ὀμακαρίτης
1214 2410 1251 2446 in
1285 2411 1370 2448 Dis-

418 2468 630 2505 sertatione
665 2468 984 2517 Dransfeldiana‚
1020 2469 1123 2508 edita
1161 2471 1367 2521 Gottingae

416 2528 542 2575 4698,
569 2528 590 2566 4
620 2539 703 2579 pag.
731 2531 779 2568 48
809 2540 889 2580 seq.
921 2530 990 2568 sed
1020 2534 1260 2582 propositum
1293 2534 1365 2584 ipsi

417 2590 521 2639 loqui
550 2589 598 2628 de
631 2592 726 2629 viris
764 2592 1006 2643 Principibus
1043 2594 1364 2645 Comitibusque,

416 2653 482 2701 qui
507 2652 719 2690 Bernhardi
750 2655 906 2692 nomine
937 2655 974 2691 in
1004 2654 1254 2694 historiarum
1285 2667 1366 2694 mo-

418 2714 619 2751 numentis
650 2714 813 2762 nobiles,
843 2715 907 2753 vel
933 2717 969 2754 in
1008 2716 1151 2756 tabulis
1187 2719 1366 2768 genealo-

418 2776 513 2824 gicis
533 2776 804 2814 memorabiles
825 2777 1004 2817 seruntur
1021 2792 1028 2817 :
1050 2783 1090 2818 et
1105 2791 1189 2829 pag.
1212 2780 1261 2818 48
1281 2790 1362 2830 seq.

418 2836 465 2874 dc
481 2837 595 2875 claris
611 2837 844 2886 quibusdam
858 2840 1078 2890 Bernardis,
1096 2841 1364 2890 Bernardlnis,

418 2898 725 2946 BernliardoniS‚
750 2901 1014 2951 Bernartinis,
1034 2904 1228 2942 Berentiis
1242 2908 1282 2942 et
1296 2906 1367 2943 Be-

420 2961 558 2997 rensiis
595 2962 820 3000 recentioris
856 2966 1011 3002 aetatis:
1046 2965 1150 3004 unde
1177 2967 1244 3005 vix
1267 2967 1366 3005 ullos

420 3032 509 3058 eum
534 3023 726 3072 attingere
741 3023 872 3071 video,
892 3027 959 3075 qui
980 3026 1028 3064 ad
1051 3038 1239 3077 praesens
1259 3029 1368 3067 insti-

421 3087 551 3120 tutum
574 3095 705 3122 meum
728 3087 936 3134 pertinent.
962 3088 1097 3136 ltaque
1126 3090 1270 3128 omisso
1301 3090 1364 3128 illo

423 3149 597 3193 coeptam
618 3146 735 3183 telam
758 3149 936 3198 persequi
963 3149 1099 3198 placet.

477 3205 765 3247 ill-IllNAllDL'S
801 3207 1009 3259 filbertus,
1033 3210 1147 3262 cujus
1175 3214 1365 3265 scriptum

426 3264 472 3301 «le
495 3268 610 3303 variis
632 3269 774 3308 morbis
794 3271 983 3312 ineditum
1005 3273 1154 3312 evolvit
1177 3276 1365 3326 (langius,

1143 177 1674 218 BERNARDINUS

1448 254 1710 289 memoratum
1722 250 1840 289 etiam
1857 250 2008 289 Labbeo
2021 260 2107 301 pag.
2117 251 2164 289 50
2184 250 2278 289 Bibl.
2293 251 2399 292 MSS.

1448 310 1710 362 Scriptoribus
1731 315 1866 350 autem
1889 311 2217 351 Bibliothecarum
2235 311 2401 359 Medica·
2466 343 2469 347 .

1450 384 1538 411 rum
1558 373 1826 423 praeteritum.
2358 421 2363 425 ᾖ

1502 433 1796 474 BERNARDUS
1815 432 1862 472 de
1882 432 2099 485 Ambasia,
2119 434 2274 484 Gallu8,
2294 435 2405 475 Tolo-

1447 507 1569 535 sanus
1592 495 1813 543 Carmelita,
1831 495 2046 534 Cardinalis
2069 497 2172 536 circa
2189 497 2265 536 An.
2287 498 2402 538 4364.

1449 558 1663 608 Scripsisse
1685 568 1708 595 a
1727 556 1940 594 Possevino
1957 584 1965 603 ,
1985 555 2140 607 Alegrio
2162 562 2202 596 et
2221 558 2308 598 aliis
2324 562 2404 598 tra-

1449 619 1556 658 ditur
1580 618 1619 656 in
1638 616 1854 670 Epistolam
1877 616 2039 656 loannis
2055 618 2234 669 primam
2257 620 2406 659 Lectio-

1450 691 1522 719 nes
1546 680 1663 720 CXll.
1688 680 1736 718 In
1768 676 1909 717 Jacobi
1941 677 2160 729 Epistolam
2195 681 2402 721 Lectiones

1450 743 1580 781 LXIV.
1605 741 1652 780 In
1670 741 1728 780 IV
1746 738 1885 780 Libros
1906 739 2212 780 Sententiarum.
2242 742 2402 796 Librum

1447 803 1660 843 variarum
1690 801 1973 851 collationum,
2003 805 2044 841 et
2071 803 2279 844 Sermones
2307 803 2404 855 hye-

1450 866 1592 914 males,
1613 865 1825 904 aestivales
1842 893 1850 913 ‚
1874 863 2253 915 Quadragesimales.

1503 927 1800 967 BERNARDUS
1833 924 2079 976 flnqri'anus,
2114 927 2399 977 Bononiensis,

1449 990 1662 1029 Carmelita
1682 990 1786 1027 circa
1804 987 1963 1027 Annum
1980 987 2094 1027 4390.
2113 998 2163 1026 ex
2177 987 2295 1038 cujus
2311 990 2407 1029 scri-

1450 1053 1528 1102 ptis
1552 1051 1645 1089 nihil
1670 1054 1826 1102 praeter
1860 1050 2068 1089 Sermones
2103 1052 2403 1090 commemorari

1453 1125 1591 1164 reperi.
2230 1154 2233 1165 k
2282 1161 2285 1164 Ι

1503 1172 1801 1213 BERNARDUS
1824 1171 2051 1225 qulerius,
2074 1184 2125 1212 ex
2148 1170 2300 1223 Abbate
2328 1172 2403 1214 An.

1453 1237 1552 1276 4256
1579 1236 1798 1286 Lerinensi,
1821 1247 1866 1274 ac
1889 1235 2030 1274 deinde
2050 1233 2123 1274 An.
2149 1235 2252 1276 4263
2276 1236 2407 1290 Cassi-

1450 1299 1562 1336 nensi
1593 1297 1829 1345 Cardinalis,
1849 1297 1943 1336 obiit
1983 1296 2057 1337 An.
2096 1297 2212 1338 4282.
2247 1299 2408 1337 Praeter

1448 1361 1656 1399 Sermones
1678 1358 1725 1398 ad
1752 1359 1893 1398 fratres
1916 1360 2076 1411 scripsit
2094 1356 2304 1411 Speculum
2324 1359 2408 1414 Mo-

1447 1421 1682 1470 naclzorum,
1701 1422 1738 1459 in
1763 1425 1845 1460 tres
1868 1423 2004 1460 Partes
2027 1420 2219 1469 divisum,
2235 1420 2407 1461 editum-

1447 1495 1525 1534 que
1550 1484 1723 1522 Venetiis
1739 1487 1779 1521 et
1794 1483 1951 1522 Parisiis
1972 1481 2076 1522 4507
2094 1486 2214 1533 atque
2229 1481 2319 1522 inde
2332 1482 2405 1522 Co·-

1448 1545 1572 1585 loniae
1597 1546 1711 1585 4520.
1743 1546 1816 1595 (Dc
1850 1543 1992 1584 Codice
2028 1543 2150 1594 MSto⁷
2174 1544 2241 1595 qui
2271 1547 2334 1583 est
2363 1545 2402 1583 in

1446 1606 1684 1645 Bibliotheca
1708 1607 1746 1645 S.
1777 1607 1880 1645 Petri
1916 1604 2037 1656 hujus
2062 1606 2194 1655 Urbis,
2231 1605 2329 1645 vide
2357 1607 2402 1645 B.

1445 1669 1665 1719 Staphorsti
1681 1669 1889 1707 Historiam
1912 1668 2062 1707 Eccles.
2079 1668 2216 1707 Hamb.
2236 1672 2331 1706 tom.
2348 1667 2403 1708 111

1444 1741 1529 1781 pag.
1553 1731 1658 1779 305.)
1683 1732 1887 1769 Praeterea
1907 1728 1948 1767 in
1969 1727 2160 1779 Reyulam
2179 1725 2220 1769 S.
2239 1727 2405 1780 Benedz}

1443 1790 1499 1830 cti
1514 1796 1554 1830 et
1581 1791 1627 1830 de
1651 1790 1878 1842 Praeceptis
1900 1788 2186 1842 Reqularibus:
2216 1794 2302 1830 tum
2331 1791 2405 1831 Re·

1445 1856 1558 1903 {Jesta
1571 1852 1665 1902 duo,
1680 1864 1806 1892 unum
1821 1853 2092 1904 collationum,
2108 1852 2404 1908 beneficiorum,

1443 1920 1484 1954 et
1503 1915 1738 1954 officiorum:
1763 1915 1934 1954 alterum
1971 1915 2149 1954 omnium
2184 1915 2403 1965 inquisitio-

1443 1978 1719 2027 num‚jurium
1744 1981 1784 2015 et
1805 1977 1997 2015 bonorum
2017 1977 2054 2014 in
2075 1977 2223 2025 castris
2242 1979 2282 2014 et
2296 1976 2402 2016 villis

1441 2039 1664 2077 Monasterii
1687 2038 1949 2078 cassinensis.
1969 2037 2065 2077 Vide
2080 2037 2224 2076 Placidi
2243 2038 2402 2077 Diaconi

1442 2099 1762 2149 supplementum
1782 2098 1828 2138 ad
1855 2100 2014 2138 Petrum
2039 2099 2257 2138 Diaconum
2272 2109 2356 2151 cap.
2376 2099 2400 2139 2

1442 2165 1482 2198 et
1504 2160 1694 2199 Johannis
1718 2161 1915 2211 Baptistae
1952 2160 2044 2199 Mari
2084 2164 2222 2199 notas:
2248 2160 2401 2200 Trithe-

1442 2222 1565 2260 mium
1589 2233 1622 2260 c.
1649 2222 1718 2261 604
1748 2226 1788 2260 et
1811 2222 1874 2261 lib.
1896 2222 1920 2262 2
1943 2221 1991 2261 de
2021 2222 2242 2262 illustribus
2274 2224 2399 2264 Bene-

1444 2282 1600 2322 dictims
1621 2295 1706 2334 pag.
1734 2284 1820 2324 430.

1498 2344 1518 2366 ³*
1548 2345 1762 2395 Speculum
1793 2345 2077 2386 monachorum
2104 2346 2291 2386 Bernardi
2319 2346 2400 2386 edi-

1442 2410 1528 2446 tum
1551 2411 1614 2444 est
1634 2407 1810 2446 Venetiis
1830 2419 1892 2447 an.
1915 2408 2030 2448 4505.
2056 2409 2095 2446 in
2121 2409 2182 2448 46.
2207 2419 2286 2448 una
2305 2419 2398 2448 cum

1441 2467 1629 2507 adiuncta
1658 2469 1740 2507 vita
1770 2469 1809 2508 S.
1841 2469 2044 2508 Benedicti
2073 2481 2122 2508 ex
2150 2469 2216 2519 lib.
2241 2470 2288 2510 11.
2309 2470 2398 2522 Dia-

1440 2530 1512 2580 log.
1545 2530 1584 2569 S.
1613 2530 1813 2581 Gregorii,
1842 2535 1882 2570 et
1910 2531 2059 2581 Regula
2086 2531 2124 2571 S.
2154 2530 2368 2572 Benedicti.

1491 2592 1786 2632 BERNARDUS
1808 2592 1854 2632 (le
1876 2592 2067 2644 Bachinq,
2094 2591 2276 2644 Bayiny,
2304 2594 2393 2635 sive

1442 2652 1647 2704 li'acliz'tng,
1667 2665 1785 2705 prope
1806 2654 2098 2706 Saltzburgam,
2121 2666 2170 2694 ex
2198 2654 2394 2706 Canonico

1435 2716 1615 2765 Regulari
1627 2717 1733 2755 Prior
1751 2717 2080 2767 Tegernseensis,
2094 2715 2253 2757 Ordinis
2271 2717 2396 2755 Bene-

1437 2776 1571 2815 dictini
1594 2776 1708 2816 Anno
1740 2778 1845 2818 4472
1868 2778 1973 2818 obiit.
2002 2776 2131 2828 nujus
2159 2778 2231 2817 viri
2260 2777 2394 2816 eximii

1440 2837 1727 2891 Confessionale
1740 2841 1816 2880 MS.
1839 2843 2034 2879 memorat
2049 2839 2304 2879 Clarissimus
2316 2834 2392 2878 Pez

1439 2905 1545 2939 tomo
1570 2902 1619 2940 111
1648 2900 1940 2941 Anecdotorum
1977 2903 2090 2940 Parte
2132 2901 2155 2940 3
2186 2910 2272 2951 pag.
2303 2900 2390 2939 631.

1439 2960 1627 3012 Ejusdem
1669 2962 1962 3002 Remediarium
1999 2959 2316 3014 pusillanimium
2356 2964 2394 3000 et

1438 3021 1756 3074 scrupoloso'rum
1779 3023 1827 3062 ad
1849 3024 2100 3062 Franciscum
2121 3021 2297 3071 Schlick,
2318 3022 2393 3062 Ca-

1440 3086 1624 3124 nonicum
1649 3084 1994 3132 Ratisbonensem,
2008 3083 2188 3134 vulgavit
2203 3087 2309 3123 tomo
2323 3085 2392 3136 vu

1440 3146 1700 3187 Bibliothecae
1726 3145 1930 3185 Asceticae
1953 3156 2038 3196 pag.
2062 3143 2151 3184 445.
2166 3145 2218 3185 Et
2239 3145 2393 3198 Episto-

1439 3206 1516 3246 lam
1539 3207 1585 3246 de
1608 3205 1714 3246 obitu
1738 3206 1912 3258 Caspai-c
1929 3205 2145 3259 Aindorfer
2181 3205 2255 3247 An.
2287 3207 2388 3247 4461

1441 3269 1602 3309 Abbatis
1626 3268 1945 3320 TegernseensiS,
1972 3273 2076 3308 tomo
2092 3273 2286 3321 octavo'p.
2303 3265 2390 3308 395.
