2500 3841
918 207 1322 248 ANGRADUS

128 283 297 323 addente
322 279 513 319 Guilelmo
533 282 650 330 quus
675 278 758 329 jam
782 282 983 320 mentione
1022 283 1094 321 feci

131 342 333 394 Duqclalo,
359 343 492 381 minus
521 341 760 381 emendatus
798 343 943 393 alioqui
968 345 1099 383 minu-

128 416 228 455 sque
257 405 416 454 plenus,
447 403 518 442 sed
551 403 692 442 obvius
721 405 941 452 rarissime,
976 406 1099 456 pluri-

127 466 204 505 bus
228 466 332 504 illius
355 465 550 516 exemplis
564 464 744 503 incendio
761 465 1002 504 Londinensi
1022 466 1096 506 An.

133 528 233 566 1666
253 527 462 566 absumtis.
486 528 635 565 Tomus
661 526 800 565 tertius
824 529 891 577 qui
915 529 1096 568 insecuta

129 594 308 640 tempora
321 589 489 628 debebat
504 590 710 639 persequi,
731 600 938 639 nunquam
956 591 995 627 in
1011 590 1096 629 dias

130 651 292 690 luminis
315 661 433 690 auras
455 651 633 701 prolatus
658 651 742 689 fuit.
764 652 930 690 Interim
953 652 1097 691 lubens

132 714 266 764 accepi
309 712 577 765 clarissimum
614 712 754 750 Virum
792 713 893 751 Dan.
936 711 1102 754 Willcin-

132 776 256 824 sium,
277 775 342 814 cui
362 775 488 825 Leges
501 773 617 824 Angl.
644 773 803 813 Seldeni
822 774 1103 826 Opera-Copti-

131 848 221 876 cam
243 836 342 875 Novi
370 839 463 874 test.
484 840 525 874 et
552 836 814 874 Pentateuchi
845 837 1072 875 versionem
1087 867 1100 884 ‚

131 897 391 950 paraphrasin
438 897 692 937 Chaldaicam
748 898 835 936 libri
892 899 1103 947 utriusque

133 960 420 1001 Chronicorum
442 963 484 998 et
506 963 565 997 tot
587 959 662 998 alia
682 958 1013 1008 debemus,‘serio
1036 970 1105 1009 pa-

133 1033 236 1065 rare,
260 1022 521 1072 proximeque
544 1021 806 1071 vulgaturum
836 1032 926 1059 esse
956 1031 1104 1058 novam

133 1083 398 1123 Conciliorum
420 1084 739 1122 Britannicorum
763 1082 1000 1132 editionem,
1024 1086 1102 1120 ter-

133 1147 187 1184 tio
210 1149 321 1184 tanto
344 1144 642 1196 locupletiorem
666 1143 1009 1195 Speelmanniana.

187 1206 209 1230 ³¹*
224 1205 402 1246 eoncilia
416 1205 664 1244 Britannica.
685 1205 998 1256 Oppignoratam
1015 1215 1106 1244 eru-

133 1269 226 1308 ditis
256 1268 374 1307 fidem
418 1268 476 1308 Cl.
514 1267 752 1306 Wilkinsius
787 1265 1104 1305 Archidiaconus

135 1331 408 1370 Suffolciensis
430 1334 471 1368 et
493 1330 709 1368 canonicus
730 1329 1032 1367 Cantuariensis
1061 1327 1106 1365 li-

134 1392 290 1431 beravit
317 1392 434 1430 editis
462 1393 502 1429 in
530 1392 660 1430 lucem
689 1395 860 1441 quatuor
880 1390 918 1426 in
948 1390 1011 1428 fol.
1036 1401 1108 1428 vo—

132 1454 375 1502 luminibus,
407 1453 554 1503 quibus
597 1464 677 1491 non
708 1452 989 1504 Spelmannica
1018 1455 1108 1490 tan-

133 1515 340 1554 tummodo
369 1515 543 1555 Concilia
579 1515 814 1566 complexus
843 1517 933 1562 est3
965 1513 1035 1552 sed
1065 1518 1106 1552 et

134 1577 208 1615 alia
233 1577 434 1628 permulta
456 1586 477 1614 e
505 1577 613 1615 MSS.
634 1577 761 1627 petita
774 1575 977 1614 codicibus
1000 1575 1122 1629 adief

139 1639 218 1687 cit3
243 1649 369 1677 novas
398 1639 563 1689 insuper
590 1639 797 1677 versiones
827 1628 1106 1676 monumento-

132 1712 222 1740 rum
259 1699 387 1751 Anglo
429 1701 716 1739 saxonicorum
745 1699 981 1748 adornavit,
1011 1711 1104 1739 cum

134 1762 226 1801 data
252 1764 292 1800 in
322 1762 564 1813 Spelmanno
593 1763 728 1800 minus
758 1760 886 1799 fidelis
907 1761 1107 1812 judicare-

133 1828 211 1862 tur.
240 1825 421 1873 Denique
456 1828 496 1861 et
532 1823 683 1872 reliqua
712 1823 887 1861 Concilia
916 1827 1007 1873 post
1035 1834 1105 1861 an-

136 1896 234 1923 num
265 1886 360 1924 1531
392 1895 522 1935 usque
551 1883 599 1922 ad
632 1883 736 1922 1717
760 1883 973 1934 supplevit.
995 1885 1105 1923 Titu-

106 1944 110 1947 ’
134 1947 198 1985 lus
220 1947 350 1996 operis
373 1947 461 1985 iste.
485 1944 662 1985 concilia
679 1946 850 1995 Maqnae
865 1945 1103 1984 Britanniae

135 2011 175 2046 et
193 2006 412 2053 Hiberniae
439 2019 466 2045 a
494 2006 648 2058 Synodo
670 2005 956 2046 Ver-olamiensi
980 2006 1026 2046 A.
1057 2009 1103 2046 D.

141 2069 229 2118 ,446ι
257 2067 313 2107 ad
343 2068 624 2108 Londinensem
651 2067 697 2106 A.
728 2068 774 2105 D.
806 2068 925 2108 1717.
955 2070 1038 2109 Vol.
1070 2071 1105 2108 4.

135 2130 303 2170 Londini
332 2142 436 2170 anno
467 2129 581 2170 1737.

188 2192 436 2231 Scoticorum
455 2193 720 2232 Conciliorum
742 2192 841 2232 Acta
858 2194 984 2233 multa
1000 2205 1109 2233 com-

137 2254 256 2293 busta
271 2254 310 2292 in
327 2254 508 2293 incendio
531 2254 841 2306 Edimburgensi
856 2255 972 2294 Anno
990 2255 1104 2296 1701.

185 2317 243 2354 De
265 2314 431 2355 Ioannis
462 2315 630 2368 Colqani
649 2317 828 2361 Hiberni4
852 2317 1011 2356 Ordinis
1039 2319 1108 2357 Mi-

133 2389 296 2426 norum,
320 2378 552 2417 collectione
572 2377 723 2428 jactata
752 2379 1018 2419 Conciliorum
1042 2382 1108 2419 Hi-

131 2439 311 2489 berniae,
334 2439 446 2487 vide,
463 2441 496 2478 si
511 2440 660 2491 placet,
682 2442 938 2480 Franciscum
955 2443 1107 2481 Salmo-

132 2510 224 2537 nem
247 2500 344 2538 libro
367 2501 516 2540 Gallice
539 2501 645 2540 edito
669 2501 718 2540 de
755 2502 888 2541 studio
913 2504 1107 2542 Concilio-

135 2571 225 2598 rum
248 2571 334 2610 pag.
360 2562 436 2600 260
458 2573 541 2611 seq.
566 2562 676 2601 Idem
694 2568 805 2602 notat
822 2576 907 2614 pag.
926 2564 1005 2603 257
1020 2576 1103 2615 seq.

133 2621 281 2658 omissa
304 2621 498 2670 quaedam
523 2634 573 2660 ex
598 2624 940 2673 Speelmannianis
966 2626 1004 2662 in
1032 2627 1107 2665 Re—

133 2682 216 2732 gia,
233 2682 279 2720 'et
298 2682 462 2730 Labbei,
491 2683 762 2734 Harduinique
786 2686 938 2737 Magnis
967 2687 1107 2726 Conci-

140 2742 285 2781 liorum
309 2743 483 2793 syllogis.

184 2803 435 2842 Provinciam
457 2808 570 2843 vetus
587 2807 816 2845 Provinciae
838 2809 1104 2858 Cantuarien-

134 2867 211 2916 sis,
253 2866 338 2904 sive
373 2867 690 2906 constitutiones
718 2866 882 2918 Angliae
912 2869 960 2907 ab
988 2868 1104 2908 Anno

135 2929 239 2968 1222
261 2928 311 2967 ad
333 2929 436 2968 1415
459 2940 552 2968 cum
569 2931 797 2968 summariis
821 2935 861 2968 et
885 2934 1105 2970 annotatio-

136 2990 254 3029 nibus
279 2988 728 3039 Guilelma‘Lmdewood,
746 2993 903 3030 Parisiis
923 2993 1022 3031 1509
1040 2994 1101 3032 sol.

135 3052 395 3103 Antwerpiae
431 3054 534 3092 1525
578 3054 639 3092 fol.
678 3053 842 3091 Londini
869 3055 983 3093 1555.
1010 3055 1033 3092 8
1062 3059 1103 3093 et

133 3126 184 3153 ex
203 3114 362 3153 Roberti
386 3115 582 3154 Scharrok
606 3116 836 3154 recensione
867 3116 986 3163 1664,
1009 3117 1032 3153 8
1062 3121 1102 3155 et

133 3186 236 3214 novo
255 3176 330 3214 viri
353 3176 458 3215 docti
479 3177 611 3216 studio
636 3178 811 3216 Oxoniae
839 3176 938 3215 1679
957 3177 1018 3214 fol.
1036 3177 1103 3216 ad-

136 3237 228 3276 ditis
247 3239 367 3276 etiam
403 3238 755 3278 Constitutionibus
782 3237 981 3289 Legyatz'nis
1006 3240 1103 3288 (Lc—

138 3303 317 3348 gatorum
362 3300 587 3350 pontificis)
628 3301 794 3342 Othonis
833 3300 877 3341 A.
920 3300 1020 3341 1236
1063 3306 1103 3340 ct

2071 214 2147 252 103

1171 281 1368 320 Othoboni
1384 281 1487 321 1268
1500 292 1594 320 cum
1614 282 1717 320 notis
1725 281 1890 321 Joamzis
1905 281 1952 320 de
1966 281 2147 333 Aytlzma.

1173 353 1223 380 ex
1250 341 1343 380 cdit.
1369 343 1489 381 Paris.
1514 344 1628 382 1505.
2140 345 2145 348 ’

1231 403 1396 442 Thomae
1436 403 1590 443 Madoae
1629 405 1841 443 formulare
1883 403 2149 456 Anglicanum

1173 465 1325 504 Londin
1352 464 1457 505 1702
1481 466 1544 504 fol.

1225 526 1422 565 Jahcmnis
1437 526 1626 565 Johnsom‘
1643 528 1822 567 collectio
1843 529 1993 578 Legum
2009 530 2147 569 Eccle-

1172 589 1446 637 siasticarum,
1478 590 1770 638 Canonumque
1812 589 2148 641 Anglicanorum‚

1171 648 1336 700 Anglice
1359 650 1465 688 edita
1487 650 1608 689 Lond.
1652 651 1774 701 1720,
1798 652 1834 699 8,
1860 652 2016 691 duobus
2035 654 2150 692 volu-

1175 712 1361 750 minibus.
1378 711 1477 750 Vide
1497 710 1596 750 Acta
1617 712 1815 751 Eruditor.
1838 714 1939 753 1722
1963 725 2049 765 pag.
2070 716 2145 754 420

1175 776 1216 810 et
1238 773 1446 811 Memorias
1482 773 1695 811 litterarias
1735 785 1900 824 magnae
1925 778 2152 816 Britanniae

1177 833 1305 872 editas
1332 834 1479 873 Gallice
1503 838 1531 872 t.
1558 835 1607 873 IV
1631 846 1718 885 pag.
1748 835 1825 874 507
1859 841 1899 874 et
1938 841 2032 876 tom.
2063 839 2151 877 VIII

1177 906 1214 945 p.
1238 895 1327 934 385.

1230 955 1449 1009 Humfredc'
1474 958 1587 1010 Hody
1627 959 1794 999 historia
1828 960 1991 1011 Angliae
2016 964 2155 1003 Conci-

1178 1017 1320 1057 liorum
1341 1024 1382 1058 et
1395 1021 1756 1071 Convocationum,
1777 1024 2050 1074 sessionisque
2067 1026 2155 1063 Cle-

1177 1080 1349 1120 ricorum
1370 1082 1409 1120 in
1434 1083 1700 1132 ParlamentO,
1718 1083 1907 1134 adjuncta
1923 1086 2152 1124 Parlamen-

1179 1145 1328 1192 torum,
1345 1149 1612 1195 veterumque
1628 1145 1792 1196 Angliae
1811 1148 1960 1197 Legum
1978 1147 2152 1187 historia.

1178 1204 1344 1243 Londini
1370 1205 1491 1256 1701,
1516 1206 1587 1244 8.”ο
1607 1206 1784 1258 Anglice.
1804 1244 1815 1254 ,

1232 1268 1444 1306 Laurentii
1462 1269 1602 1308 Howel
1624 1271 1818 1321 Synopsis
1842 1268 2058 1311 Canonum
2085 1274 2153 1313 SS.

1179 1328 1461 1380 Apostolorum
1490 1336 1531 1370 et
1568 1333 1835 1372 Conciliorum
1865 1333 2159 1374 Oecumenico-

1181 1403 1271 1430 rum
1309 1396 1349 1430 et
1376 1393 1680 1434 Provincialium
1716 1396 1764 1434 ab
1797 1397 1975 1436 Ecclesia
2005 1397 2154 1436 Graeca

1181 1458 1451 1504 receptorum,
1473 1467 1546 1494 nec
1563 1468 1640 1494 non
1666 1458 1945 1507 Conciliorum,
1970 1461 2156 1498 Decreto—

1181 1526 1272 1553 rum
1295 1520 1336 1554 et
1351 1517 1502 1568 Legum
1522 1518 1724 1557 Ecclesiae
1738 1521 1994 1559 ‘Britannicae
2016 1527 2056 1559 et
2078 1521 2158 1560 An-

1181 1577 1243 1627 glo
1268 1578 1499 1618 saxonicae.
1527 1580 1692 1618 Londini
1715 1582 1817 1620 1708
1843 1583 1905 1621 fol.

1234 1638 1508 1680 ANGRADUS
1525 1642 1841 1682 Fontanellensis
1858 1646 1897 1682 in
1916 1646 2158 1684 *Normannia

1182 1701 1398 1741 Monachus
1417 1705 1576 1754 scripsit
1601 1704 1727 1743 Vitam
1747 1706 1786 1744 S.
1810 1704 2157 1746 Ansbercc'Rotho-

1183 1765 1384 1812 magensis
1404 1765 1612 1816 Episcopi,
1638 1767 1816 1806 defuncti
1837 1768 1952 1807 Anno
1973 1770 2050 1808 695
2078 1771 2158 1808 Ex-

1181 1829 1262 1863 stat
1285 1826 1391 1876 apud
1413 1828 1579 1866 Surium
1604 1834 1644 1866 et
1674 1830 1712 1866 in
1733 1828 1844 1868 Actis
1869 1831 2108 1870 Sanctorum
2131 1834 2153 1870 9

1180 1887 1290 1926 Febr.

1229 1949 1466 2000 ANIANUS,
1484 1953 1505 1976 *
1520 1954 1605 1992 sive
1621 1953 1875 1994 ANNIANUS
1902 1956 2152 2005 Celedcnsis,

1179 2012 1265 2051 sive
1305 2015 1568 2054 Celennensis
1599 2018 1636 2054 in
1668 2018 1883 2067 Campania
1926 2019 2152 2067 DiaconuS,

1180 2078 1454 2125 amanuensis,
1479 2082 1519 2115 et
1544 2079 1582 2116 in
1606 2079 1766 2128 Synodo
1783 2081 2051 2130 Diospolitana
2071 2080 2152 2118 An-

1181 2147 1231 2174 no
1256 2137 1332 2176 415
1370 2139 1610 2188 promachus
1634 2141 1794 2192 Pelagii,
1833 2141 1882 2179 de
1917 2153 1996 2191 quo
2026 2143 2152 2181 multa

1181 2197 1369 2237 historiae
1384 2200 1617 2251 Pelagianae
1636 2204 1850 2253 scriptores
1867 2205 2061 2243 Henricus
2082 2205 2154 2242 No—

1181 2263 1235 2299 ris
1265 2261 1329 2299 lib.
1351 2262 1365 2300 Ι
1390 2273 1473 2313 cap.
1501 2265 1562 2302 19.
1586 2265 1644 2302 Jo.
1684 2265 1901 2304 Garnerius
1931 2270 2025 2304 tom.
2058 2267 2072 2304 I
2102 2266 2150 2304 ad

1179 2325 1345 2362 Marium
1369 2326 1627 2364 Mercatorem
1643 2338 1729 2377 pag.
1758 2329 1824 2366 151
1859 2339 1945 2378 sqq.
1964 2332 2038 2367 etc.
2057 2329 2153 2367 Vide

1180 2391 1220 2424 et
1240 2388 1402 2437 Pagium
1427 2386 1475 2425 ad
1495 2386 1541 2426 A.
1565 2387 1640 2427 417
1658 2400 1768 2427 num.
1786 2391 1853 2428 XI.
1876 2392 2013 2428 Latine
2030 2392 2152 2428 vertit

1179 2460 1201 2487 e
1221 2448 1371 2488 Graeco
1395 2451 1434 2489 S.
1463 2449 1737 2502 Chrysostomz·
1763 2450 1946 2490 homilias
1985 2452 2024 2489 in
2051 2452 2153 2489 Mat-

1182 2509 1343 2548 thaeum
1367 2522 1446 2549 non
1470 2513 1620 2562 primas
1644 2518 1732 2551 octo
1757 2514 1906 2562 solum,
1932 2513 2001 2551 sed
2031 2515 2152 2552 etiam

1180 2576 1359 2610 caeteras
1400 2584 1495 2623 usq3
1535 2574 1585 2613 ad
1623 2576 1769 2623 XXVI,
1795 2587 1897 2624 quae
1921 2587 1942 2613 a
1965 2576 2152 2626 Gregorio

1180 2635 1444 2684 Trapezuntio
1488 2636 1706 2674 translatae
1748 2635 1955 2684 dicuntur,
1995 2648 2086 2674 cum
2118 2639 2151 2675 is

1180 2699 1337 2733 tantum
1354 2695 1495 2734 harum
1507 2696 1624 2734 fuerit
1642 2697 1907 2747 interpolator,
1925 2697 2150 2749 editorquc‚

1179 2768 1224 2795 ac
1247 2760 1426 2794 caeteras
1450 2756 1593 2794 deinde
1614 2757 1827 2805 addiderit,
1854 2763 1898 2796 ut
1917 2770 1966 2796 ex
1982 2760 2059 2798 MS.
2079 2761 2152 2799 Co-

1179 2818 1265 2856 dice
1288 2819 1405 2868 Regis
1425 2818 1575 2856 Galliac
1600 2819 1788 2857 observat
1808 2820 1916 2858 Rich.
1942 2822 2077 2859 Simon
2094 2826 2152 2860 to-

1180 2891 1244 2918 mo
1270 2880 1284 2917 1
1309 2880 1580 2930 Epistolarum
1616 2881 1855 2920 selectarum
1878 2894 1965 2934 pag.
1996 2885 2039 2922 81
2061 2914 2069 2932 ,
2099 2885 2149 2922 84

1180 2942 1241 2979 cui
1269 2940 1368 2979 adde
1385 2941 1594 2980 Mabillonii
1610 2943 1792 2982 Museum
1809 2945 1989 2983 Italicum
2006 2958 2041 2996 p.
2061 2947 2148 2985 164.

1180 3004 1357 3041 Versioni
1389 3014 1484 3041 suae
1508 3005 1713 3053 praemisit
1732 3005 1912 3045 Anianus
1931 3006 2149 3056 Epistola-m

1177 3063 1231 3102 ad
1250 3063 1461 3102 Oruntiwn
1480 3063 1564 3102 sive
1582 3065 1822 3105 Horunta'mn
1842 3069 2085 3119 Episcopum
2101 3069 2149 3108 ob

1232 3213 1245 3226 *
1270 3213 1367 3293 Αῐίυς1
1384 3213 1426 3244 ad
1451 3222 1549 3254 quem
1585 3215 1786 3248 Theodull'us
1814 3217 2065 3251 Aurelianensis
2091 3219 2150 3252 lib.

1170 3265 1196 3293 ΙΙ
1223 3271 1304 3296 vers.
1329 3264 1348 3293 5
1372 3264 1402 3295 8.

1319 3313 1519 3355 Αηίαηὶιιιισ
1545 3316 1612 3347 mei
1636 3321 1727 3349 tecta
1753 3322 1909 3350 verenter
1935 3319 2008 3351 adi.
