2500 4009
376 236 447 264 xvi
837 206 840 208 ’
1151 223 1189 268 J.
1237 223 1282 260 n.
1328 222 1554 262 ,ultast

369 299 407 334 in
430 307 501 334 nos
532 295 714 334 licentius
743 295 943 332 excurrit:
976 291 1115 330 eadem
1144 292 1192 330 de
1223 291 1287 331 illo
1315 303 1359 331 ac
1383 292 1432 331 de
1462 292 1636 332 Fabricio
1667 294 1798 333 habita
1829 296 1927 333 ratio
1956 301 2031 335 est.
2063 298 2164 336 Haec
2194 298 2242 336 de
2270 309 2334 337 me

373 358 736 406 additamentisque
767 356 866 393 meis
896 353 944 392 ad
974 353 1139 392 Fabricii
1169 354 1450 393 Bibliothecam
1482 355 1650 395 lectores
1679 355 1879 395 docendos
1908 360 2058 398 curavi.

447 421 559 460 Nunc
590 419 638 457 de
670 418 843 456 fontibus
873 415 978 454 unde
1010 427 1097 454 mea
1127 415 1271 464 hausi,
1301 416 1497 465 quaedam
1532 418 1826 467 praemonenda
1855 424 1961 457 sunt.
1993 421 2153 459 Praeter
2180 425 2339 460 veteres

366 483 587 533 editiones,
627 489 727 529 quas
757 480 794 516 in
825 477 1078 516 Bibliothecis
1108 477 1387 526 insignioribus
1416 479 1584 517 rimatus
1625 489 1742 526 sum,
1777 485 1934 529 praeter
1970 482 2178 532 Catalogos
2220 483 2329 522 MSS.

370 544 550 583 codicum
582 543 689 591 typis
719 540 928 591 evulgatos
972 551 1049 577 non
1087 539 1283 577 incuriose.
1325 550 1347 577 a
1378 551 1440 578 me
1470 541 1697 590 inspectos,
1726 540 2061 580 Bibliothecarum
2091 544 2211 581 etiam
2252 543 2339 594 plu-

364 613 450 645 teos
481 605 623 650 invisi‚
656 602 761 641 unde
791 602 905 652 plura
934 602 1090 640 extraxi
1115 611 1216 651 quae
1245 601 1473 651 gratissima
1502 601 1670 640 eruditis
1699 603 1779 640 fore
1799 633 1809 650 ‚
1842 614 1919 640 non
1950 613 2084 652 vane,
2116 608 2159 643 ut
2195 615 2336 655 spero,

366 668 458 706 mihi
477 669 708 704 assentatus
738 664 928 702 blandior.
952 665 1100 702 Horum
1130 674 1202 713 ope
1233 663 1354 700 rimas
1384 662 1578 713 quasdam
1609 663 1808 701 editorum
1837 664 2101 714 voluminum⁷
2123 665 2338 706 insertione

365 740 499 768 eorum
530 738 631 778 quae
661 726 839 772 deerant,
870 727 1019 764 sanavi.
1052 726 1107 763 lta
1131 726 1168 762 in
1194 724 1331 762 ordine
1359 725 1535 762 Romano
1564 724 1729 763 „loannis
1760 724 1938 774 Gaitani,
1969 737 1991 764 a
2019 727 2239 766 Mabillonio
2255 727 2336 777 jam

365 789 494 828 edito.
525 800 573 827 ex
606 799 692 826 meo
721 788 800 827 MS.
829 787 962 826 codice
992 787 1154 825 lacunas
1182 786 1350 837 opplevi.
1381 786 1589 824 Variantes
1619 787 1781 824 maximi
1805 788 1942 836 praetii
1973 787 2063 827 inde
2091 788 2336 841 deprompsi.

366 851 537 889 testibus
566 850 814 889 variantibus
845 850 921 888 illis
951 850 989 887 in
1019 850 1193 887 carmine
1224 847 1390 887 Henrici
1415 846 1722 898 Septimellensis
1765 860 1814 888 ex
1842 849 1976 888 codice
2003 849 2101 900 {olim
2137 851 2181 889 D.
2217 852 2324 890 Marii

367 913 610 960 Florentini‚
641 923 748 951 nunc
779 913 976 950 Francisci
1006 912 1052 949 M.
1084 912 1171 949 eius
1201 910 1296 957 filii,
1329 912 1521 949 Lucensis
1554 912 1729 961 patritii,
1759 912 1963 950 extractis.
2006 912 2103 952 Hinc
2144 912 2333 952 librorum

367 975 618 1025 quorundam
650 975 752 1013 tituli
783 976 887 1012 aucti
918 978 1025 1012 sunt.
1058 974 1100 1011 In
1130 984 1218 1011 eam
1257 984 1339 1011 rem
1371 974 1542 1011 maxime
1585 975 1731 1024 profuit
1777 984 1877 1012 usus
1920 973 2016 1012 mihi
2062 973 2336 1013 liberalissime

364 1047 581 1075 concessus
611 1036 874 1075 Bibliothecae
904 1035 1054 1075 dudum
1086 1035 1247 1073 FELlM
1280 1033 1463 1073 SANDEI
1501 1036 1691 1073 Lucensis
1731 1036 1944 1086 Episcopi,
1984 1035 2087 1074 inter
2122 1036 2336 1086 scriptores

363 1100 470 1138 Juris
500 1100 685 1138 Canonici
711 1103 839 1137 aetate
870 1109 941 1136 sua
972 1099 1083 1136 facile
1112 1098 1327 1148 principis,
1357 1107 1463 1135 nunc
1494 1108 1587 1135 vero
1615 1096 1794 1136 eiusdem
1826 1095 1955 1135 Felini
1974 1096 2180 1147 largitione
2209 1097 2335 1137 Cano-

367 1162 544 1198 nicorum
575 1161 729 1198 Maioris
759 1160 958 1198 Ecclesiae
989 1160 1192 1198 Lucensis.
1223 1158 1452 1197 Thesaurus
1481 1158 1577 1197 haec
1606 1163 1668 1197 est
1698 1158 1878 1197 librarius
1905 1170 1927 1197 e
1964 1157 2071 1199 MSS.
2100 1158 2336 1210 plerumque

365 1222 592 1270 codicibus,
625 1222 812 1260 admixtis
843 1222 1023 1272 pauculis
1052 1222 1212 1259 excusis
1240 1225 1425 1260 vetustae
1454 1220 1638 1260 editionis
1669 1221 1971 1269 voluminibus,
2001 1221 2184 1261 refertus.
2214 1220 2341 1260 Gran-

365 1285 427 1323 dia
458 1285 518 1322 hic
549 1290 691 1323 nactus
721 1296 810 1322 sum
841 1284 1152 1322 clarissimorum
1185 1282 1342 1321 infimae
1371 1284 1513 1321 aetatis
1540 1283 1923 1322 Jurisconsultorum
1959 1283 2163 1322 volumina
2195 1280 2336 1332 Baldi,

368 1346 547 1393 Bartol1·,
579 1346 788 1393 Accursie',
818 1345 1003 1393 Iasonis,
1040 1344 1317 1383 Panormitam·
1327 1375 1338 1393 ,
1370 1342 1523 1393 Felini,
1550 1342 1825 1392 Bellamerae,
1854 1343 2106 1393 Barbaniae,
2133 1343 2253 1383 Pauli
2290 1343 2338 1383 de

367 1410 510 1447 Castro
527 1408 636 1446 velut
663 1409 926 1446 nusmismata
957 1408 1116 1445 maioris
1146 1406 1318 1454 moduli,
1342 1407 1491 1444 minora
1507 1405 1569 1444 hic
1584 1407 1731 1456 pariter
1759 1416 1876 1456 opera
1906 1406 2085 1456 deposita
2113 1411 2232 1454 sunt,
2257 1406 2338 1444 Du—

365 1470 514 1518 randi,
539 1470 706 1508 ,Ioannis
741 1469 787 1508 (le
833 1470 1033 1519 Lz'ynano,
1075 1467 1406 1516 Calda-morum,
1450 1466 1707 1506 Bertacchini
1740 1478 1814 1506 ceu
1857 1467 2009 1506 mediae
2052 1467 2338 1518 magnitudinis

366 1534 621 1580 numismata,
654 1534 817 1570 minima
847 1533 965 1570 etiam
999 1542 1074 1569 non
1106 1530 1265 1579 absunt3
1299 1528 1511 1579 Cataldini,
1543 1529 1731 1578 Corsetti,
1763 1528 1987 1578 Lancelloti,
2015 1529 2210 1578 Cumani,
2239 1529 2337 1568 Tan-

365 1592 496 1642 cmdi,
518 1593 757 1642 Hostiensis,
781 1605 881 1643 quae
903 1593 1078 1631 thesauri
1110 1592 1229 1631 huius
1257 1603 1346 1631 aera
1380 1593 1529 1630 minora
1554 1593 1695 1630 merito
1719 1592 1878 1630 dixeris.
1899 1590 2061 1642 Augent
2082 1591 2264 1630 codicum
2293 1591 2338 1629 il-

363 1655 488 1693 lorum
520 1657 728 1706 praetium.
752 1656 940 1694 JCtornm
958 1654 1208 1705 quorundam
1238 1665 1356 1704 opera
1385 1654 1469 1703 ipsa
1499 1664 1634 1692 eorum
1668 1663 1789 1691 manu
1819 1652 1885 1690 vel
1910 1653 2057 1702 scripta
2077 1651 2142 1691 vel
2163 1652 2338 1691 subscri-

365 1718 498 1765 ptione
518 1717 680 1767 probata
698 1746 707 1764 τ
737 1717 959 1755 cuiusmodi
989 1714 1225 1754 Anclzarani
1251 1720 1291 1754 ct
1320 1714 1535 1753 Francisci
1561 1713 1804 1753 Zabarellae
1839 1718 1935 1752 sunt
1963 1713 2186 1763 quaedam3
2211 1711 2342 1752 Felini

364 1789 458 1816 vero
487 1778 687 1828 pleraque.
712 1778 798 1817 Alia
822 1777 982 1817 Felinus
999 1778 1148 1816 crebris
1173 1777 1380 1827 doctisque
1409 1776 1732 1815 adnotat-ionibus
1767 1776 1851 1814 suis
1879 1775 2047 1814 ornavit.
2081 1775 2185 1814 Sunt
2207 1779 2248 1813 et
2270 1774 2334 1814 alii

363 1840 527 1878 aliarum
546 1840 842 1890 disciplinarum
861 1842 955 1879 MSti
975 1840 1152 1884 Codices,
1167 1851 1267 1890 quos
1287 1839 1359 1877 sibi
1377 1837 1659 1876 describendos
1675 1838 1836 1877 Felinus
1852 1838 2021 1885 curavit,
2039 1837 2151 1876 velut
2165 1835 2332 1885 Arelim,

365 1901 570 1952 Campani,
594 1901 758 1952 Cyriaci
782 1901 1020 1940 Anconitani
1045 1902 1293 1951 aliorumque
1322 1900 1534 1951 Epistolas,
1563 1898 1717 1938 Aeneae
1745 1897 1875 1951 Sylvii
1908 1899 2099 1948 opuscula
2123 1898 2327 1948 nonnulla,

360 1963 508 2001 ottonis
535 1964 567 2001 F
569 1963 815 2014 risinyensz's‚
834 1963 1044 2002 Anastasii
1057 1961 1365 2010 Bibliothecarii,
1384 1961 1547 2000 Antonii
1567 1960 1821 1999 Panormitae
1845 1961 1991 2010 scripta
2012 1960 2211 1999 historica.
2237 1960 2334 2011 Spe-

362 2025 519 2062 ciminis
549 2027 672 2074 gratia
703 2025 799 2063 haec
829 2038 955 2075 pauca
984 2038 1034 2064 ex
1065 2025 1203 2063 multis
1234 2024 1433 2062 adnotavi.
1466 2024 1533 2061 His
1563 2034 1655 2073 ergo
1684 2023 1869 2061 omnibus
1900 2032 1999 2060 usus
2043 2019 2230 2060 Fabricii
2265 2021 2332 2060 Bi-

364 2084 593 2123 bliothecam
628 2085 779 2124 Mediae
807 2090 845 2124 et
872 2087 1027 2137 infimae
1056 2085 1198 2124 aetatis
1228 2086 1389 2132 ornavi,
1416 2085 1629 2135 supplevi,
1660 2084 1899 2131 emendavi,
1931 2094 1977 2122 ac
2010 2094 2081 2134 pro
2107 2083 2259 2122 viribus
2289 2083 2334 2121 il—

362 2148 540 2185 lustravi.
573 2148 707 2185 Fave.
741 2148 863 2186 lector
893 2148 983 2186 huic
1015 2159 1102 2186 meo
1135 2147 1353 2193 molimini,
1384 2150 1424 2183 et
1452 2145 1606 2195 plaude,

1151 2220 1526 2241 ψ

720 2282 767 2318 ΙΝ
795 2281 973 2318 OBlTUM
1003 2282 1036 2318 J.
1066 2281 1110 2316 D.
1139 2281 1281 2317 MANSI
1310 2278 1573 2315 LUCENSIUM
1601 2279 1955 2317 ARCHIEPISCOPI

894 2346 971 2384 (N.
998 2355 1057 2376 an.
1084 2345 1175 2376 1092.
1204 2344 1253 2376 16.
1278 2343 1379 2376 Febr.
1404 2343 1459 2375 ob.
1484 2343 1536 2375 27.
1560 2343 1654 2382 Sept.
1680 2342 1804 2382 1769.)

805 2422 944 2466 Spieyo
972 2425 1089 2455 morte
1118 2421 1147 2455 il
1173 2419 1271 2466 salal
1297 2420 1453 2454 ressulo
1479 2428 1571 2453 nero
1588 2430 1602 2459 3

902 2487 934 2522 Ε
961 2485 1026 2520 nol
1052 2489 1166 2520 remeo
1194 2484 1316 2518 l'eroc
1336 2509 1346 2523 ‚
1373 2493 1435 2518 ma
1461 2483 1560 2519 disse
1587 2484 1719 2518 vieni:

910 2550 985 2585 (iia
1008 2551 1079 2594 pii'i
1106 2558 1183 2583 non
1210 2559 1280 2583 son
1300 2558 1371 2592 per
1397 2558 1453 2583 me
1480 2548 1602 2594 questi
1626 2548 1773 2582 terreni

907 2614 1106 2660 Affannosi
1132 2612 1354 2661 30519ιόνηίΊ
1384 2613 1534 2658 inqrati
1559 2612 1599 2647 al
1624 2622 1727 2647 vero.

807 2680 851 2714 ΙΓ
873 2679 968 2713 ende
996 2678 1022 2712 l'
1042 2678 1144 2712 alma
1167 2680 1275 2721 parti
1300 2679 1407 2712 torni
1433 2677 1472 2712 al
1492 2677 1685 2722 primiore

904 2744 1037 2779 mereo
1063 2742 1228 2787 albeme.
1256 2741 1312 2777 (m
1339 2742 1380 2776 di
1406 2742 1498 2788 quai
1523 2751 1609 2776 cure
1632 2741 1744 2785 pieni

901 2807 980 2842 Fur
1008 2807 1099 2840 miei
1123 2806 1282 2841 mortali
1307 2806 1347 2840 (Ii
1369 2805 1382 2840 !
1416 2806 1507 2843 Sien
1534 2816 1577 2840 or
1603 2806 1728 2839 sereni

902 2873 935 2908 E
957 2872 1026 2917 pii«
1054 2875 1171 2905 morte
1198 2881 1242 2905 su
1270 2870 1328 2903 lor
1354 2880 1431 2904 non
1457 2869 1569 2904 abbia
1596 2869 1753 2913 impero.

812 2941 956 2983 facque
984 2946 1000 2971 e
1028 2937 1063 2970 lu
1089 2936 1211 2980 spii-lo
1237 2933 1302 2968 dae
1327 2943 1394 2968 suo
1419 2933 1501 2978 sral
1525 2933 1702 2985 disciolto

908 3004 982 3037 Tra
1011 3002 1035 3035 l’
1057 3005 1180 3035 eterne
1207 3000 1239 3033 s’
1260 2998 1431 3033 immerso
1458 3008 1550 3033 aure
1578 2999 1619 3033 (li
1645 2998 1726 3032 vila

904 3067 1066 3101 siascnn
1093 3063 1288 3100 lasciamlo
1316 3065 1358 3098 in
1382 3063 1460 3097 allo
1486 3063 1580 3098 Inito
1606 3060 1778 3100 invene,-

809 3131 870 3165 illa
898 3139 919 3163 a
947 3130 1146 3175 a-onsortar
1173 3130 1211 3164 la
1237 3128 1394 3174 yreyqia
1421 3136 1491 3162 sua
1517 3126 1703 3162 smarrila

918 3194 986 3229 Ται
1012 3194 1051 3227 (Ii
1078 3195 1232 3228 scienza
1260 3192 1378 3228 loscio
1405 3196 1504 3226 tesor
1532 3188 1697 3225 raccolte

911 3256 981 3292 Chr
1008 3258 1144 3292 estimo
1169 3267 1287 3293 ancer
1315 3257 1346 3292 Ie
1373 3257 1431 3290 rie
1458 3255 1517 3290 aec
1542 3264 1607 3290 cer
1634 3254 1665 3287 Ie
1691 3252 1839 3287 addita.

1369 3320 1457 3356 Aba.
1487 3321 1590 3355 Doni.
1621 3318 1694 3353 Fet.
1726 3313 1980 3352 LEONARDI.
