2500 4009
362 215 439 254 2:5⁷2

364 286 577 324 Bremense
595 287 722 336 majus
742 298 867 336 usque
891 287 938 325 ad
963 287 1126 326 Annum
1153 291 1221 329 454
1234 291 1248 329 4
1280 293 1321 328 et

362 346 452 384 inde
476 347 523 385 ad
552 349 564 386 4
577 348 651 386 583
676 347 830 386 duobus
854 349 997 398 spissis
1017 350 1320 399 Voluminibus,

359 407 545 458 aliudque
569 409 787 447 Chronicon
809 410 938 449 simile
957 411 1123 451 alterius
1146 414 1319 452 auctoris

360 468 408 505 ab
432 470 545 506 Anno
570 470 644 505 788
666 469 712 507 ad
737 471 853 508 4584.
873 471 1038 511 Joannis
1064 473 1224 512 Othonis
1245 476 1319 513 Lu-

358 523 615 578 noburgensIs
631 531 842 570 Historiam
859 534 1139 574 Bremensium
1155 541 1195 574 et
1206 537 1322 575 Ham-

356 589 611 636 burgensium
636 592 921 644 Episcoporum
946 596 995 634 ab
1029 596 1144 636 Anno
1168 597 1244 636 780
1269 598 1318 637 ad

356 651 473 689 4580.
500 651 721 693 Chronieon
753 656 957 696 Ecclesiae
977 656 1317 712 Rosenfeldensi's,

353 723 425 751 seu
461 714 805 767 Ilm-seseldensi's,
836 730 914 768 quo
952 731 1052 759 usus
1089 727 1151 760 est
1184 721 1318 761 Abbas

356 776 566 825 Luneburg
607 779 888 820 Brummerus:
933 783 1158 823 Chronicon
1197 789 1316 823 vetus

350 839 576 877 Monasterii
614 845 654 878 et
690 842 793 891 opidi
830 843 1079 884 Bzcaetelmde.
1117 849 1317 899 Excerpta

351 900 549 949 quaedam
573 913 622 940 ex
653 904 832 951 Registro
855 907 934 945 MS.
970 907 1162 948 Joliatmis
1184 909 1314 959 Rode,

350 962 646 1015 Archiepiseopi
683 967 1009 1016 Bremensis,ex
1046 970 1163 1021 eujus
1195 973 1316 1011 Chro-

352 1025 440 1061 nico
463 1024 623 1064 dederat
669 1029 858 1067 nonnulla
893 1030 1059 1069 illustris
1094 1034 1313 1073 Leibnitius

351 1090 457 1123 tomo
479 1087 507 1124 ll
533 1089 771 1137 scriptorum
788 1091 1145 1133 Brunsvicensium
1167 1108 1203 1146 p.
1221 1098 1311 1136 253.

351 1158 435 1197 seq.
475 1149 723 1189 Collectanea
760 1152 809 1190 de
850 1156 1059 1193 uun-satia
1096 1168 1188 1196 cum
1217 1160 1237 1197 J
1244 1172 1312 1199 urc

354 1211 581 1250 I‘rovinciali
607 1215 730 1251 veteri
761 1216 906 1253 Frisieo
939 1216 1012 1256 das
1040 1219 1310 1270 Landrmclzc,

350 1271 426 1323 osie
446 1273 663 1323 Asigobook
686 1275 758 1313 cler
784 1276 918 1315 edelen
954 1279 1094 1330 vre'yen
1130 1283 1281 1322 Vresen
1301 1316 1309 1331 ,

349 1340 389 1371 et
414 1335 587 1374 Ilm-onis
611 1337 709 1375 Et'cle
742 1339 935 1390 Fozcwes,
962 1343 1152 1382 Wursalo
1185 1347 1312 1385 Friso-

351 1398 412 1433 nis
434 1397 684 1438 collationem
707 1402 815 1440 Juris
841 1404 1098 1444 l’rovincialis
1121 1408 1310 1447 Wursato

348 1458 481 1496 Frisici
523 1471 615 1499 cum
654 1464 749 1502 ,lure
787 1468 1015 1515 communi,
1053 1479 1103 1507 ex
1137 1469 1310 1510 editione

347 1521 550 1559 (iiessensi
576 1524 676 1562 4666
705 1525 738 1563 4.

399 1582 475 1621 Sed
493 1584 709 1625 Consilium
723 1589 816 1627 illud
834 1590 981 1630 laudati
993 1593 1120 1632 Rothii
1136 1597 1173 1633 in
1189 1596 1311 1635 herba

346 1645 485 1694 periit,
523 1647 685 1696 perinde
710 1655 753 1688 ut
788 1653 828 1690 Β.
864 1654 1049 1705 Casparis
1081 1658 1307 1709 Bussingii,

346 1708 722 1757 superintendentis
749 1713 892 1754 deinde
925 1718 1131 1757 Generalis
1164 1721 1310 1760 Olden-

346 1767 576 1819 burgensis,
597 1774 699 1822 quod
738 1777 901 1815 Bremae
927 1780 1027 1818 4690
1052 1782 1087 1820 4.
1112 1783 1310 1833 signitica-

347 1835 459 1868 verat
476 1833 512 1869 in
528 1833 902 1885 seliediasmate,cui
914 1842 1073 1881 titulus:
1092 1843 1305 1897 Eri'cftmny

346 1890 414 1929 cles
454 1894 683 1935 Bremae'scli:
735 1899 969 1952 Verdlsehen
1004 1905 1307 1948 Rc'tter-Saals.

344 1955 480 2004 Neque
504 1957 632 1997 adhuc
660 1960 789 2000 lucem
814 1964 914 2002 vIdIt
941 1970 1137 2016 promissa
1161 1981 1183 2008 a
1206 1972 1309 2009 cele-

346 2015 515 2056 berrimo
537 2020 739 2062 Theodoro
759 2025 909 2065 Hasaeo
934 2027 954 2049 *
980 2030 1148 2069 Historia
1176 2044 1312 2071 emcn-

350 2078 464 2117 datae
489 2081 701 2131 Religionis
727 2087 764 2124 in
791 2088 893 2127 Urbe
914 2091 1132 2130 Bremensi.

400 2142 701 2183 BRENDANUS
723 2147 939 2199 Commius,
959 2151 1091 2191 Abbas
1112 2154 1309 2194 IIibernus

347 2202 450 2240 eirca
480 2203 639 2243 Annum
666 2209 741 2246 560
781 2210 898 2260 cujus
938 2212 1064 2252 Verba
1097 2214 1309 2265 Reliyionz's

350 2263 465 2313 DEI,
490 2267 575 2304 sive
599 2267 695 2306 liber
719 2269 764 2308 de
804 2271 953 2323 leqc'bus
974 2279 1011 2313 ec
1031 2275 1307 2316 observatione

348 2327 629 2367 ,nonachorum
647 2360 654 2375 ,
675 2330 827 2371 Charta
842 2334 1017 2376 coelestes
1034 2337 1308 2389 haereditatis,

348 2393 387 2425 et
406 2388 607 2441 Confessio
626 2393 858 2434 Christiana
874 2405 1147 2439 memorantur
1162 2403 1309 2441 aBaleo

351 2451 441 2489 XIV
471 2453 533 2491 78.

400 2514 747 2559 BRENLANLIUS
763 2527 1024 2571 cognomento
1047 2525 1269 2565 Bratannus
1287 2539 1308 2566 3

347 2575 522 2616 Gesnero
553 2579 591 2617 in
629 2580 856 2632 Appendice
891 2586 1173 2636 Bibliothecae,
1199 2601 1310 2640 prae-

345 2639 476 2678 clarus
492 2639 725 2694 Astrologus
747 2645 869 2684 fuisse
893 2648 996 2686 circa
1015 2647 1178 2688 Annum
1205 2652 1306 2690 4344

347 2705 386 2738 et
408 2702 542 2753 plures
563 2704 681 2744 llbros
701 2705 748 2744 de
761 2706 1062 2760 Astroloyorum
1083 2712 1308 2763 praenotio-

347 2761 462 2802 nibus
479 2767 686 2817 scripsisse
710 2769 897 2819 traditur,
915 2772 1020 2811 unde
1046 2774 1141 2812 mihi
1167 2786 1306 2826 parum

347 2825 530 2866 credibile
549 2857 556 2875 ,
580 2830 684 2878 quod
710 2833 864 2871 I'itseus
890 2845 975 2885 pag.
996 2836 1071 2874 443
1092 2837 1141 2875 ad
1157 2837 1308 2876 Gesne-

349 2900 435 2926 rum
462 2901 707 2940 provocans,
732 2895 1003 2935 Brenlanlium
1030 2898 1160 2937 hunce
1185 2899 1307 2938 vehe-

350 2955 504 2988 menter
526 2954 580 2990 ait
611 2955 814 2994 invectum
837 2959 873 2995 in
902 2959 1163 3010 Astrologiam
1198 2961 1310 3001 sudi-

349 3013 504 3051 ciariam
521 3046 531 3062 ‚
557 3026 644 3053 eam
680 3028 834 3056 merum
869 3026 1076 3070 reputasse
1100 3022 1304 3062 daemonis

352 3074 556 3114 inventum
582 3082 621 3115 et
643 3079 760 3117 libros
781 3080 915 3130 plures
938 3084 1146 3134 scripsisse
1167 3089 1305 3125 contra

349 3137 618 3181 praenoli’ones
643 3139 952 3191 :Iste-oloyormn.

407 3198 673 3240 niu-:vnum
702 3204 916 3243 variarum
939 3207 1240 3250 Ecclese'arum:

410 3282 421 3292 ¹
453 3284 651 3320 Bibliotheca
681 3292 887 3333 'rlieologico
924 3297 1087 3330 ilistorica
1118 3301 1305 3332 Brernensiss

350 3334 428 3361 tom.
449 3333 478 3367 I,
497 3340 569 3372 pag.
598 3336 663 3368 101,

1125 218 1587 263 ‚BRENDANUS

1449 289 1759 328 BREVIARIUM
1789 286 2068 342 libet-‹lonense
2101 288 2138 330 in
2163 288 2294 326 Scotia
2312 287 2356 326 Α.

1398 351 1499 390 4509
1517 351 1566 390 de
1582 362 1660 402 quo
1676 350 1776 390 Acta
1793 351 1973 390 Sanctor.
1989 354 2018 387 t.
2036 351 2067 388 Il
2079 349 2200 401 April.
2215 362 2251 401 p.
2272 351 2359 389 438.

1445 412 1710 452 Ambianense
1729 414 1888 453 Parisiis
1903 414 1941 450 in
1960 413 1980 450 4
2001 416 2041 450 et
2055 410 2236 451 Ambiani
2258 413 2359 452 4550

1393 474 1494 514 4670
1521 476 1645 514 forma
1670 477 1845 524 minore,
1871 479 1911 512 et
1945 475 2071 524 4683,
2107 475 2157 513 42
2187 478 2360 524 quatuor

1391 537 1549 577 Volum.
1589 540 1825 577 auctoritate
1861 537 2062 576 Francisci
2100 538 2225 576 Favre
2270 537 2363 588 Epi-

1391 601 1499 651 scopi
1524 600 1819 639 Ambianensis.

1444 660 1774 710 Ambrosianum,
1789 661 1996 700 Mediolani
2021 663 2123 701 4556
2141 662 2164 699 8
2178 662 2359 701 Venetiis

1392 724 1494 761 4558
1511 724 1534 760 8
1551 728 1591 761 et
1612 724 1650 762 S.
1668 723 1797 762 Caroli
1814 723 2013 761 Borromei
2027 721 2147 772 jussu
2166 722 2241 761 An.
2256 725 2270 762 4
2283 723 2359 762 582

1390 787 1637 834 recognitum
1656 785 1883 832 ,Mediolani
1902 785 2027 832 4588,
2046 785 2067 822 4
2086 784 2189 824 1625
2207 785 2330 833 ,4664
2349 816 2356 827 ,

1391 849 1414 885 8
1439 849 1567 887 trihus
1591 847 1880 887 voluminibus.
1899 847 2044 886 Confer
2059 845 2160 885 Acta
2177 847 2359 886 sanctor.

1389 915 1485 948 tom.
1510 912 1537 949 I.
1559 911 1668 948 Junii
1693 921 1779 961 pag.
1806 909 1895 947 643.

1441 971 1724 1023 sltzd09av6noe
1747 971 1824 1010 MS.
1847 974 1940 1009 ante
1959 974 2162 1009 trecentos
2185 971 2359 1022 amplius

1389 1046 1515 1073 annos
1533 1066 1543 1083 ‚
1570 1035 1644 1072 suit
1669 1034 1706 1071 in
1728 1032 1972 1072 Bibliotheca
2007 1032 2241 1072 Telleriana.
2278 1034 2361 1073 Ex-

1389 1101 1469 1136 stat
1490 1102 1529 1135 et
1553 1096 1705 1136 editum
1730 1094 1775 1134 A.
1803 1096 1922 1135 4624.

1440 1158 1671 1207 siniciense,
1694 1159 1780 1196 sive
1814 1156 2006 1196 Podi’ense
2039 1158 2117 1197 MS.
2142 1162 2235 1197 ante
2260 1170 2357 1210 qua-

1385 1222 1617 1273 dringentos
1637 1232 1758 1272 prope
1782 1231 1908 1259 annos
1926 1233 1934 1258 z
1958 1221 2032 1260 fuit
2053 1221 2090 1260 in
2111 1221 2355 1262 Bibliotheca

1387 1285 1620 1323 Telleriana.

1438 1345 1737 1398 Antwerpz‘ense
1760 1345 1807 1386 A.
1834 1347 1951 1386 4496.

1438 1409 1775 1461 Arqentoralense
1801 1409 1917 1449 4478.

1437 1471 1672 1522 Arose'ense,
1697 1472 1861 1511 Arosiae
1887 1472 1990 1512 4504
2017 1473 2051 1511 4.

1439 1533 1626 1586 Aptense,
1652 1535 1770 1574 Basil.
1796 1536 1899 1574 4545
1921 1535 1990 1573 sol.

1438 1597 1634 1649 Aquensis
1646 1598 1849 1637 Ecclesiae
1862 1597 2106 1636 breviarium
2116 1597 2195 1636 MS.
2204 1596 2243 1635 in
2254 1596 2352 1635 Bibl.

1379 1660 1499 1711 Regia
1523 1662 1643 1698 Paris.
1667 1672 1704 1698 n.
1733 1660 1849 1698 4446:

1437 1721 1696 1761 Atrebatense
1717 1723 1830 1771 4595,
1848 1722 1872 1759 8
1889 1721 2045 1760 duobus
2061 1720 2351 1761 Voluminibus.

1436 1784 1737 1824 Audomarense
1758 1783 1803 1823 A.
1830 1785 1945 1824 4548.

1435 1846 1820 1899 Augyustz'nianorum
1836 1877 1844 1896 ,
1862 1847 1970 1885 infra
2006 1845 2349 1887 Wlndesemensz's.

1435 1909 1724 1949 Aurelianense
1744 1910 1901 1949 Parisiis
1928 1909 2030 1948 4542
2052 1910 2088 1947 8.

1443 1972 1657 2024 Bajoeense
1677 1976 1873 2011 memorat
1892 1971 2120 2010 Bollandus.

1437 2033 1729 2084 Bambergyense
1741 2033 1861 2084 jussu
1877 2035 1953 2073 Viti
1969 2034 2153 2084 Episcopi
2170 2032 2215 2072 A.
2234 2033 2349 2073 4575.

1437 2094 1680 2133 Basz'leensis
1718 2096 1816 2134 liber
1860 2095 2083 2134 breviarius
2127 2095 2352 2134 secundum

1383 2156 1717 2195 consvetudinem
1742 2157 1861 2196 Chori
1885 2157 2087 2196 Ecclesiae
2111 2157 2228 2195 Basil.
2254 2168 2354 2207 quo-

1385 2218 1500 2256 modo
1517 2218 1634 2257 horae
1653 2219 1877 2257 Canonicae
1893 2218 2160 2257 absolvendae
2176 2219 2268 2257 sint.
2282 2220 2355 2258 Ba-

1383 2279 1502 2318 sileac
1530 2281 1631 2319 4480
1660 2281 1693 2318 4.
1725 2280 1833 2319 Idem
1864 2280 2049 2330 videtur,
2073 2279 2123 2318 de
2147 2291 2226 2330 quo
2254 2282 2355 2319 Mor-

1383 2341 1518 2380 lierius
1538 2343 1576 2380 in
1595 2342 1708 2381 libro:
1727 2343 1865 2381 Essais
1880 2342 1928 2381 de
1948 2345 2186 2381 Litterature
2201 2346 2298 2381 tom.
2317 2345 2351 2392 I,

1384 2416 1471 2455 pag.
1499 2405 1587 2444 449.
2223 2432 2224 2435 =

1441 2466 1603 2506 Ordinis
1622 2469 1662 2508 S.
1681 2468 1884 2507 Benedicti
1900 2468 2144 2507 breviarium·
2157 2468 2235 2507 MS.
2258 2471 2351 2506 ante

1385 2534 1587 2569 trecentos
1610 2542 1760 2578 annos,
1783 2532 1821 2569 in
1846 2530 2093 2569 Bibliotheca
2117 2530 2354 2569 Telleriana.

1384 2593 1539 2631 Novum
1565 2593 1673 2632 Pauli
1697 2594 1729 2632 V
1753 2597 1793 2631 et
1821 2592 1968 2632 Urbani
1993 2593 2081 2632 VIII
2116 2593 2352 2631 auctoritate

1380 2654 1533 2693 editum
1551 2655 1708 2693 Parisiis
1719 2657 1732 2694 4
1745 2656 1833 2703 645,
1849 2656 1872 2693 8
1887 2654 2044 2694 duobus
2053 2654 2351 2701 voluminibus,

1382 2717 1444 2754 his
1480 2716 1581 2755 adde
1614 2717 1816 2768 specialia:
1853 2716 2164 2770 Brunsfeldense
2201 2718 2350 2756 Lovan.

1385 2778 1487 2818 4607
1512 2779 1548 2816 8.
1577 2779 1815 2818 Cassinense
1838 2780 2018 2819 Venetiis
2044 2780 2159 2819 4586.
2198 2781 2354 2818 Panno-

1381 2841 1515 2879 m'ense
1530 2841 1704 2880 Viennae
1728 2842 1829 2882 4579
1851 2843 1887 2880 8.
1919 2842 2204 2892 Teqernseense
2221 2871 2229 2890 ,
2248 2839 2352 2879 4577

1383 2903 1444 2941 sol.
1467 2909 1507 2941 et
1530 2915 1632 2954 quae
1657 2905 1770 2955 plura
1790 2905 1895 2956 apud
1921 2905 2155 2955 Lippenium
2179 2907 2220 2941 et
2245 2903 2349 2942 Ilea-

1382 2965 1604 3004 dreichium
1632 2971 1919 3005 memorantur.

1434 3028 1702 3076 Be‘suntinum,
1728 3029 1893 3066 Divione
1916 3028 2038 3076 4653,
2063 3028 2099 3065 8.

1432 3090 1682 3129 Βῐίιινίσεηεα
1704 3090 1882 3128 Venetiis
1907 3090 2027 3138 4484,
2059 3090 2091 3143 *8
2126 3089 2350 3128 Lemovicis

1384 3152 1501 3198 4542,
1527 3147 1597 3198 8”⁰,
1622 3155 1661 3188 et
1681 3149 1801 3199 jussu
1823 3149 2027 3200 Reginaldi
2058 3149 2107 3188 de
2143 3151 2318 3190 Beaurce
2335 3183 2346 3200 ,

1378 3211 1674 3262 Archiopiscopi
1699 3212 1985 3258 Bituricensis,
2009 3212 2168 3250 Parisiis
2194 3212 2309 3251 4586.
2342 3239 2350 3246 .

1432 3274 1682 3311 Bran-arcusa
1710 3284 1731 3311 a
1754 3273 1943 3312 Roderico
1972 3273 2115 3313 Cunha
2142 3272 2347 3327 Archiepi-

1381 3347 1499 3387 scopo
1523 3337 1797 3387 recognitum,
1828 3335 2047 3376 Bracharae
2072 3335 2186 3376 4634.
2215 3333 2281 3388 4²¹
2329 3347 2331 3350 ’
