2500 4009
448 229 520 267 '1³02

439 303 500 339 his
525 297 678 334 veihis:
705 290 851 326 Μαι-401·
877 281 1053 320 Pariunt.
1079 279 1132 316 (lc
1149 289 1225 327 quo
1250 286 1378 325 supra

440 367 533 411 (αφ,
560 357 657 396 406.’
683 344 945 396 ‹li·.ri·.filins.
971 341 1107 379 clarus
1123 337 1230 391 apud
1244 348 1382 376 saecu-

441 423 532 462 lum.
557 422 592 455 et
614 415 644 453 C
649 409 777 452 Hri'sti
795 405 888 458 fidei
908 402 1075 448 deditus,
1099 400 1233 453 fertur
1255 398 1382 438 adme

439 476 698 522 omnimodam
721 469 921 509 historiam
943 464 1132 505 teoeuisse,
1149 473 1270 513 quam
1291 471 1385 498 non-

439 546 528 582 dum
553 537 627 587 leqi
653 547 698 573 ai.

488 596 764 643 Omnimodani
791 594 890 630 hunc
915 589 1073 629 Doxstri
1098 586 1310 626 Historiam
1345 584 1383 621 in

440 661 651 715 deperditis
672 657 751 707 jam
778 653 927 705 pridem
950 651 1124 689 habuero
1154 649 1227 685 viri
1253 645 1355 684 docti
1376 675 1383 685 .

439 738 526 766 cum
547 725 708 773 repente
731 720 904 756 excunte
928 712 1086 752 saeculo
1109 711 1212 754 XIV.
1232 719 1387 759 percre—

446 791 604 826 bescerc
624 791 756 821 rumor
770 778 894 828 coepit
913 775 961 814 dc
979 776 1139 812 invento
1155 769 1386 810 inl-'uldcnsi

441 846 673 886 Germaniae
710 838 949 880 Bibliotheca
979 835 1052 874 hoc
1080 834 1278 872 thesauro.
1310 830 1389 870 Au-

443 917 526 949 ‹·tor
547 909 613 950 roi,
638 910 681 945 ut.
705 904 892 942 docemur
909 911 930 938 a
956 897 1110 937 Nicolao
1133 895 1303 935 Antonio
1323 893 1387 932 lib.

451 976 478 1012 4.
508 968 731 1010 Bibliotlioc.
753 963 902 1002 veteris
928 961 1123 1011 Hispanae
1160 969 1244 1009 cap.
1270 957 1305 994 8.
1326 957 1390 993 Je-

447 1037 637 1073 suitarum
664 1027 808 1066 sodalis
832 1023 992 1075 quidam
1015 1021 1280 1072 Hieronymus
1318 1020 1389 1057 130-

446 1106 587 1135 munus
600 1092 645 1131 de
654 1091 828 1140 Hiquera
844 1087 1014 1133 nomine.
1029 1084 1244 1122 Toletauus
1254 1081 1389 1132 patria,

451 1158 622 1206 undique
640 1153 818 1192 munitus
834 1150 894 1187 vir
909 1145 1097 1186 subsidiis
1116 1145 1294 1184 curiosae
1311 1153 1392 1180 om-

451 1223 529 1258 nis.
553 1229 630 1267 qua
655 1215 839 1253 historica
859 1213 1016 1250 constat
1044 1218 1134 1254 res7
1165 1205 1391 1245 doetrinae.-

449 1284 518 1321 llic
543 1283 713 1317 testatus
736 1279 810 1321 cst,
835 1285 857 1313 a
885 1271 1027 1311 Thoma
1055 1266 1290 1316 Torrialba,
1311 1266 1395 1317 eju-

450 1341 558 1379 sdcm
585 1337 818 1381 societatis,
847 1345 868 1370 e
905 1331 1140 1370 Germaniae
1176 1327 1419 1367 Wormatia⁴

453 1403 547 1442 urbo
561 1399 695 1440 Dextri
711 1397 948 1442 Chronicon,
969 1394 1055 1432 sive
1075 1391 1285 1430 Historiam
1314 1400 1397 1426 oui-

452 1464 648 1505 nimodam
677 1461 726 1500 ab
747 1459 820 1499 An.
845 1457 961 1496 L'rbis
984 1457 1130 1495 Romae
1150 1453 1226 1493 752
1249 1450 1297 1491 ad
1318 1450 1397 1489 An-

448 1539 542 1568 num
563 1529 576 1565 4
592 1526 678 1564 483.
698 1523 861 1571 (CHristi
886 1522 919 1559 4.
944 1518 991 1558 ad
1016 1517 1115 1565 430.)
1138 1516 1302 1554 missam
1325 1512 1397 1551 sibi

455 1602 531 1629 una
554 1598 645 1627 cum
668 1586 719 1624 Μ.
733 1581 919 1629 Maoeimi,
937 1578 1291 1629 Caesaraugastani
1308 1576 1401 1626 Epi-

455 1653 562 1702 scopi
586 1647 882 1688 continuatione
907 1644 956 1683 ab
979 1643 1052 1681 An.
1077 1641 1230 1680 Cllristi
1256 1639 1331 1677 468
1354 1636 1402 1676 ad

456 1714 531 1752 644
568 1717 608 1751 et
647 1706 848 1748 Eutrandi
886 1703 1146 1757 (Luitprandi)
1183 1700 1403 1740 Ticinensis

458 1775 613 1814 Diaconi
637 1773 685 1811 ab
704 1771 776 1810 An.
803 1768 879 1808 6104
917 1767 965 1807 ad
1000 1767 1088 1806 668.
1120 1763 1396 1816 Apographum

459 1839 573 1884 illius,
597 1837 937 1884 Caesaraugustae
962 1834 1164 1880 repertum
1188 1827 1245 1864 Jo.
1268 1822 1408 1865 Calde-

458 1911 530 1938 ron
552 1897 843 1937 Franciscanus
868 1893 941 1932 An.
971 1892 1097 1941 4649,
1123 1891 1158 1928 [ι.
1183 1891 1220 1927 in
1242 1899 1285 1927 ca
1311 1886 1407 1926 urbe

461 1962 566 2012 typis
589 1958 783 1998 committi
803 1957 958 1994 curavit
972 1955 1124 2005 primus
1147 1951 1409 1991 vehomenter

464 2022 742 2072 interpolatum
766 2030 858 2058 cum
883 2017 1077 2056 Chronico
1100 2016 1151 2053 M.
1176 2010 1352 2053 Maaeimi
1373 2022 1410 2061 p.

464 2084 637 2129 923-405,
667 2086 707 2119 ct
735 2078 1001 2119 additionibus
1029 2078 1069 2116 S.
1105 2074 1334 2114 Braulionis
1370 2077 1410 2109 ct

471 2144 633 2184 Helecae
655 2172 662 2189 ‚
687 2144 771 2180 sive
797 2138 1003 2179 Helecanis
1027 2139 1413 2185 Caesaraugustam-

471 2218 557 2245 rum
590 2206 869 2255 lipiscoporum
895 2199 942 2238 ad
975 2200 1188 2239 Maximum
1213 2207 1298 2247 pag.
1325 2195 1415 2233 '105-

479 2268 576 2314 142,
601 2271 638 2302 ot
665 2263 896 2314 fragmentis
929 2261 1150 2299 carminum
1181 2259 1229 2296 M.
1257 2257 1414 2295 Maximi

472 2334 510 2366 vt
534 2329 710 2366 aliorum.
736 2325 794 2363 Ab
817 2335 862 2361 co
886 2327 1062 2373 tompore
1082 2321 1255 2360 Thomas
1277 2319 1416 2357 Tama-

475 2387 843 2441 jusVargas‚regius
859 2386 1078 2424 Historicus
1093 2381 1417 2421 ediditDcxtrum

474 2452 680 2490 detonsum
707 2450 779 2488 An.
806 2448 922 2492 4624,
940 2446 972 2483 ιἰ.
999 2444 1150 2484 Madriti
1168 2474 1176 2492 ‚
1196 2443 1329 2493 lingua
1354 2443 1416 2481 lli-

476 2514 657 2565 spanica:
684 2509 818 2549 Flavio
842 2508 958 2548 Lucio
994 2508 1171 2555 Deaetro,
1210 2503 1418 2546 Caballero

478 2571 676 2627 Iispannol
696 2571 742 2610 de
774 2569 991 2609 Barcelona
1011 2601 1020 2617 ,
1048 2567 1221 2620 prefecto
1243 2566 1420 2619 pretorio

481 2637 527 2675 ‹Ie
552 2635 707 2674 Oriente
724 2665 734 2682 ,
761 2633 1019 2672 Governaclor
1043 2631 1089 2669 de
1118 2629 1250 2669 Toledo
1266 2641 1344 2681 por
1364 2628 1419 2667 los

479 2709 600 2737 annes
623 2694 685 2734 del
705 2696 856 2734 Sennor
879 2693 925 2732 de
947 2693 1096 2741 CCCC,
1121 2691 1326 2744 defendido
1342 2702 1417 2744 por

484 2763 563 2799 Don
583 2759 743 2798 Thomas
768 2757 925 2808 Tamojo
941 2755 986 2794 cle
1006 2757 1169 2806 Ver-911&
1188 2755 1419 2807 Subjicitur:

536 2884 569 2923 a)
585 2883 712 2920 Nempe
730 2880 860 2910 Dexter
875 2886 963 2918 opus
975 2877 1039 2908 hoc
1052 2877 1208 2908 nonaum
1219 2876 1428 2917 perfecerat,

485 2934 608 2963 mtrem
624 2930 779 2961 nondum
795 2928 956 2958 ediderat
979 2926 1044 2959 Sed
1058 2927 1297 2967 Hieronymus
1311 2926 1368 2957 ubi
1383 2935 1428 2957 ea:

479 2982 604 3012 amicis
618 3004 627 3019 ,
645 2980 702 3019 qui
720 2979 756 3009 id
777 2986 864 3018 opus
880 2977 1042 3008 viderant
1059 3002 1069 3016 ,
1088 2982 1271 3017 cognorat,
1289 2985 1352 3007 suo
1368 2976 1431 3007 hoe

482 3031 617 3063 nomini
637 3029 848 3068 inscriptum
865 3028 932 3066 iri,
949 3031 1022 3058 tam
1038 3036 1114 3060 eam
1130 3036 1204 3058 rem
1217 3030 1358 3067 qratam
1369 3026 1434 3056 Ιια-

483 3082 552 3111 huit
570 3106 578 3117 ‚
595 3084 631 3109 ut
652 3087 722 3109 non
742 3081 927 3107 contentus
951 3077 1022 3108 Viri
1052 3086 1094 3108 ac
1123 3077 1206 3108 libri
1223 3077 1370 3108 necdum
1386 3076 1436 3106 le-

485 3133 530 3160 rn'
548 3155 557 3166 ,
576 3134 634 3160 rint
654 3129 721 3159 visi
753 3127 820 3158 eibi
848 3128 1047 3158 meminisse
1066 3151 1075 3165 ,
1092 3128 1199 3158 etiam
1215 3130 1435 3167 praevertere

495 3182 663 3211 [nstrum
682 3178 832 3208 voluerit
849 3175 994 3216 affectus
1023 3177 1079 3207 sui
1097 3177 1299 3208 testimonio
1317 3201 1327 3216 ,
1346 3176 1437 3215 quod

490 3238 566 3258 ene
595 3228 701 3256 voluit
720 3227 977 3256 aedicationem
994 3226 1104 3256 libelli
1135 3227 1176 3257 (le
1203 3224 1436 3265 scriptoribus

496 3277 765 3307 &munimur-is.
790 3279 874 3306 llaec
892 3276 1116 3308 verisimiliter
1134 3278 1177 3307 ita
1198 3278 1327 3307 vossius
1347 3274 1402 3306 lib.
1420 3277 1439 3305 ἰ)

494 3329 531 3357 alr
549 3329 627 3357 lli-t.
646 3329 710 3354 Lat.
735 3334 806 3364 vap.
828 3326 871 3355 1⁸⁸.

1271 207 1300 243 1)
1321 207 1352 243 E
1377 205 1517 243 x·s1·:
1542 205 1567 241 11

1453 274 1701 324 ,ltitigfueclucl
1722 274 1768 312 (le
1792 273 1831 312 la
1854 272 2018 324 rclz'yion
2040 269 2271 311 Christiana
2295 281 2342 308 en
2364 270 2402 310 el

1452 335 1562 373 rei'no
1585 334 1632 374 (Ie.
1658 334 1791 374 Toledo
1809 347 1917 386 para
1936 335 2113 372 muestra
2136 331 2401 372 delaverdad

1455 397 1501 436 (le
1526 397 1565 435 la
1592 396 1772 435 doctrina
1787 396 1833 435 de
1854 395 1991 436 Flavio
2019 394 2064 435 de
2093 393 2210 434 Lucio
2234 394 2399 434 Deaetro.

1454 461 1594 499 Postea
1610 457 1824 498 Rodericus
1835 459 1968 499 Carus
1982 459 2220 498 Utrariensis
2233 456 2399 508 presby-

1456 528 1517 560 ter
1529 521 1749 560 Chronicon
1768 521 1904 559 Dextri
1920 521 2286 559 etcontinuatorum
2311 529 2403 558 cum

1456 583 1645 623 brevibus
1662 584 1765 622 notis
1781 583 1960 633 vulgavit
1973 582 2120 633 Hispali
2137 581 2251 621 4627.
2273 581 2405 620 Fran-

1457 646 1586 684 ciscus
1602 644 1792 684 Bivarius
1815 645 2092 684 cisterciensis
2115 643 2329 683 Monachus
2345 653 2409 681 so-

1459 709 1541 747 lum
1565 707 1702 746 Dextri
1740 707 1962 746 Chronicon
2010 716 2103 745 cum
2139 705 2269 756 amplo
2302 715 2409 743 corn—

1463 770 1653 809 mcntario
1664 768 1786 819 Lugd.
1802 768 1939 807 eodem
1956 779 2018 806 an.
2040 765 2156 815 4627,
2174 767 2237 806 fol.
2251 766 2410 806 Maximi

1462 842 1556 870 voro
1575 830 1797 869 Chronicon
1825 840 1917 869 cum
1942 827 2171 868 Braulionis
2189 833 2230 868 et
2251 826 2413 868 Heleca-

1460 894 1535 943 nis,
1557 892 1712 944 Tajonis
1735 896 1776 931 et
1795 889 2006 931 Valderedi
2017 892 2301 942 Episcoporum
2317 891 2414 930 Cae-

1462 959 1841 1005 sar-augustanorum
1877 952 2146 992 additionibus
2167 955 2208 991 et
2232 950 2414 1002 ejusdem

1461 1019 1605 1058 Bivarii
1642 1017 1954 1064 commentario⁷
1977 1013 2208 1066 praemissis
2233 1011 2416 1052 Baltasa-

1464 1082 1522 1121 ris
1561 1080 1607 1119 cle
1644 1077 1847 1119 sandoval
1884 1081 1922 1117 et
1955 1078 2130 1117 Moscoso
2165 1075 2417 1128 apologeticis

1465 1141 1824 1195 praelocutionibus
1839 1151 1908 1192 pro
1930 1140 2079 1179 Dextro
2094 1142 2135 1177 et
2150 1138 2332 1186 Maximo,
2349 1147 2418 1176 ex-

1466 1216 1607 1245 cusum
1632 1202 1784 1243 Madriti
1810 1203 1906 1242 4654
1927 1231 1935 1252 ‚
1959 1201 2022 1241 fol.
2047 1201 2225 1252 Denique
2263 1200 2300 1238 in
2334 1199 2418 1238 lau-

1468 1268 1547 1306 dati
1570 1265 1725 1305 Nicolai
1743 1264 1904 1304 Antonii
1928 1263 2109 1304 Biblioth.
2134 1263 2221 1303 Vet.
2246 1263 2418 1313 Hispana

1469 1336 1562 1369 tom.
1585 1331 1620 1369 2.
1643 1327 1915 1380 003274-286
1934 1325 2076 1366 eadem
2091 1325 2285 1366 Chronica
2306 1323 2419 1363 exhi-

1470 1394 1613 1432 bentur
1647 1393 1760 1442 longe
1798 1391 2004 1437 breviora,
2024 1389 2090 1440 qui
2127 1391 2263 1427 tamen
2291 1386 2420 1426 neuti-

1470 1467 1590 1507 quam
1617 1455 1679 1494 illa
1713 1465 1782 1505 pro
1820 1453 2004 1504 genuinis
2037 1450 2181 1498 habet,
2204 1448 2273 1489 sed
2298 1459 2418 1500 quam

1471 1517 1652 1569 plurimis
1667 1520 1707 1554 et
1721 1526 1798 1554 non
1815 1513 2035 1553 inficiandis
2046 1511 2294 1564 argumentis
2307 1511 2420 1550 evin-

1473 1581 1527 1619 cit
1551 1589 1691 1618 recens
1715 1578 1779 1616 illa
1802 1582 1843 1616 et
1872 1577 2039 1616 fortasse
2068 1575 2118 1614 ab
2147 1575 2231 1626 ipso
2258 1574 2428 1624 Higuera

1477 1642 1599 1681 fuisse
1621 1639 1800 1679 conficta:
1818 1639 1867 1679 de
1882 1650 1961 1690 quo
1983 1637 2097 1677 vides
2116 1638 2236 1676 etiam
2253 1634 2427 1676 eundem

1478 1703 1598 1744 Nicol.
1619 1702 1836 1742 Antonium
1852 1702 1916 1741 lib.
1936 1703 1970 1741 4.
1990 1700 2039 1741 (10
2051 1700 2142 1752 jure
2155 1698 2318 1738 exulum
2338 1708 2424 1748 cap.

1483 1767 1544 1805 lt.
1568 1764 1817 1804 Cardinalem
1841 1765 1883 1803 R.
1904 1765 1949 1804 E.
1974 1763 2193 1815 Josephum
2217 1761 2346 1801 Saenz
2380 1758 2430 1798 de

1483 1827 1648 1878 Agvirre
1673 1830 1768 1864 tom.
1791 1827 1837 1865 ΙΙ.
1862 1826 2008 1866 Concil.
2037 1826 2197 1876 Hispan.
2223 1833 2311 1874 pag.
2352 1821 2400 1861 54
2422 1850 2431 1872 ,

1483 1902 1541 1941 sq.
1564 1893 1604 1928 et
1628 1889 1738 1928 Joan.
1762 1887 1997 1928 Bollandum
2021 1887 2184 1939 praefat.
2208 1885 2256 1925 ad
2278 1889 2373 1924 tom.
2396 1885 2432 1923 4.

1483 1951 1570 1991 Act.
1589 1953 1767 1991 Sanctor.
1789 1952 1948 1990 Januar.
1970 1960 2055 2001 pag.
2081 1949 2123 1989 34
2145 1952 2186 1988 et
2204 1946 2253 1987 ad
2273 1951 2429 1986 tomum

1484 2016 1518 2052 4.
1543 2014 1629 2052 Act.
1651 2013 1854 2052 Februarii
1877 2023 1962 2063 pag.
2000 2011 2125 2051 XVIII
2148 2041 2156 2061 ‚
2189 2021 2273 2061 seq.
2315 2010 2436 2059 Pape-

1488 2075 1691 2113 brochium
1712 2078 1792 2112 tom
1816 2074 1849 2111 t.
1872 2073 1961 2112 Act.
1982 2074 2217 2112 Sanctorum
2238 2069 2326 2122 Maji
2342 2081 2429 2121 pag.

1491 2137 1550 2175 lt.
1577 2136 1613 2174 h.
1643 2137 1857 2185 Dionysius
1881 2136 2068 2174 Petavius
2087 2134 2151 2173 lib.
2176 2133 2212 2172 2.
2235 2133 2363 2184 Epist.
2388 2131 2436 2170 lt

1489 2199 1536 2237 ad
1574 2197 1828 2236 Rosweidum
1847 2228 1855 2247 ‚
1886 2197 2110 2236 Chronicon
2144 2195 2280 2234 Dextri
2319 2197 2437 2232 vocat

1491 2259 1654 2299 hominis
1683 2258 1968 2311 imperitissimi
1987 2256 2132 2296 ’ἄτοπον
2151 2263 2191 2297 ct
2213 2254 2437 2295 ἀλλόκοτον
2498 2283 2500 2285 .

1493 2321 1624 2373 κύημα
1647 2326 1687 2361 et
1710 2321 1862 2360 omnino
1886 2318 2208 2369 ψευδεπίγραφον,
2229 2317 2281 2358 ab
2295 2317 2440 2371 Hispa-

1493 2396 1540 2422 no
1564 2383 1698 2435 aliquo
1723 2382 1912 2422 nebulone
1935 2382 2152 2435 confictum.

1545 2445 1718 2497 Epistola
1741 2446 2011 2484 commentitio
2035 2445 2127 2484 huic
2150 2444 2258 2485 Lucii
2278 2444 2438 2489 Dextro,

1494 2510 1578 2546 sivo
1605 2513 1647 2546 ut
1669 2518 1691 2545 a
1710 2506 1889 2546 eorm-lio
1920 2518 1942 2546 a
1971 2506 2115 2558 Lapide
2143 2506 2364 2558 appellatur
2382 2509 2441 2544 te-

1496 2570 1695 2608 nebrionis
1729 2570 1879 2608 sinistri
1904 2569 2100 2608 Chronico
2120 2569 2338 2621 praemissa
2362 2577 2438 2606 non

1493 2631 1540 2669 ad
1568 2633 1850 2681 Hieronymum
1877 2631 1946 2670 scd
1967 2631 2016 2671 ad
2045 2631 2228 2671 Orosium
2262 2628 2442 2680 dirigitur

1496 2694 1556 2732 liis
1582 2693 1712 2732 verbis
1735 2707 1742 2731 :
1776 2695 2041 2745 Posteaquam
2064 2704 2120 2732 eae
2155 2691 2329 2741 Oriente,
2360 2688 2446 2741 (ubi

1494 2756 1596 2795 sicut
1612 2755 1716 2794 nosti
1727 2754 1957 2808 Praefectus
1968 2753 2177 2808 praetorio
2183 2752 2257 2807 fui,
2259 2756 2274 2804 )
2287 2752 2444 2793 domum

1495 2817 1608 2867 redii,
1625 2817 1747 2870 coepit
1767 2829 1827 2856 me
1845 2817 2090 2857 vehementer
2106 2815 2263 2856 taedere
2271 2813 2445 2869 functio-

1496 2880 1556 2918 nis
1591 2891 1801 2919 munerum
1831 2878 2080 2932 publicorum
2094 2911 2104 2930 ,
2140 2882 2336 2932 totumque
2384 2889 2446 2917 me
2498 2888 2500 2910 ;

1498 2942 1680 2981 converti
1695 2941 1750 2980 ad
1771 2954 1818 2981 ea
1840 2941 1984 2991 studia,
2005 2942 2047 2981 in
2064 2939 2208 2994 quibus
2231 2940 2372 2980 bonam
2385 2939 2429 2980 vi

1503 3008 1562 3043 tae
1581 3016 1690 3043 meae
1708 3008 1866 3056 partem
1886 3004 2079 3055 transeqi,
2099 3003 2222 3043 sinon
2243 3014 2332 3042 cum
2357 3001 2443 3041 lau·
2498 3031 2500 3034 Α

1502 3066 1570 3115 (le,
1592 3067 1695 3106 citra
1722 3070 1853 3105 notam
1870 3065 2039 3117 pudoris
2055 3069 2197 3106 tamen.
2217 3066 2343 3104 Porro
2366 3076 2447 3102 om-

1501 3128 1699 3167 nimodam
1722 3127 1931 3167 historiam
1955 3140 2076 3180 quam
2098 3126 2150 3167 ab
2173 3125 2266 3167 orbe
2290 3125 2442 3166 condito

1504 3191 1558 3230 ad
1580 3191 1674 3230 haec
1696 3194 1835 3230 nostra
1855 3193 2030 3241 tempora
2053 3190 2306 3240 (Calderionis
2329 3187 2448 3228 editio
2498 3192 2500 3194 ’

1507 3253 1614 3291 aililit
1632 3268 1638 3292 :
1665 3253 1706 3291 id
1723 3257 1781 3292 est
1802 3251 1854 3290 ad
1872 3263 2020 3290 armum
2037 3251 2111 3292 430
2123 3249 2178 3290 ad
2191 3250 2448 3292 Consulatum
2498 3275 2500 3277 -

1511 3318 1613 3355 ¹llll.
1645 3313 2046 3364 Theodosiijmzioris)
2066 3312 2368 3366 produxeram,
2407 3317 2448 3354 ct
