2500 3841
833 240 1307 282 FRANClSCUS

85 311 179 349 dum
209 309 414 347 Octaviani
452 308 584 356 Scoti⁷
626 322 687 346 an.
728 312 851 359 4507,
899 314 1025 363 ⁴:520,

83 369 440 420 ⁴569.Composuit
462 369 625 420 insuper
648 382 748 421 opus
774 374 1024 424 inscriptum:

135 430 371 480 Constatile,
394 431 432 468 id
455 432 542 478 est,
577 432 709 471 variae
746 434 1026 483 Quaestiones,

80 496 127 534 de
145 491 479 540 distinctionibus,
503 491 789 544 relationibus,
813 495 935 546 siquis
959 508 1029 534 na—

81 560 198 595 turae
212 588 223 607 ,
249 560 287 595 et
309 553 634 608 formalitatibus.
946 597 950 602 ¹

67 651 70 656 .
129 617 237 658 Mille
266 617 498 670 quirzyeritas
536 617 782 669 quaestiones
815 618 861 657 de
898 620 1027 658 variis

79 682 172 721 locis
190 682 342 721 Sacrae
363 679 596 731 Scripturae
616 682 656 717 et
675 678 806 719 dubiis
837 680 1027 732 Theoloqi—

77 744 146 783 cis.
167 744 392 795 Incipiunt:
420 743 558 781 Utrum
583 741 778 781 CHristus
812 743 1026 782 secundum

76 809 265 844 naturam
288 805 514 844 humanam.

129 867 464 919 Interroqationes
501 866 612 905 circa
653 865 825 913 varias,
855 866 1026 919 difficile-

76 941 174 981 sque
200 929 406 969 materias.
433 931 651 981 Incipiunt:
677 928 785 967 Licet
806 927 924 967 multi
934 941 1027 981 pro-

77 991 273 1031 batissimi
286 992 379 1031 viri.
402 993 628 1043 Utrumque
651 991 723 1029 hoc
748 1002 847 1042 opus
877 991 1000 1030 habeo
1019 1022 1026 1040 ,

77 1056 205 1105 inquit
221 1054 482 1106 Waddfflgus,
505 1054 609 1105 apud
624 1065 687 1092 me
710 1054 1026 1104 manuscriptum

79 1119 116 1155 in
137 1127 216 1156 uno
237 1117 455 1165 volumine,
475 1116 580 1167 quod
603 1118 664 1155 Fr.
686 1116 922 1154 Franciscus
937 1117 1028 1154 Fer-

77 1179 264 1217 rariensis
289 1180 327 1217 in
352 1189 424 1218 sua
447 1179 574 1229 patria
595 1178 809 1227 exscripsit
823 1188 886 1215 an.
910 1178 1023 1217 1456.

126 1242 332 1280 Sermones
355 1239 577 1280 de-Sanctis
593 1272 604 1290 ,
629 1251 730 1291 quos
755 1241 876 1278 etiam
901 1239 1024 1279 habeo

76 1304 392 1354 manuscriptos⁷
418 1304 613 1353 incipiunt
635 1314 658 1341 a
687 1302 788 1340 festo
810 1303 848 1341 S.
872 1301 1026 1341 Andre-

74 1376 143 1415 ae,
167 1369 207 1404 et
229 1365 278 1404 ab
308 1365 385 1404 illis
413 1365 582 1412 verbis,
619 1362 838 1403 Ambulans
872 1365 1025 1405 JESCS

63 1428 193 1479 Juoeta
214 1439 340 1466 mare.
357 1426 592 1466 Prodierunt
625 1427 803 1465 Venetiis
840 1428 953 1466 1493.
984 1433 1023 1466 et

73 1491 253 1530 Basileae
279 1489 398 1530 1498.

123 1553 144 1576 ³*
166 1554 288 1592 Juvat
323 1552 387 1591 hic
409 1552 703 1591 adnotationem
728 1552 930 1603 quandam
962 1565 1020 1591 re-

68 1617 168 1655 fei-re
209 1626 327 1665 quam
365 1615 456 1653 olim
493 1626 565 1666 ego
598 1615 673 1665 legi
701 1617 738 1653 in
763 1616 841 1654 MS.
874 1614 1017 1654 Codice

67 1678 366 1717 membranaceo
387 1677 571 1715 Biblioth.
594 1678 893 1716 Malatestarum
925 1678 1020 1716 Cae-

66 1751 196 1779 senae.
223 1740 404 1791 Scriptus
428 1743 491 1777 est
515 1739 649 1778 Codex
674 1740 782 1778 Saec.
806 1740 910 1778 XIV.
932 1739 1020 1777 Ecc—

60 1801 175 1854 plicit
195 1801 350 1841 lectura
372 1802 416 1840 F.
445 1801 657 1839 Francisci
689 1801 735 1839 de
764 1801 943 1840 Mairono
971 1800 1018 1839 de

39 1893 44 1899 ,
65 1864 279 1904 Provincia
317 1862 552 1914 provinciae
595 1867 802 1915 repertata
848 1861 922 1902 sub
975 1874 1016 1901 eo

64 1927 237 1966 Par-isus
259 1938 325 1965 an.
354 1926 470 1965 ⁴320.
495 1926 747 1976 Quamquam
781 1926 843 1963 hic
874 1925 1017 1964 dicitur

65 1987 111 2027 de
128 1987 340 2040 provincia
363 1987 616 2040 provinciae,
641 1988 751 2026 locus
778 1991 911 2025 tamen
942 1988 1015 2025 iste

63 2055 147 2089 crat
171 2050 269 2088 forte
290 2050 546 2100 professionis
571 2051 825 2088 monasticae.
862 2049 905 2085 ln
936 2048 1016 2087 edi-

63 2115 166 2150 tione
190 2113 339 2151 Veneta
374 2110 449 2150 An.
485 2111 586 2150 1493
629 2116 786 2161 praeter
810 2121 1015 2149 sermones

63 2174 111 2213 de
121 2175 278 2213 Sanctis
292 2178 389 2212 sunt
407 2175 526 2212 etiam
548 2178 744 2211 tractatus
761 2184 881 2223 super
895 2174 1016 2211 Pater

62 2239 192 2275 noster
235 2235 281 2275 de
310 2235 571 2287 poenitentia,
610 2234 657 2273 de
694 2234 879 2273 articulis
899 2234 1014 2286 fidei3

61 2297 253 2350 expositio
275 2298 316 2336 in
337 2297 566 2349 Maynificat
578 2310 590 2346 ,·
626 2297 656 2335 T
653 2300 836 2336 ractatus
860 2296 906 2335 de
932 2308 1016 2335 cor-

57 2372 156 2413 pore
177 2359 342 2410 Christi;
380 2359 427 2399 de
462 2363 608 2411 septem
634 2358 746 2398 donis
772 2358 945 2410 Spiritus
975 2361 1013 2397 S.

63 2434 109 2462 ac
148 2422 319 2473 denique
355 2434 476 2474 super
508 2422 654 2461 missus
689 2425 757 2460 est.
782 2422 911 2467 Quare
940 2421 1007 2459 ho-

65 2492 153 2525 rum
173 2490 415 2525 tractatuum
435 2485 553 2524 editio
570 2483 773 2536 praecedit
793 2483 1016 2522 Basileaen-

65 2559 238 2587 seman.
261 2549 376 2588 1498.
401 2559 521 2599 quam
546 2548 669 2586 veluti
694 2547 863 2597 primam
886 2545 1015 2584 Fabri-

64 2612 150 2649 cius
173 2614 470 2649 commemorat.

117 2672 424 2712 FRANCISCUS
439 2671 485 2711 de
501 2671 647 2720 Mileto,
672 2671 920 2709 Florentinus
941 2669 1015 2707 sub

67 2735 213 2774 saeculi
250 2735 353 2775 XVI.
388 2735 524 2785 initia⁷
562 2733 679 2784 cujus
703 2733 942 2771 sententiam
967 2731 1014 2770 de

63 2796 306 2836 Antichristo
325 2797 569 2836 confutatam
595 2807 615 2834 a
640 2795 756 2834 Paulo
780 2792 1017 2832 ORLANDI-

63 2860 156 2906 ΝΟ,
184 2860 342 2898 Monaco
370 2858 698 2905 Camaldulensi,
739 2860 931 2895 memorat
952 2857 1015 2893 Jo-

65 2921 218 2959 hannes
239 2921 485 2960 Mabillonius
526 2921 562 2957 in
595 2920 740 2957 itinere
771 2918 903 2956 Italico
928 2928 1011 2967 pag.

36 2991 39 2994 ⁴
67 2982 154 3021 170.
177 2982 330 3021 Eoeslat
350 2982 391 3021 in
416 2979 608 3023 Coenobio
638 2978 877 3030 Anqelorum
909 2977 1017 3029 apud

21 3060 26 3068 ¹
65 3043 331 3094 Florentiam,
355 3043 557 3083 Ambrosii
578 3042 662 3081 viri
683 3039 949 3079 eruditissimi
980 3043 1017 3077 et

65 3106 236 3145 aliorum
259 3104 624 3146 Camaldulensium
648 3105 815 3141 Patrum
831 3101 1015 3151 insiqnio-

63 3180 157 3208 rum
173 3179 327 3208 secessu
363 3167 517 3207 illustri
547 3164 659 3203 aliud
691 3174 786 3216 opus
812 3163 916 3201 Pauli
943 3164 1013 3201 Or-

25 3267 28 3270 ,
66 3231 237 3280 landini,
261 3229 445 3270 Monachi
463 3227 635 3279 ejusdcm
662 3224 871 3273 (cenobii,
894 3229 929 3263 el
946 3236 1013 3274 po-

65 3298 148 3332 stea
173 3292 333 3333 Ordinis
364 3289 585 3345 praepositi
610 3287 836 3339 finer-alis,
867 3286 1010 3324 (lictum

68 3357 339 3408 llcptaticum,
376 3353 605 3404 inscriptum
641 3350 803 3388 Antonio
844 3351 1009 3391 Paccio,

1974 249 2048 287 601

1103 315 1292 366 Episcopo
1305 314 1356 353 ab
1371 315 1481 352 Anno
1504 318 1516 355 «1
1529 317 1616 355 518.
1635 317 1867 356 pistoriensi
1888 323 1926 357 et
1943 320 2050 358 Nun-

1102 377 1158 414 cio
1182 377 1397 428 Apostolico
1434 377 1488 416 ad
1521 377 1728 418 Helvetios.
1764 379 2049 431 Arqumentum

1103 442 1159 476 est
1182 439 1227 477 de
1250 438 1466 478 virtutibus
1491 443 1527 477 et
1551 439 1597 478 de
1633 440 1782 491 triplici
1816 442 1847 479 T
1844 441 2018 494 heoloqia
2036 477 2046 492 ,

1102 502 1334 551 conjuncta,
1359 500 1531 539 discreta
1557 506 1595 540 et
1615 502 1756 550 miaeta,
1782 503 1828 542 de
1854 505 2048 556 interpre-

1103 562 1243 599 tatione
1258 563 1563 613 Scripturarum
1576 568 1805 603 sanctarum
1826 570 1963 605 contra
1980 579 2048 605 va-

1101 634 1169 661 nos
1187 623 1332 662 ariolos
1352 639 1360 662 :
1385 636 1404 661 e
1427 624 1570 675 quibus
1591 626 1727 676 arquit
1740 628 1955 674 nonnullos,
1980 631 2052 680 qui

1090 683 1354 735 jactitabant,
1378 685 1485 724 Anno
1509 687 1701 725 DOMINI
1722 690 1900 728 MDXXX.
1941 691 2048 728 Anti-

1101 746 1290 785 christum
1310 758 1393 785 esse
1409 748 1748 799 praedicaturum7
1774 755 1810 788 et
1829 752 2045 792 Ecclesiam

1104 806 1342 847 Catlzolicam
1367 810 1524 858 penitus
1562 811 1912 861 eoestinquendain:
1953 827 2046 866 quo-

1100 881 1191 907 rum
1211 868 1404 907 hominum
1426 869 1678 920 probationes
1701 875 1938 914 vanissimas
1962 889 2045 916 esse

1100 931 1353 969 demonstrat.
1395 931 1487 981 qu't
1529 944 1624 970 vero
1660 937 1872 986 praecipue
1911 942 2045 976 contra

1101 992 1296 1045 quendam
1310 992 1559 1044 Astroloyum
1581 994 1890 1045 Cremonensem,
1912 1003 1946 1036 et
1961 1010 2046 1037 con-

1102 1059 1167 1093 tra
1189 1053 1314 1093 alium
1332 1054 1603 1094 Florentinum
1622 1088 1629 1104 ,
1655 1057 1726 1107 qui
1743 1060 1976 1098 Franciscus
1999 1061 2046 1098 de

1101 1118 1229 1156 Mileto
1251 1117 1472 1156 vocabatur
1490 1148 1497 1165 ‚
1515 1117 1688 1170 duosque
1705 1121 1943 1172 praecipuos
1961 1134 2047 1161 con-

1099 1179 1261 1231 scripsit
1283 1178 1405 1218 Zibros
1426 1210 1433 1228 7
1458 1191 1627 1231 quorum
1651 1180 1772 1220 alteri
1789 1185 2045 1231 Convivium,

1099 1242 1219 1281 alteri
1231 1243 1481 1289 Quatrivium
1496 1242 1625 1282 titulos
1640 1243 1754 1282 (ledit.
1774 1247 1897 1283 Porro
1906 1251 2046 1285 auctor

1098 1306 1137 1343 in
1159 1317 1201 1344 eo
1220 1304 1428 1357 refutando
1465 1305 1523 1343 ait
1549 1317 1588 1343 se
1617 1307 1899 1357 Theologorum
1942 1310 2048 1347 Pari-

1097 1370 1290 1407 sieusium
1316 1380 1435 1415 more,
1453 1367 1583 1406 decem
1599 1368 1684 1420 ejus
1699 1374 1934 1420 arqumenta
1953 1383 2045 1422 pro-

1095 1430 1231 1482 ferre·⁷
1261 1442 1308 1468 ac
1332 1434 1469 1481 postea
1509 1430 1663 1468 totidem
1691 1430 1876 1482 requlas,
1901 1431 2044 1483 quibus

1097 1491 1221 1533 Mileti
1239 1497 1475 1544 arqumenta
1495 1491 1735 1544 refutantur.

1151 1556 1169 1577 *⁶
1206 1557 1261 1594 De
1301 1555 1373 1594 hoc
1411 1557 1493 1593 viro
1531 1554 1646 1604 juvat
1688 1568 1732 1594 ea
1779 1557 2042 1595 transcribere

1095 1629 1195 1668 quae
1220 1618 1295 1668 legi
1318 1618 1354 1654 in
1380 1618 1538 1667 Synodo
1570 1618 1792 1655 Florentina
1815 1620 1905 1656 anni
1930 1619 2041 1658 1517.

1094 1682 1156 1719 cui
1177 1691 1248 1730 ego
1278 1682 1317 1717 in
1347 1691 1434 1718 meo
1465 1679 1729 1718 Conciliorum
1759 1680 2042 1730 Supplemento

1094 1746 1199 1780 tomo
1237 1742 1280 1780 V.
1314 1742 1401 1780 407.
1441 1742 1569 1780 locum
1609 1742 1822 1792 assignavi.
1861 1743 1918 1780 Ita
1949 1755 2042 1781 vero

1092 1805 1141 1842 ibi
1165 1806 1202 1842 in
1218 1805 1336 1843 Rubr.
1358 1805 1414 1842 De
1437 1803 1641 1853 Maqistris
1675 1808 1749 1842 etc.
1775 1815 1859 1855 cap.
1883 1806 1915 1843 1.
1939 1806 2041 1843 Prae

1091 1865 1272 1905 manibus
1305 1869 1397 1904 sunt
1424 1864 1634 1903 Francisci
1649 1864 1773 1904 Mileti
1798 1877 1943 1917 opera,
1973 1867 2041 1917 qui

1090 1940 1177 1966 cum
1202 1927 1329 1966 laicus
1351 1928 1420 1976 sit,
1443 1931 1481 1966 et
1502 1926 1660 1978 quidem
1683 1927 1801 1965 idiota
1815 1959 1824 1975 ‚
1863 1931 1907 1966 ut
1943 1928 2042 1967 vidi—

1088 1990 1159 2029 stis
1191 2001 1347 2037 omnes,
1373 2001 1497 2029 ausus
1522 1994 1581 2028 est
1604 1990 1774 2040 inqentes
1803 1990 2037 2042 Scripturae

1090 2052 1294 2091 thesauros
1319 2055 1512 2102 evertere,
1538 2056 1654 2104 atque
1689 2063 1838 2090 omnem
1872 2052 2041 2092 Catholi-

1089 2126 1226 2152 corum
1249 2113 1519 2165 expositorum
1537 2125 1694 2152 sensum
1718 2112 1955 2152 conturbare
1974 2126 2039 2151 no-

1088 2187 1161 2215 vas
1175 2174 1254 2214 sibi
1267 2180 1305 2214 et
1318 2175 1518 2214 inauditas
1533 2175 1798 2214 conclusiones
1814 2175 2032 2227 formando.

1089 2239 1141 2277 Et
1170 2250 1254 2288 cap.
1281 2239 1348 2276 IX.
1380 2238 1510 2290 Opera
1533 2237 1729 2289 quaedam
1753 2239 1949 2277 Francisci
1972 2241 2038 2277 Mi-

1091 2301 1156 2340 leti
1182 2301 1384 2348 Convivii⁷
1411 2305 1450 2338 et
1481 2299 1686 2346 Quadrivii
1709 2304 1750 2338 et
1773 2302 2038 2351 expositiones

1090 2363 1340 2402 Psalmorum
1370 2363 1512 2401 tit-ulus
1543 2367 1773 2413 praenotat,
1816 2374 1916 2412 quae
1960 2362 2041 2413 ple-

1090 2435 1233 2474 rosque
1280 2423 1354 2462 sub
1396 2424 1515 2462 huius
1544 2424 1786 2473 praemissae
1824 2424 2040 2473 amplitica-

1088 2487 1203 2533 tioni,
1229 2487 1374 2535 pietate
1399 2486 1437 2522 in
1467 2496 1666 2531 errorem⁷
1697 2489 1816 2534 atque
1851 2485 2035 2523 hereseos

1088 2553 1128 2586 et
1152 2547 1367 2587 schismata
1389 2546 1506 2599 facile
1527 2546 1710 2585 inducere
1725 2550 1900 2598 possent,
1919 2547 2030 2585 velut

1090 2618 1292 2646 venenosa
1322 2612 1361 2645 et
1391 2608 1507 2656 impia
1531 2609 1571 2644 et
1596 2607 1632 2642 in
1655 2606 1853 2655 plerisque
1878 2606 2036 2644 conclu-

1089 2668 1268 2708 sionibus
1298 2667 1522 2707 Catholicae
1553 2667 1708 2704 veritati
1732 2667 1900 2713 inimica,
1930 2677 2034 2704 erro-

1090 2731 1404 2780 nea‚temoraria,
1417 2733 1742 2779 praesumptuosa
1757 2727 2034 2774 condennavit,

1088 2797 1128 2830 et
1165 2796 1347 2842 suspecta
1388 2789 1572 2837 reddidit,
1605 2789 1750 2827 nedum
1795 2790 1855 2828 illa
1887 2789 1954 2827 sed
1993 2795 2032 2828 et

1087 2855 1217 2892 omnia
1258 2865 1328 2892 sua
1370 2853 1443 2891 alia
1480 2863 1595 2902 opera
1632 2853 1824 2902 impressa
1867 2857 1906 2889 et
1955 2864 2030 2890 uon

1089 2918 1291 2966 impressa,
1315 2914 1439 2952 donec
1458 2914 1602 2952 tuerint
1620 2924 1688 2963 per
1710 2913 1851 2951 Scdcni
1867 2914 2033 2964 Aposto-

1087 2979 1201 3016 licam
1245 2976 1475 3027 approbata,
1520 2974 1804 3025 mandavitque
1847 2976 2030 3014 omnibus

1090 3041 1126 3077 in
1166 3043 1246 3077 tota
1282 3039 1506 3076 Florentina
1548 3038 1748 3086 provincia
1787 3048 2031 3075 commoran-

1088 3102 1193 3139 tibus
1221 3104 1264 3137 ut
1288 3109 1562 3149 quaecumque
1579 3102 1618 3134 ct
1636 3103 1906 3148 quotcumque
1932 3111 2030 3148 qua-

1087 3163 1307 3209 liacumque
1337 3172 1385 3197 ox
1417 3159 1628 3209 praedictis
1658 3160 1841 3209 oporibus
1865 3160 2029 3208 babent,

1085 3224 1262 3261 deferant
1281 3221 1341 3258 vel
1358 3220 1404 3258 ad
1424 3221 1618 3258 vicarium
1641 3219 1716 3257 BR.
1735 3220 2027 3274 Archicpiscopi

1088 3284 1316 3328 Floirntini,
1352 3282 1413 3319 vol
1458 3280 1504 3319 ad
1551 3280 1816 3331 presidentem
1860 3284 2028 3335 Capituli

1087 3346 1283 3385 Ecclesiae
1315 3344 1559 3381 Floi'rntinae
1592 3344 1651 3381 voi
1683 3343 1727 3382 ad
1752 3346 1791 3382 R.
1812 3345 2027 3386 baereticae

1524 3424 1573 3459 7ss
