2500 3841
962 192 1372 232 ERHARDUS

147 264 248 304 duos
277 263 404 302 divisa
434 262 578 310 libros,
610 261 681 300 sed
711 263 947 315 interpolata
984 275 1121 303 occur-

150 327 202 365 rit
229 338 321 365 cum
352 325 459 364 notis
490 325 528 363 in
559 323 670 363 Actis
700 325 937 366 Sanctorum
962 330 1055 365 tom.
1082 327 1119 366 3.

145 388 290 440 Aprilis
330 388 474 427 XXVI.
516 387 706 427 427-440.
747 388 1013 428 Sinceriorem
1048 388 1118 427 sed

148 452 235 490 sine
260 451 420 489 nomine
445 451 619 490 auctoris
643 454 801 490 exstare
821 452 860 490 in
885 452 1007 490 variis
1022 451 1119 490 Sve-

143 514 232 552 viae
262 512 522 552 Bibliothecis
546 516 659 552 notat
681 514 931 553 Mabillonius
949 515 988 552 in
1013 513 1120 552 Ana-

145 575 260 614 lectis
282 586 370 626 pag.
401 576 452 614 20
489 575 674 614 editionis
698 587 844 626 novae,
874 576 950 615 hoc
982 577 1117 614 initio:

145 638 246 679 Cum
267 637 414 676 merita
438 639 679 678 Sanctorum
697 637 932 677 recoluntur
947 643 1024 677 etc.
1041 638 1116 677 Au.

143 701 265 741 ctoris
285 711 431 740 nomen
457 706 596 741 tamen
625 701 737 752 prodi
762 701 871 740 hisce
894 701 944 740 ad
968 702 1117 740 calcem

142 763 359 803 versibus.-

137 834 218 866 Has
240 833 518 866 Erchanbaldus
531 859 542 873 ,
568 833 739 865 Trutberti
758 835 916 873 martyris
934 834 1012 867 almi

137 884 274 917 praesui
289 908 300 923 ,
325 889 400 925 post
423 886 554 917 cineres
571 883 766 916 renovando
789 888 956 916 struxerat
980 883 1102 921 aedes,

69 936 85 949 ““
145 937 268 967 Tactus
286 942 400 967 amore
416 937 485 966 DE!
502 959 512 973 ,
529 935 738 967 venerandos
758 934 905 966 scribere
919 936 1032 971 sancti

143 987 249 1017 Actus
271 993 338 1027 non
357 986 488 1025 piguit,
510 984 567 1016 sed
584 989 616 1016 et
633 985 665 1016 id
681 993 742 1024 pro
758 993 854 1024 posse
870 987 999 1025 peregit
1018 989 1083 1016 etc.

197 1045 308 1084 Hanc
331 1043 498 1082 demum
524 1045 563 1082 in
588 1044 720 1083 lucem
760 1044 870 1083 dedit
907 1044 1117 1083 celeberri-

146 1117 239 1145 mus
263 1105 492 1145 Bernardus
532 1107 608 1144 Pez
650 1107 683 1156 a)
723 1106 761 1144 in
796 1106 974 1157 Epistola
1000 1104 1048 1145 ad
1072 1106 1112 1144 P.

137 1170 314 1208 Marcum
338 1169 573 1207 Hanzizium
599 1168 685 1207 Soc.
710 1169 791 1207 Jes.
829 1169 1007 1208 Viennae
1036 1166 1118 1207 Au-

142 1231 264 1270 striae
289 1228 418 1279 4734,
445 1230 480 1268 4.
507 1231 625 1269 Putat
661 1230 979 1282 Ergambaldum
1022 1230 1119 1268 scri-

142 1295 274 1346 psisse
311 1294 417 1332 circa
446 1292 610 1332 Annum
655 1293 744 1332 700.
784 1293 951 1333 Videtur
981 1297 1116 1332 autem

136 1357 330 1397 Pezianae
345 1347 508 1395 editioni
523 1355 666 1394 deesse
688 1357 873 1408 prologus
892 1385 900 1404 ,
923 1357 1015 1406 quia
1034 1366 1114 1393 non

141 1420 280 1471 incipit
299 1419 377 1458 illis
405 1417 567 1463 verbis,
603 1429 705 1468 quae
734 1419 900 1470 apposui
925 1429 946 1456 e
983 1417 1116 1457 Mabil-

142 1482 248 1521 lonio
273 1511 282 1531 ,
308 1481 378 1520 sed
408 1480 496 1520 his:
525 1480 628 1521 Cum
652 1480 778 1532 iqicnr
801 1478 1117 1519 innumerabiles

89 1590 94 1594 ¹
142 1546 360 1596 martyres.

193 1604 464 1646 ERHARDUS
486 1606 706 1647 Monachus
730 1606 1017 1646 Benedictinus
1041 1607 1116 1645 cir-

142 1680 186 1709 ca
206 1667 282 1709 An.
305 1669 420 1709 4050.
440 1669 572 1722 Hujus
590 1669 933 1710 Commentarium
956 1669 997 1708 in
1017 1670 1115 1708 Pen—

143 1729 372 1770 tateuchum
411 1736 452 1771 et
497 1731 679 1782 ejusdem
730 1731 927 1772 Homilias
978 1731 1114 1771 laudat

142 1793 389 1833 Trithemius
406 1805 492 1845 cap.
515 1793 592 1832 337
608 1794 657 1832 de
679 1795 718 1834 S.
734 1795 766 1834 E
814 1799 855 1833 et
875 1795 939 1834 lib.
961 1795 998 1833 2.
1028 1806 1112 1846 cap.

141 1857 192 1896 82
230 1856 446 1896 illustrium
485 1857 871 1905 Benedictinorum,
911 1857 1113 1897 Arnoldus

148 1918 265 1957 Wion
291 1923 385 1957 tom.
413 1921 427 1958 4
454 1949 462 1967 ,
487 1919 582 1969 ligni
606 1920 712 1958 vitae
737 1932 774 1971 p.
801 1921 889 1959 4114.
912 1920 1022 1959 Idem
1050 1919 1112 1959 hic

149 1981 254 2033 apud
274 1982 551 2029 Possevinum,
575 1986 697 2032 atque
717 1981 860 2021 deinde
883 1982 987 2033 apud
1012 1982 1114 2021 Can-

145 2046 255 2096 gium
279 2044 423 2082 vitiose
442 2043 723 2083 ETHARDUS.
999 2080 1003 2084 .

193 2105 417 2145 ERHARDI
454 2105 501 2144 de
533 2106 715 2156 Lainitz,
740 2107 909 2146 Abbatis
948 2108 1117 2146 San—Pe—

142 2169 292 2208 irensis
317 2168 550 2221 salisburgi,
576 2169 740 2209 Ordinis
765 2169 1015 2208 Benedictini
1041 2169 1115 2208 An.

141 2232 245 2272 4436
282 2231 485 2282 defuncti,
529 2232 724 2282 expositio
771 2232 933 2270 moralis
971 2232 1117 2271 Psalmi

143 2297 232 2344 XII,
256 2294 365 2334 edita
389 2306 412 2334 a
435 2295 637 2335 Bernardo
661 2296 737 2334 Pez
769 2300 864 2333 tom.
887 2295 911 2334 2
940 2294 1119 2334 thesauri

144 2358 434 2397 anecdotorum
458 2359 634 2408 pag.'23.

193 2420 377 2459 ERICUS
416 2420 485 2458 IX.
525 2419 807 2464 MendvidiuS‚
845 2421 992 2458 Daciae
1033 2420 1119 2458 sive

142 2484 291 2524 'Daniae
319 2484 405 2522 Rex
442 2481 490 2520 ab
513 2481 587 2520 An.
617 2482 720 2521 4287
752 2482 800 2521 ad
841 2483 957 2521 4349.
996 2482 1123 2533 Reyni

141 2546 210 2586 sui
243 2543 420 2585 Annales
463 2545 677 2595 scripsisse
716 2544 902 2584 traditur.
926 2545 1024 2583 Vide
1059 2547 1116 2583 Jo.

141 2610 289 2649 Molleri
318 2608 386 2646 τοῦ
418 2606 631 2660 μακαρίτου
649 2607 812 2658 praefat.
842 2607 890 2645 ad
928 2607 1025 2645 Bibl.
1058 2618 1120 2646 se-

142 2672 386 2723 ptentrionis
409 2669 558 2710 eruditi
584 2681 670 2720 pag.
696 2669 760 2707 27.

194 2734 380 2774 ERICUS
408 2734 458 2772 X.
483 2733 632 2771 Daniae
655 2732 752 2779 Rex,
782 2732 993 2771 Wratislai
1015 2732 1115 2771 V111.

141 2797 264 2836 Ducis
280 2795 537 2835 pomeraniae
564 2793 681 2843 filius,
705 2794 772 2844 qui
795 2805 918 2844 regno
942 2794 1113 2845 praefuit

141 2859 190 2898 ab
218 2859 293 2898 An.
328 2858 431 2897 4442
460 2857 507 2896 ad
536 2856 650 2895 4438.
673 2854 772 2905 Ejus
795 2855 1114 2894 Historicanar-

145 2920 252 2959 ratio
280 2919 328 2959 de
351 2919 503 2971 oriqz'ne
528 2917 665 2956 Gentis
687 2918 892 2955 Danorum
913 2921 950 2956 et
976 2917 1022 2956 cle
1043 2920 1114 2957 Re-

141 2981 266 3035 9ibus
284 2981 457 3034 ejusdem
479 2980 611 3020 Gentis
631 2992 652 3019 a
676 2982 785 3019 Dauo
810 2992 937 3030 usque
957 2995 962 3018 :
988 2982 1111 3032 deque

147 3043 364 3085 eorundem
383 3042 505 3082 rebus
528 3042 649 3094 9estis
673 3042 721 3081 ad
745 3041 906 3081 Annum
934 3043 1035 3082 4288
1071 3045 1107 3081 in

142 3106 303 3159 Erpoldi
321 3105 595 3156 Lindenbrogii
619 3104 878 3155 scriptoribus
899 3116 1031 3143 rerum
1049 3117 1110 3143 se-

143 3170 471 3222 ptentrionalium
510 3179 597 3219 pag.
627 3168 703 3205 292
742 3170 781 3205 et
820 3168 857 3204 in
887 3166 1058 3205 editione
1086 3179 1108 3205 a

147 3244 210 3272 me
251 3236 390 3272 curata
431 3242 516 3282 pag.
559 3228 733 3269 262-276
778 3232 896 3279 atque
941 3230 978 3267 in
1021 3230 1108 3267 Jani

202 3346 236 3384 a)
263 3350 341 3377 Acta
367 3344 586 3377 Eruditorum
612 3347 648 3374 Α.
675 3343 765 3375 4754.
792 3353 823 3384 p.
852 3344 924 3376 ⁶242).

2077 196 2154 235 517

1193 265 1397 305 Gualtheri
1422 265 1507 304 sive
1535 264 1695 304 Gruteri
1720 264 1916 305 Chronico
1940 265 2156 306 Chronico-

1193 341 1281 368 rum
1306 329 1492 377 Politico,
1518 332 1612 367 tom.
1639 330 1673 368 4.
1698 339 1784 379 pag.
1813 328 1999 368 425-459.

1244 391 1430 431 ERICUS
1448 421 1456 440 ,
1472 392 1558 430 sive
1581 391 1859 439 HERRICUS,
1883 396 2068 443 corrupte
2093 392 2154 430 Li-

1191 454 1321 503 ricns,
1343 454 1407 493 vel
1439 454 1624 504 Firicus,
1658 453 1873 493 Monachus
1909 452 2155 494 Autissiodo-

1190 516 1321 556 rensis
1360 516 1520 556 Ordinis
1554 516 1800 556 Benedictini
1843 519 1947 556 circa
1991 516 2152 557 Annum

1192 579 1268 617 980
1293 582 1398 617 teste
1423 579 1627 630 Sigeberto
1651 579 1929 619 Gemblacensi
1962 592 2046 632 cap.
2080 581 2154 621 400

1193 643 1352 692 scripsit
1376 642 1554 680 carmine
1578 641 1626 680 ad
1653 643 1838 681 Carolum
1864 644 2054 683 Crassum
2073 644 2155 694 jam

1191 705 1500 755 Imperatorem:
1539 703 1666 742 Vitam
1690 705 1731 744 S.
1754 704 1947 744 Germani
1965 705 2156 745 Antissio-

1191 765 1373 805 dorensis
1395 766 1506 804 libris
1523 767 1586 814 VI,
1605 768 1644 804 in
1665 766 1776 805 Actis
1801 769 2037 808 Sanctorum
2059 773 2153 807 tom.

1192 831 1362 880 septimo
1385 829 1479 867 Julii
1504 830 1546 868 34
1578 840 1626 867 ex
1657 829 1751 867 edit.
1781 831 1903 869 Paris.
1936 832 2065 881 ⁴543,
2091 832 2153 871 42.

1190 892 1342 942 Caspar
1365 890 1578 939 Barthius,
1604 892 1670 940 qui
1688 891 1801 941 plura
1821 892 1905 931 loca
1929 894 2035 932 vitae
2058 894 2156 933 Ger-

1191 955 1299 992 mani
1324 953 1498 992 illustrat
1536 954 1574 991 in
1608 954 1692 992 suis
1726 953 2005 1005 Adversariis,
2035 958 2155 996 etiam

1191 1015 1377 1068 hymnum
1417 1016 1635 1067 publicavit
1670 1015 1843 1056 XXXIV
1866 1049 1874 1067 ,
1914 1017 1977 1056 20.
2018 1019 2154 1057 Libros

1190 1079 1290 1118 duos
1314 1077 1361 1116 de
1384 1077 1596 1117 miraculis
1620 1077 1803 1128 ejusdem
1827 1080 2014 1119 Germani
2038 1092 2154 1131 prosa

1190 1142 1359 1192 scriptos
1379 1141 1460 1191 J'am
1486 1141 1665 1180 ediderat
1687 1142 1869 1182 Labbeus
1905 1147 2000 1182 tom.
2027 1145 2063 1183 4.
2095 1145 2156 1182 Bi-

1188 1204 1409 1243 bliothecae
1434 1215 1562 1243 novae
1583 1205 1725 1243 MStor.
1752 1217 1838 1256 pag.
1858 1206 2044 1245 534-569.
2062 1207 2156 1246 Ser-

1190 1277 1342 1305 monem
1365 1266 1495 1306 adhuc
1518 1267 1712 1306 ineditum
1731 1269 1769 1306 in
1787 1268 1894 1307 hunc
1908 1269 2154 1308 Germanum

1190 1329 1327 1369 laudat
1347 1330 1609 1370 Mabillonius.
1630 1331 1715 1370 Vita
1734 1332 1774 1370 S.
1796 1329 1945 1369 Albani
1960 1333 2156 1382 Martyris.

1190 1404 1311 1443 quam
1348 1393 1536 1432 versibus
1574 1395 1763 1444 scriptam
1802 1395 2046 1433 Possevinus
2074 1406 2157 1433 me-

1192 1460 1319 1494 morat
1344 1457 1499 1505 (Ericus
1524 1455 1588 1494 hic
1625 1457 1679 1494 illi
1709 1460 1773 1495 est
1803 1456 2057 1496 HENRICUS
2079 1457 2158 1495 Lu-

1189 1517 1397 1557 oeoviensis
1414 1532 1423 1556 :
1448 1519 1584 1557 confer
1598 1519 1785 1558 Vossium
1800 1529 1888 1570 pag.
1905 1519 2007 1568 332.)
2024 1524 2159 1559 exstat

1190 1583 1300 1620 initio
1336 1578 1476 1632 quarti!
1500 1581 1588 1620 libri
1610 1582 1717 1621 vitae
1744 1582 1782 1620 S.
1808 1582 1994 1621 Germani
2014 1612 2024 1629 ‚
2048 1587 2093 1622 ut
2117 1583 2156 1620 in

1189 1643 1302 1683 Actis
1337 1644 1577 1682 Sanctorum
1601 1647 1699 1682 tom.
1725 1645 1786 1682 IV.
1812 1645 1917 1683 Junii
1954 1656 2043 1696 pag.
2078 1645 2148 1684 834

1190 1711 1298 1745 recte
1322 1707 1596 1746 observatum.
1624 1705 1827 1758 Epistolas
1848 1706 1935 1757 ejus
1958 1708 2094 1758 plures
2117 1713 2158 1747 et

1188 1770 1399 1808 Sermones
1422 1769 1557 1808 laudat
1582 1769 1828 1809 Trithemius
1847 1781 1931 1821 cap.
1950 1771 2027 1809 289
2047 1770 2095 1809 de
2117 1772 2155 1810 S.

1187 1832 1232 1871 Ε.
1258 1835 1298 1870 et
1322 1832 1538 1871 illustrium
1563 1832 1916 1871 Benedictinorum
1942 1834 1989 1881 ΙΙ,
2009 1835 2071 1873 56.
2095 1834 2157 1872 Ex

1191 1895 1445 1934 sermonibus
1470 1895 1546 1933 illis
1571 1895 1751 1933 nonnulli
1772 1895 1961 1947 leguntur
1976 1897 2013 1934 in
2034 1896 2159 1934 homi-

1189 1958 1298 1997 liario
1322 1957 1431 1996 Pauli
1446 1958 1620 2006 Diaconi,
1642 1968 1743 2008 quos
1760 1968 1781 1995 a
1798 1959 2017 1996 recentiore
2035 1969 2157 1998 manu

1187 2020 1342 2059 additos
1363 2031 1452 2058 esse
1473 2024 1638 2070 oportet.
1664 2019 1761 2059 Vide
1786 2021 1819 2058 si
1842 2021 1972 2071 placet
1996 2024 2150 2059 tomum

1190 2083 1297 2122 ΧΙΙΙ.
1323 2082 1588 2122 Bibliothecae
1635 2083 1810 2122 Graecae
1851 2095 1938 2134 pag.
1969 2083 2060 2122 795.
2100 2084 2161 2122 Ex

1192 2146 1364 2184 homiliis
1381 2146 1468 2195 ejus
1493 2146 1531 2183 in
1556 2147 1751 2184 Joannem
1776 2145 1967 2184 nonnulla
1989 2146 2157 2186 Combe-

1193 2208 1306 2247 fisius
1329 2208 1595 2247 Bibliothecae
1620 2219 1716 2246 suae
1741 2208 2063 2247 Concionatoriae
2102 2209 2159 2245 in—

1193 2272 1347 2319 seruit,
1379 2272 1446 2321 qui
1477 2275 1593 2309 vocat
1633 2268 1856 2319 luculenta,
1892 2269 2050 2309 erudita
2069 2303 2080 2320 ,
2120 2275 2157 2309 et

1193 2335 1258 2371 sat
1277 2332 1376 2384 stylo
1399 2332 1537 2371 ctz'tida:
1562 2334 1734 2372 Thomas
1758 2334 1938 2383 Aquinas
1962 2334 2058 2372 citat
2077 2333 2160 2383 jam

1195 2395 1269 2434 sub
1285 2395 1415 2433 Bedae
1435 2395 1517 2445 jam
1540 2394 1791 2434 subAIcuini
1806 2397 1977 2435 nomine.
2000 2397 2068 2434 His
2093 2396 2161 2434 ad-

1194 2458 1287 2496 dere
1312 2458 1484 2508 denique
1505 2458 1646 2507 juvat,
1671 2457 1776 2508 quod
1800 2459 2047 2497 Mabillonius
2071 2471 2159 2509 pag.

1197 2521 1298 2568 422,
1329 2531 1412 2570 seq.
1444 2519 1624 2558 Analect.
1652 2520 1847 2569 (editionis
1884 2523 2033 2558 veteris
2063 2526 2158 2560 tom.

1196 2586 1230 2623 4.
1255 2595 1342 2633 pag.
1369 2583 1471 2631 443.)
1497 2583 1534 2619 in
1562 2583 1692 2621 lucem
1717 2583 1882 2632 protulit
1910 2583 2057 2622 Versus
2087 2583 2160 2622 ele-

1191 2645 1328 2696 fsiacos
1374 2644 1428 2682 ad
1471 2642 1748 2683 Hildeboldum
1789 2644 2157 2685 Antisiodorensem

1192 2709 1461 2759 Episcopum,
1501 2718 1602 2757 quos
1636 2708 1816 2746 Heiricus
1846 2707 1908 2746 hic
1943 2709 2159 2748 Monachus

1191 2772 1452 2822 praemiserat
1478 2768 1735 2809 Collectaneis
1755 2772 1862 2817 suis,
1889 2770 1938 2809 de
1958 2783 2036 2821 quo
2060 2771 2156 2811 haec

1191 2838 1356 2873 annotat
1395 2833 1523 2872 editor
1560 2833 1846 2872 doctissimus:
1872 2833 2059 2873 Heiricus
2087 2847 2157 2874 seu

1191 2896 1364 2935 Hericus
1385 2928 1394 2944 ,
1417 2896 1614 2935 Ericusve
1634 2900 1752 2935 natus
1775 2899 1834 2935 est
1857 2896 1895 2934 in
1922 2907 2020 2947 agro
2047 2897 2157 2936 Anci-

1189 2958 1419 2998 siodorensi
1437 2991 1446 3007 ,
1474 2959 1513 2997 in
1535 2959 1622 2998 vico
1646 2957 1697 2996 ab
1721 2958 1846 3011 ipsius
1881 2959 2033 2998 nomine
2056 2960 2157 2999 dicto

1186 3024 1290 3071 Hery
1307 3053 1317 3070 ,
1343 3020 1504 3060 duabus
1532 3021 1655 3061 leucis
1681 3021 1790 3074 infra
1816 3020 1958 3060 Urbem
1982 3054 1989 3063 ,
2014 3022 2068 3061 ad
2081 3023 2157 3074 flu-

1190 3084 1300 3122 vium
1344 3084 1637 3123 Armentionem
1658 3098 1664 3122 z
1710 3084 1781 3135 qui
1818 3083 1924 3123 Iocus
1965 3083 2155 3125 hactenus

1186 3144 1381 3186 Coenobio
1406 3148 1445 3184 S.
1470 3146 1663 3184 Germani
1696 3145 1901 3198 subjectns
1926 3151 1994 3185 est.
2032 3149 2151 3196 Puer,

1185 3212 1232 3247 ut
1248 3211 1368 3260 put0,
1394 3208 1517 3247 eidem
1540 3208 1780 3247 Monascerio
1810 3208 2002 3258 traditus,
2029 3210 2154 3249 HM·-

1182 3271 1376 3310 MONEM
1389 3301 1395 3315 ,
1412 3274 1549 3322 postea
1574 3270 1963 3311 Halberstadassensem
1991 3273 2022 3310 Ε
2025 3273 2154 3324 pisco-

1181 3344 1276 3385 pum
1296 3365 1302 3373 .
1325 3336 1361 3370 et
1382 3334 1577 3372 LL'PI'M.
1603 3334 1630 3372 ,4
1641 3333 1794 3373 bbatem
1819 3336 2123 3376 Ferroriensem
2144 3367 2151 3374 .
