<?xml version="1.0" encoding="UTF-8"?>
<!DOCTYPE html PUBLIC "-//W3C//DTD XHTML 1.0 Transitional//EN"
    "http://www.w3.org/TR/xhtml1/DTD/xhtml1-transitional.dtd">
<html xmlns="http://www.w3.org/1999/xhtml" xml:lang="en" lang="en">
 <head>
  <title>
</title>
<meta http-equiv="Content-Type" content="text/html;charset=utf-8" />
  <meta name='ocr-system' content='tesseract 3.04.00' />
  <meta name='ocr-capabilities' content='ocr_page ocr_carea ocr_par ocr_line ocrx_word'/>
</head>
<body>
  <div class='ocr_page' id='page_1' title='image "./bibliothecalatin01fabruoft_0497.png"; bbox 0 0 2500 3841; ppageno 0'>
   <div class='ocr_carea' id='block_1_1' title="bbox 837 200 1336 241">
    <p class='ocr_par' dir='ltr' id='par_1_1' title="bbox 837 200 1336 241">
     <span class='ocr_line' id='line_1_1' title="bbox 837 200 1336 241; baseline 0.002 -3"><span class='ocrx_word' id='word_1_1' title='bbox 837 200 1336 241; x_wconf 60' lang='lat' dir='ltr'>DODitCHlNUs</span> 
     </span>
    </p>
   </div>
   <div class='ocr_carea' id='block_1_2' title="bbox 92 270 1041 447">
    <p class='ocr_par' dir='ltr' id='par_1_2' title="bbox 92 270 1041 447">
     <span class='ocr_line' id='line_1_2' title="bbox 93 270 1037 321; baseline -0.005 -7"><span class='ocrx_word' id='word_1_2' title='bbox 93 274 246 315; x_wconf 90' lang='lat' dir='ltr'>CHristi</span> <span class='ocrx_word' id='word_1_3' title='bbox 277 273 364 311; x_wconf 72' lang='lat'>824.</span> <span class='ocrx_word' id='word_1_4' title='bbox 396 270 495 321; x_wconf 89' lang='lat' dir='ltr'>Ejus</span> <span class='ocrx_word' id='word_1_5' title='bbox 532 270 703 310; x_wconf 83' lang='lat' dir='ltr'>libellum</span> <span class='ocrx_word' id='word_1_6' title='bbox 732 273 959 311; x_wconf 78' lang='lat' dir='ltr'><em>manualem</em></span> <span class='ocrx_word' id='word_1_7' title='bbox 989 272 1037 311; x_wconf 86' lang='lat' dir='ltr'>ad</span> 
     </span>
     <span class='ocr_line' id='line_1_3' title="bbox 92 333 1041 384; baseline -0.002 -10"><span class='ocrx_word' id='word_1_8' title='bbox 92 334 352 374; x_wconf 88' lang='lat' dir='ltr'>Wilhefmum</span> <span class='ocrx_word' id='word_1_9' title='bbox 393 333 544 383; x_wconf 85' lang='lat' dir='ltr'>filium,</span> <span class='ocrx_word' id='word_1_10' title='bbox 578 334 760 384; x_wconf 78' lang='lat' dir='ltr'>vulgavit</span> <span class='ocrx_word' id='word_1_11' title='bbox 795 336 1041 374; x_wconf 89' lang='lat' dir='ltr'>Mabillonius</span> 
     </span>
     <span class='ocr_line' id='line_1_4' title="bbox 93 394 1041 447; baseline 0 -12"><span class='ocrx_word' id='word_1_12' title='bbox 93 397 181 435; x_wconf 85' lang='lat' dir='ltr'>Sec.</span> <span class='ocrx_word' id='word_1_13' title='bbox 206 396 269 434; x_wconf 92' lang='lat' dir='ltr'>IV.</span> <span class='ocrx_word' id='word_1_14' title='bbox 290 394 535 433; x_wconf 89' lang='lat' dir='ltr'>Benedictin.</span> <span class='ocrx_word' id='word_1_15' title='bbox 559 400 670 445; x_wconf 85' lang='lat' dir='ltr'>parte</span> <span class='ocrx_word' id='word_1_16' title='bbox 683 398 716 435; x_wconf 87' lang='grc'>4.</span> <span class='ocrx_word' id='word_1_17' title='bbox 733 408 819 447; x_wconf 75' lang='lat' dir='ltr'>pag.</span> <span class='ocrx_word' id='word_1_18' title='bbox 840 397 927 435; x_wconf 78' lang='lat'>757.</span> <span class='ocrx_word' id='word_1_19' title='bbox 946 397 1041 435; x_wconf 86' lang='lat' dir='ltr'>Vide</span> 
     </span>
    </p>
   </div>
   <div class='ocr_carea' id='block_1_3' title="bbox 62 457 1043 508">
    <p class='ocr_par' dir='ltr' id='par_1_3' title="bbox 62 457 1043 508">
     <span class='ocr_line' id='line_1_5' title="bbox 62 457 1043 508; baseline 0.005 -15"><span class='ocrx_word' id='word_1_20' title='bbox 62 457 240 496; x_wconf 14' lang='lat' dir='ltr'>VBaluzii</span> <span class='ocrx_word' id='word_1_21' title='bbox 278 457 450 495; x_wconf 82' lang='lat' dir='ltr'>Marcam</span> <span class='ocrx_word' id='word_1_22' title='bbox 489 457 740 506; x_wconf 88' lang='lat' dir='ltr'>Hispanicam</span> <span class='ocrx_word' id='word_1_23' title='bbox 775 470 863 508; x_wconf 76' lang='lat' dir='ltr'>pag.</span> <span class='ocrx_word' id='word_1_24' title='bbox 903 459 978 498; x_wconf 86' lang='grc'>349</span> <span class='ocrx_word' id='word_1_25' title='bbox 1003 464 1043 498; x_wconf 89' lang='lat' dir='ltr'>et</span> 
     </span>
    </p>
   </div>
   <div class='ocr_carea' id='block_1_4' title="bbox 80 517 1051 1804">
    <p class='ocr_par' dir='ltr' id='par_1_4' title="bbox 80 517 1051 1804">
     <span class='ocr_line' id='line_1_6' title="bbox 91 517 812 568; baseline 0 -10"><span class='ocrx_word' id='word_1_26' title='bbox 91 520 254 568; x_wconf 86' lang='lat' dir='ltr'>Pagium</span> <span class='ocrx_word' id='word_1_27' title='bbox 278 517 327 557; x_wconf 90' lang='lat' dir='ltr'>ad</span> <span class='ocrx_word' id='word_1_28' title='bbox 351 517 513 557; x_wconf 86' lang='lat' dir='ltr'>Annum</span> <span class='ocrx_word' id='word_1_29' title='bbox 539 519 615 557; x_wconf 67' lang='lat'>824</span> <span class='ocrx_word' id='word_1_30' title='bbox 641 531 679 559; x_wconf 94' lang='lat' dir='ltr'>n.</span> <span class='ocrx_word' id='word_1_31' title='bbox 704 522 812 558; x_wconf 86' lang='lat' dir='ltr'>XIX.</span> 
     </span>
     <span class='ocr_line' id='line_1_7' title="bbox 141 580 1043 633; baseline 0.001 -14"><span class='ocrx_word' id='word_1_32' title='bbox 141 580 462 620; x_wconf 85' lang='lat' dir='ltr'>DODECHINUS</span> <span class='ocrx_word' id='word_1_33' title='bbox 478 581 691 631; x_wconf 72' lang='lat' dir='ltr'>Presbyter</span> <span class='ocrx_word' id='word_1_34' title='bbox 707 583 746 619; x_wconf 93' lang='lat' dir='ltr'>in</span> <span class='ocrx_word' id='word_1_35' title='bbox 764 584 1043 633; x_wconf 80' lang='lat' dir='ltr'>Longenstein‚</span> 
     </span>
     <span class='ocr_line' id='line_1_8' title="bbox 115 643 1043 693; baseline 0.003 -13"><span class='ocrx_word' id='word_1_36' title='bbox 115 643 276 681; x_wconf 86' lang='lat' dir='ltr'>natione</span> <span class='ocrx_word' id='word_1_37' title='bbox 299 643 564 693; x_wconf 87' lang='lat' dir='ltr'>Teutonicus,</span> <span class='ocrx_word' id='word_1_38' title='bbox 589 643 722 682; x_wconf 84' lang='lat' dir='ltr'>Abbas</span> <span class='ocrx_word' id='word_1_39' title='bbox 743 645 782 682; x_wconf 94' lang='lat' dir='ltr'>in</span> <span class='ocrx_word' id='word_1_40' title='bbox 807 646 1043 683; x_wconf 85' lang='lat' dir='ltr'>Monasterio</span> 
     </span>
     <span class='ocr_line' id='line_1_9' title="bbox 91 703 1045 757; baseline 0.003 -16"><span class='ocrx_word' id='word_1_41' title='bbox 91 704 130 742; x_wconf 92' lang='lat' dir='ltr'>S.</span> <span class='ocrx_word' id='word_1_42' title='bbox 155 703 370 754; x_wconf 88' lang='lat' dir='ltr'>Dysibodi,</span> <span class='ocrx_word' id='word_1_43' title='bbox 395 706 556 755; x_wconf 74' lang='lat' dir='ltr'>scripsit</span> <span class='ocrx_word' id='word_1_44' title='bbox 570 705 824 757; x_wconf 76' lang='lat' dir='ltr'><em>appendicem</em></span> <span class='ocrx_word' id='word_1_45' title='bbox 847 706 902 744; x_wconf 74' lang='lat' dir='ltr'>acl</span> <span class='ocrx_word' id='word_1_46' title='bbox 921 707 1045 746; x_wconf 81' lang='lat' dir='ltr'>Chro-</span> 
     </span>
     <span class='ocr_line' id='line_1_10' title="bbox 89 764 1046 808; baseline 0.004 -5"><span class='ocrx_word' id='word_1_47' title='bbox 89 764 206 804; x_wconf 84' lang='lat' dir='ltr'>nicon</span> <span class='ocrx_word' id='word_1_48' title='bbox 223 765 406 806; x_wconf 79' lang='lat' dir='ltr'>Mariani</span> <span class='ocrx_word' id='word_1_49' title='bbox 427 767 536 806; x_wconf 78' lang='lat' dir='ltr'>Scoti</span> <span class='ocrx_word' id='word_1_50' title='bbox 554 768 603 806; x_wconf 91' lang='lat' dir='ltr'>ab</span> <span class='ocrx_word' id='word_1_51' title='bbox 626 768 700 806; x_wconf 88' lang='lat' dir='ltr'>An.</span> <span class='ocrx_word' id='word_1_52' title='bbox 735 770 836 808; x_wconf 82' lang='grc'>4084</span> <span class='ocrx_word' id='word_1_53' title='bbox 869 770 918 808; x_wconf 89' lang='lat' dir='ltr'>ad</span> <span class='ocrx_word' id='word_1_54' title='bbox 947 770 1046 808; x_wconf 66' lang='lat'>⁴200</span> 
     </span>
     <span class='ocr_line' id='line_1_11' title="bbox 89 827 1048 870; baseline 0.003 -5"><span class='ocrx_word' id='word_1_55' title='bbox 89 827 237 866; x_wconf 83' lang='lat' dir='ltr'>editam</span> <span class='ocrx_word' id='word_1_56' title='bbox 263 839 285 867; x_wconf 90' lang='lat' dir='ltr'>a</span> <span class='ocrx_word' id='word_1_57' title='bbox 309 829 490 868; x_wconf 88' lang='lat' dir='ltr'>Johanne</span> <span class='ocrx_word' id='word_1_58' title='bbox 516 830 680 868; x_wconf 88' lang='lat' dir='ltr'>Pistorio</span> <span class='ocrx_word' id='word_1_59' title='bbox 697 830 745 869; x_wconf 88' lang='lat' dir='ltr'>ad</span> <span class='ocrx_word' id='word_1_60' title='bbox 763 832 922 870; x_wconf 87' lang='lat' dir='ltr'>Mariani</span> <span class='ocrx_word' id='word_1_61' title='bbox 943 832 1048 870; x_wconf 65' lang='lat' dir='ltr'>Secti</span> 
     </span>
     <span class='ocr_line' id='line_1_12' title="bbox 89 890 1049 941; baseline 0.004 -13"><span class='ocrx_word' id='word_1_62' title='bbox 89 890 239 929; x_wconf 83' lang='lat' dir='ltr'><strong>calcem</strong></span> <span class='ocrx_word' id='word_1_63' title='bbox 261 902 352 941; x_wconf 81' lang='lat' dir='ltr'>pag.</span> <span class='ocrx_word' id='word_1_64' title='bbox 379 891 566 939; x_wconf 71' lang='lat'>457-476,</span> <span class='ocrx_word' id='word_1_65' title='bbox 590 894 753 931; x_wconf 89' lang='lat' dir='ltr'>intorno</span> <span class='ocrx_word' id='word_1_66' title='bbox 769 904 848 932; x_wconf 92' lang='lat' dir='ltr'>uno</span> <span class='ocrx_word' id='word_1_67' title='bbox 865 899 1049 932; x_wconf 83' lang='lat' dir='ltr'>veterum</span> 
     </span>
     <span class='ocr_line' id='line_1_13' title="bbox 88 951 1048 1004; baseline 0.004 -14"><span class='ocrx_word' id='word_1_68' title='bbox 88 951 326 991; x_wconf 80' lang='lat' dir='ltr'>Germaniae</span> <span class='ocrx_word' id='word_1_69' title='bbox 350 955 591 1004; x_wconf 88' lang='lat' dir='ltr'>scriptorum</span> <span class='ocrx_word' id='word_1_70' title='bbox 608 986 619 1003; x_wconf 69' lang='lat'><em>⁷</em></span> <span class='ocrx_word' id='word_1_71' title='bbox 644 956 893 994; x_wconf 83' lang='lat' dir='ltr'>Francofurti</span> <span class='ocrx_word' id='word_1_72' title='bbox 920 957 1048 1003; x_wconf 80' lang='grc'>4643,</span> 
     </span>
     <span class='ocr_line' id='line_1_14' title="bbox 88 1014 1047 1066; baseline 0.003 -13"><span class='ocrx_word' id='word_1_73' title='bbox 88 1014 153 1053; x_wconf 88' lang='lat' dir='ltr'>fol.</span> <span class='ocrx_word' id='word_1_74' title='bbox 191 1016 318 1054; x_wconf 91' lang='lat' dir='ltr'>Huius</span> <span class='ocrx_word' id='word_1_75' title='bbox 340 1015 570 1066; x_wconf 82' lang='lat' dir='ltr'>Epistolas,</span> <span class='ocrx_word' id='word_1_76' title='bbox 596 1020 638 1055; x_wconf 86' lang='lat' dir='ltr'>et</span> <span class='ocrx_word' id='word_1_77' title='bbox 660 1018 699 1055; x_wconf 94' lang='lat' dir='ltr'>in</span> <span class='ocrx_word' id='word_1_78' title='bbox 724 1017 786 1055; x_wconf 90' lang='lat' dir='ltr'>his</span> <span class='ocrx_word' id='word_1_79' title='bbox 810 1016 983 1056; x_wconf 79' lang='lat' dir='ltr'>libellum</span> <span class='ocrx_word' id='word_1_80' title='bbox 1010 1020 1047 1056; x_wconf 89' lang='lat' dir='ltr'>in</span> 
     </span>
     <span class='ocr_line' id='line_1_15' title="bbox 87 1077 1051 1130; baseline 0.005 -16"><span class='ocrx_word' id='word_1_81' title='bbox 87 1077 253 1115; x_wconf 90' lang='lat' dir='ltr'>modum</span> <span class='ocrx_word' id='word_1_82' title='bbox 290 1079 494 1128; x_wconf 85' lang='lat' dir='ltr'>Epistolae</span> <span class='ocrx_word' id='word_1_83' title='bbox 533 1078 581 1117; x_wconf 80' lang='lat' dir='ltr'>cle</span> <span class='ocrx_word' id='word_1_84' title='bbox 613 1079 936 1130; x_wconf 72' lang='lat' dir='ltr'>pereyrinatione</span> <span class='ocrx_word' id='word_1_85' title='bbox 974 1092 1051 1119; x_wconf 84' lang='lat' dir='ltr'>sua</span> 
     </span>
     <span class='ocr_line' id='line_1_16' title="bbox 85 1137 1044 1193; baseline 0.006 -17"><span class='ocrx_word' id='word_1_86' title='bbox 85 1137 454 1191; x_wconf 75' lang='lat' dir='ltr'>Hierosolymitana</span> <span class='ocrx_word' id='word_1_87' title='bbox 486 1143 638 1180; x_wconf 87' lang='lat' dir='ltr'>evolvit</span> <span class='ocrx_word' id='word_1_88' title='bbox 676 1143 945 1192; x_wconf 81' lang='lat' dir='ltr'>Trithemius‚</span> <span class='ocrx_word' id='word_1_89' title='bbox 976 1145 1044 1193; x_wconf 89' lang='lat' dir='ltr'>qui</span> 
     </span>
     <span class='ocr_line' id='line_1_17' title="bbox 85 1199 1002 1256; baseline 0.007 -19"><span class='ocrx_word' id='word_1_90' title='bbox 85 1199 187 1238; x_wconf 80' lang='lat' dir='ltr'>satis</span> <span class='ocrx_word' id='word_1_91' title='bbox 211 1199 383 1251; x_wconf 70' lang='lat' dir='ltr'>eleyanti</span> <span class='ocrx_word' id='word_1_92' title='bbox 402 1213 583 1241; x_wconf 80' lang='lat' dir='ltr'><em>sermone</em></span> <span class='ocrx_word' id='word_1_93' title='bbox 604 1204 798 1256; x_wconf 82' lang='lat' dir='ltr'>scriptam</span> <span class='ocrx_word' id='word_1_94' title='bbox 818 1203 1002 1243; x_wconf 72' lang='lat' dir='ltr'><em>celebrat.</em></span> 
     </span>
     <span class='ocr_line' id='line_1_18' title="bbox 137 1262 1043 1315; baseline 0.004 -13"><span class='ocrx_word' id='word_1_95' title='bbox 137 1262 363 1302; x_wconf 78' lang='lat' dir='ltr'><em>Matthaeus</em></span> <span class='ocrx_word' id='word_1_96' title='bbox 403 1265 653 1315; x_wconf 83' lang='lat' dir='ltr'>DOERlNG,</span> <span class='ocrx_word' id='word_1_97' title='bbox 697 1268 783 1305; x_wconf 87' lang='lat' dir='ltr'>sive</span> <span class='ocrx_word' id='word_1_98' title='bbox 830 1267 1017 1306; x_wconf 72' lang='lat' dir='ltr'>DERING</span> <span class='ocrx_word' id='word_1_99' title='bbox 1036 1298 1043 1313; x_wconf 97' lang='lat'>,</span> 
     </span>
     <span class='ocr_line' id='line_1_19' title="bbox 83 1324 1046 1376; baseline 0.006 -14"><span class='ocrx_word' id='word_1_100' title='bbox 83 1324 171 1362; x_wconf 89' lang='lat' dir='ltr'>aliis</span> <span class='ocrx_word' id='word_1_101' title='bbox 197 1327 347 1364; x_wconf 87' lang='lat' dir='ltr'>rectius</span> <span class='ocrx_word' id='word_1_102' title='bbox 370 1326 560 1365; x_wconf 78' lang='lat' dir='ltr'><em>Matthias</em></span> <span class='ocrx_word' id='word_1_103' title='bbox 579 1328 791 1376; x_wconf 84' lang='lat' dir='ltr'>DORING,</span> <span class='ocrx_word' id='word_1_104' title='bbox 818 1330 904 1367; x_wconf 89' lang='lat' dir='ltr'>sive</span> <span class='ocrx_word' id='word_1_105' title='bbox 925 1329 1046 1367; x_wconf 88' lang='lat' dir='ltr'>THO-</span> 
     </span>
     <span class='ocr_line' id='line_1_20' title="bbox 82 1386 1043 1442; baseline 0.005 -17"><span class='ocrx_word' id='word_1_106' title='bbox 82 1386 216 1435; x_wconf 89' lang='lat' dir='ltr'>RING,</span> <span class='ocrx_word' id='word_1_107' title='bbox 240 1387 274 1436; x_wconf 90' lang='lat' dir='ltr'>a)</span> <span class='ocrx_word' id='word_1_108' title='bbox 295 1399 318 1426; x_wconf 90' lang='lat' dir='ltr'>a</span> <span class='ocrx_word' id='word_1_109' title='bbox 339 1390 464 1439; x_wconf 89' lang='lat' dir='ltr'>patria</span> <span class='ocrx_word' id='word_1_110' title='bbox 489 1390 730 1441; x_wconf 80' lang='lat' dir='ltr'>Thuringia:</span> <span class='ocrx_word' id='word_1_111' title='bbox 753 1392 858 1442; x_wconf 78' lang='lat' dir='ltr'>apud</span> <span class='ocrx_word' id='word_1_112' title='bbox 882 1392 1043 1430; x_wconf 89' lang='lat' dir='ltr'>Richar-</span> 
     </span>
     <span class='ocr_line' id='line_1_21' title="bbox 83 1447 1039 1501; baseline 0.005 -15"><span class='ocrx_word' id='word_1_113' title='bbox 83 1447 180 1488; x_wconf 91' lang='lat' dir='ltr'>dum</span> <span class='ocrx_word' id='word_1_114' title='bbox 199 1450 404 1489; x_wconf 82' lang='lat' dir='ltr'>Simonem</span> <span class='ocrx_word' id='word_1_115' title='bbox 418 1451 455 1500; x_wconf 87' lang='lat' dir='ltr'>b)</span> <span class='ocrx_word' id='word_1_116' title='bbox 471 1455 510 1489; x_wconf 88' lang='lat' dir='ltr'>et</span> <span class='ocrx_word' id='word_1_117' title='bbox 521 1452 631 1501; x_wconf 86' lang='lat' dir='ltr'>alios,</span> <span class='ocrx_word' id='word_1_118' title='bbox 648 1454 792 1492; x_wconf 88' lang='lat' dir='ltr'>vitiose</span> <span class='ocrx_word' id='word_1_119' title='bbox 803 1454 1039 1493; x_wconf 77' lang='lat' dir='ltr'><strong>DORNICK:</strong></span> 
     </span>
     <span class='ocr_line' id='line_1_22' title="bbox 86 1510 1043 1562; baseline 0.005 -13"><span class='ocrx_word' id='word_1_120' title='bbox 86 1510 311 1562; x_wconf 82' lang='lat' dir='ltr'>Theologus</span> <span class='ocrx_word' id='word_1_121' title='bbox 335 1512 496 1551; x_wconf 91' lang='lat' dir='ltr'>Ordinir</span> <span class='ocrx_word' id='word_1_122' title='bbox 518 1516 726 1562; x_wconf 88' lang='lat' dir='ltr'>Minorum,</span> <span class='ocrx_word' id='word_1_123' title='bbox 751 1515 955 1553; x_wconf 77' lang='lat' dir='ltr'><em>Professor</em></span> <span class='ocrx_word' id='word_1_124' title='bbox 970 1517 1043 1554; x_wconf 87' lang='lat' dir='ltr'>Er—</span> 
     </span>
     <span class='ocr_line' id='line_1_23' title="bbox 83 1573 1041 1628; baseline 0.005 -17"><span class='ocrx_word' id='word_1_125' title='bbox 83 1573 319 1620; x_wconf 83' lang='lat' dir='ltr'>fordiensis,</span> <span class='ocrx_word' id='word_1_126' title='bbox 358 1577 423 1614; x_wconf 90' lang='lat' dir='ltr'>cui</span> <span class='ocrx_word' id='word_1_127' title='bbox 461 1577 686 1615; x_wconf 88' lang='lat' dir='ltr'>Fridericus</span> <span class='ocrx_word' id='word_1_128' title='bbox 721 1579 754 1620; x_wconf 85' lang='lat' dir='ltr'>c)</span> <span class='ocrx_word' id='word_1_129' title='bbox 795 1579 1041 1628; x_wconf 83' lang='lat' dir='ltr'>Langravius</span> 
     </span>
     <span class='ocr_line' id='line_1_24' title="bbox 82 1634 1042 1689; baseline 0.007 -17"><span class='ocrx_word' id='word_1_130' title='bbox 82 1634 323 1689; x_wconf 81' lang='lat' dir='ltr'>Thuringiae</span> <span class='ocrx_word' id='word_1_131' title='bbox 342 1636 417 1675; x_wconf 92' lang='lat' dir='ltr'>An.</span> <span class='ocrx_word' id='word_1_132' title='bbox 436 1638 531 1677; x_wconf 87' lang='grc'>4434</span> <span class='ocrx_word' id='word_1_133' title='bbox 556 1638 879 1678; x_wconf 79' lang='lat' dir='ltr'>reformationem</span> <span class='ocrx_word' id='word_1_134' title='bbox 891 1641 1042 1680; x_wconf 84' lang='lat' dir='ltr'>Discal-</span> 
     </span>
     <span class='ocr_line' id='line_1_25' title="bbox 80 1699 1040 1751; baseline 0.008 -16"><span class='ocrx_word' id='word_1_135' title='bbox 80 1700 286 1736; x_wconf 84' lang='lat' dir='ltr'>ceatorum</span> <span class='ocrx_word' id='word_1_136' title='bbox 302 1699 603 1739; x_wconf 88' lang='lat' dir='ltr'>Isenacensium</span> <span class='ocrx_word' id='word_1_137' title='bbox 627 1712 721 1751; x_wconf 88' lang='lat' dir='ltr'>prae</span> <span class='ocrx_word' id='word_1_138' title='bbox 742 1705 911 1741; x_wconf 87' lang='lat' dir='ltr'>caeteris</span> <span class='ocrx_word' id='word_1_139' title='bbox 932 1715 1040 1743; x_wconf 90' lang='lat' dir='ltr'>com-</span> 
     </span>
     <span class='ocr_line' id='line_1_26' title="bbox 80 1759 1037 1804; baseline 0.009 -8"><span class='ocrx_word' id='word_1_140' title='bbox 80 1759 298 1798; x_wconf 87' lang='lat' dir='ltr'>mendavit.</span> <span class='ocrx_word' id='word_1_141' title='bbox 319 1761 506 1800; x_wconf 81' lang='lat' dir='ltr'><strong>Interfuit</strong></span> <span class='ocrx_word' id='word_1_142' title='bbox 530 1762 621 1801; x_wconf 89' lang='lat' dir='ltr'>inde</span> <span class='ocrx_word' id='word_1_143' title='bbox 638 1764 811 1802; x_wconf 76' lang='lat' dir='ltr'>Concilio</span> <span class='ocrx_word' id='word_1_144' title='bbox 835 1766 1037 1804; x_wconf 86' lang='lat' dir='ltr'>Basileen-</span> 
     </span>
    </p>
   </div>
   <div class='ocr_carea' id='block_1_5' title="bbox 11 1820 1041 1875">
    <p class='ocr_par' dir='ltr' id='par_1_5' title="bbox 11 1820 1041 1875">
     <span class='ocr_line' id='line_1_27' title="bbox 11 1820 1041 1875; baseline 0.009 -18"><span class='ocrx_word' id='word_1_145' title='bbox 11 1869 17 1875; x_wconf 29' lang='lat'><strong>⁴</strong></span> <span class='ocrx_word' id='word_1_146' title='bbox 78 1820 157 1868; x_wconf 81' lang='lat' dir='ltr'>si,a</span> <span class='ocrx_word' id='word_1_147' title='bbox 181 1831 260 1870; x_wconf 93' lang='lat' dir='ltr'>quo</span> <span class='ocrx_word' id='word_1_148' title='bbox 284 1820 358 1860; x_wconf 88' lang='lat' dir='ltr'>An.</span> <span class='ocrx_word' id='word_1_149' title='bbox 381 1823 483 1861; x_wconf 87' lang='grc'>4443</span> <span class='ocrx_word' id='word_1_150' title='bbox 505 1827 664 1862; x_wconf 86' lang='lat' dir='ltr'>creatus</span> <span class='ocrx_word' id='word_1_151' title='bbox 688 1826 867 1864; x_wconf 76' lang='lat' dir='ltr'>Minister</span> <span class='ocrx_word' id='word_1_152' title='bbox 881 1829 1041 1867; x_wconf 86' lang='lat' dir='ltr'>Franci-</span> 
     </span>
    </p>
   </div>
   <div class='ocr_carea' id='block_1_6' title="bbox 71 1883 1043 2864">
    <p class='ocr_par' dir='ltr' id='par_1_6' title="bbox 71 1883 1043 2864">
     <span class='ocr_line' id='line_1_28' title="bbox 79 1883 1041 1936; baseline 0.011 -17"><span class='ocrx_word' id='word_1_153' title='bbox 79 1892 292 1921; x_wconf 88' lang='lat' dir='ltr'>scanorum</span> <span class='ocrx_word' id='word_1_154' title='bbox 316 1883 539 1930; x_wconf 78' lang='lat' dir='ltr'>Generalis,</span> <span class='ocrx_word' id='word_1_155' title='bbox 561 1885 734 1936; x_wconf 88' lang='lat' dir='ltr'>denique</span> <span class='ocrx_word' id='word_1_156' title='bbox 751 1888 914 1927; x_wconf 87' lang='lat' dir='ltr'>ultimos</span> <span class='ocrx_word' id='word_1_157' title='bbox 934 1893 1041 1931; x_wconf 82' lang='lat' dir='ltr'>vitae</span> 
     </span>
     <span class='ocr_line' id='line_1_29' title="bbox 71 1947 1041 2004; baseline 0.011 -22"><span class='ocrx_word' id='word_1_158' title='bbox 71 1954 199 1982; x_wconf 84' lang='lat' dir='ltr'>annos</span> <span class='ocrx_word' id='word_1_159' title='bbox 233 1947 428 1995; x_wconf 82' lang='lat' dir='ltr'>transegit</span> <span class='ocrx_word' id='word_1_160' title='bbox 452 1947 491 1984; x_wconf 93' lang='lat' dir='ltr'>in</span> <span class='ocrx_word' id='word_1_161' title='bbox 517 1947 731 1987; x_wconf 78' lang='lat' dir='ltr'>Conventa</span> <span class='ocrx_word' id='word_1_162' title='bbox 755 1950 879 1988; x_wconf 83' lang='lat' dir='ltr'>Kiritz</span> <span class='ocrx_word' id='word_1_163' title='bbox 909 1955 1041 2004; x_wconf 86' lang='lat' dir='ltr'>oppidi</span> 
     </span>
     <span class='ocr_line' id='line_1_30' title="bbox 76 2005 1043 2060; baseline 0.01 -17"><span class='ocrx_word' id='word_1_164' title='bbox 76 2005 273 2044; x_wconf 86' lang='lat' dir='ltr'>Marchiae</span> <span class='ocrx_word' id='word_1_165' title='bbox 293 2007 571 2057; x_wconf 82' lang='lat' dir='ltr'>Prignitianae.</span> <span class='ocrx_word' id='word_1_166' title='bbox 590 2009 756 2060; x_wconf 81' lang='lat' dir='ltr'>Scripsit</span> <span class='ocrx_word' id='word_1_167' title='bbox 772 2011 1043 2053; x_wconf 77' lang='lat' dir='ltr'>Continuatz&#39;o—</span> 
     </span>
     <span class='ocr_line' id='line_1_31' title="bbox 75 2066 1037 2123; baseline 0.012 -19"><span class='ocrx_word' id='word_1_168' title='bbox 75 2077 163 2105; x_wconf 85' lang='lat' dir='ltr'>nem</span> <span class='ocrx_word' id='word_1_169' title='bbox 186 2066 378 2107; x_wconf 77' lang='lat' dir='ltr'>Chronici</span> <span class='ocrx_word' id='word_1_170' title='bbox 398 2068 631 2109; x_wconf 65' lang='lat' dir='ltr'>Theoderici</span> <span class='ocrx_word' id='word_1_171' title='bbox 646 2072 885 2123; x_wconf 71' lang='lat' dir='ltr'>Engyelhusii</span> <span class='ocrx_word' id='word_1_172' title='bbox 897 2077 946 2114; x_wconf 89' lang='lat' dir='ltr'>ab</span> <span class='ocrx_word' id='word_1_173' title='bbox 962 2077 1037 2116; x_wconf 83' lang='lat' dir='ltr'>An.</span> 
     </span>
     <span class='ocr_line' id='line_1_32' title="bbox 77 2128 1042 2187; baseline 0.008 -19"><span class='ocrx_word' id='word_1_174' title='bbox 77 2129 183 2169; x_wconf 73' lang='lat'>4420</span> <span class='ocrx_word' id='word_1_175' title='bbox 205 2128 256 2168; x_wconf 89' lang='lat' dir='ltr'>ad</span> <span class='ocrx_word' id='word_1_176' title='bbox 282 2131 385 2169; x_wconf 86' lang='grc'>4464</span> <span class='ocrx_word' id='word_1_177' title='bbox 405 2133 468 2170; x_wconf 90' lang='lat' dir='ltr'>cui</span> <span class='ocrx_word' id='word_1_178' title='bbox 487 2131 632 2171; x_wconf 89' lang='lat' dir='ltr'>deinde</span> <span class='ocrx_word' id='word_1_179' title='bbox 652 2134 727 2172; x_wconf 87' lang='lat' dir='ltr'>alia</span> <span class='ocrx_word' id='word_1_180' title='bbox 741 2146 886 2174; x_wconf 89' lang='lat' dir='ltr'>manus</span> <span class='ocrx_word' id='word_1_181' title='bbox 900 2137 1042 2187; x_wconf 85' lang='lat' dir='ltr'>adjun-</span> 
     </span>
     <span class='ocr_line' id='line_1_33' title="bbox 75 2192 1040 2239; baseline 0.01 -10"><span class='ocrx_word' id='word_1_182' title='bbox 75 2192 135 2230; x_wconf 85' lang='lat' dir='ltr'>xit</span> <span class='ocrx_word' id='word_1_183' title='bbox 158 2193 503 2232; x_wconf 78' lang='lat' dir='ltr'>continuationem</span> <span class='ocrx_word' id='word_1_184' title='bbox 528 2194 577 2233; x_wconf 92' lang='lat' dir='ltr'>ab</span> <span class='ocrx_word' id='word_1_185' title='bbox 601 2194 676 2234; x_wconf 87' lang='lat' dir='ltr'>An.</span> <span class='ocrx_word' id='word_1_186' title='bbox 704 2197 806 2235; x_wconf 88' lang='grc'>4464</span> <span class='ocrx_word' id='word_1_187' title='bbox 839 2198 888 2236; x_wconf 87' lang='lat' dir='ltr'>ad</span> <span class='ocrx_word' id='word_1_188' title='bbox 924 2200 1040 2239; x_wconf 86' lang='grc'>4497.</span> 
     </span>
     <span class='ocr_line' id='line_1_34' title="bbox 73 2253 1041 2307; baseline 0.009 -16"><span class='ocrx_word' id='word_1_189' title='bbox 73 2253 224 2293; x_wconf 91' lang='lat' dir='ltr'>Prodiit</span> <span class='ocrx_word' id='word_1_190' title='bbox 265 2255 440 2305; x_wconf 90' lang='lat' dir='ltr'>primum</span> <span class='ocrx_word' id='word_1_191' title='bbox 481 2257 636 2307; x_wconf 84' lang='lat' dir='ltr'>Lipsiae</span> <span class='ocrx_word' id='word_1_192' title='bbox 675 2257 776 2297; x_wconf 66' lang='lat'>4720</span> <span class='ocrx_word' id='word_1_193' title='bbox 821 2261 859 2298; x_wconf 91' lang='lat' dir='ltr'>in</span> <span class='ocrx_word' id='word_1_194' title='bbox 903 2261 1041 2301; x_wconf 86' lang='lat' dir='ltr'>limine</span> 
     </span>
     <span class='ocr_line' id='line_1_35' title="bbox 71 2316 1038 2368; baseline 0.009 -15"><span class='ocrx_word' id='word_1_195' title='bbox 71 2316 169 2354; x_wconf 89' lang='lat' dir='ltr'>tomi</span> <span class='ocrx_word' id='word_1_196' title='bbox 193 2317 303 2354; x_wconf 89' lang='lat' dir='ltr'>tertii</span> <span class='ocrx_word' id='word_1_197' title='bbox 329 2318 569 2368; x_wconf 83' lang='lat' dir='ltr'>scriptorum</span> <span class='ocrx_word' id='word_1_198' title='bbox 612 2331 746 2358; x_wconf 88' lang='lat' dir='ltr'>rerum</span> <span class='ocrx_word' id='word_1_199' title='bbox 778 2321 1038 2362; x_wconf 81' lang='lat' dir='ltr'>Germanica-</span> 
     </span>
     <span class='ocr_line' id='line_1_36' title="bbox 71 2378 1031 2435; baseline 0.01 -20"><span class='ocrx_word' id='word_1_200' title='bbox 71 2389 161 2416; x_wconf 91' lang='lat' dir='ltr'>rum</span> <span class='ocrx_word' id='word_1_201' title='bbox 187 2378 425 2417; x_wconf 89' lang='lat' dir='ltr'>nobilissimi</span> <span class='ocrx_word' id='word_1_202' title='bbox 447 2380 666 2419; x_wconf 86' lang='lat' dir='ltr'>Menckenii</span> <span class='ocrx_word' id='word_1_203' title='bbox 689 2412 697 2431; x_wconf 86' lang='lat'>,</span> <span class='ocrx_word' id='word_1_204' title='bbox 722 2384 790 2432; x_wconf 88' lang='lat' dir='ltr'>qui</span> <span class='ocrx_word' id='word_1_205' title='bbox 818 2388 956 2435; x_wconf 86' lang='lat' dir='ltr'>notat7</span> <span class='ocrx_word' id='word_1_206' title='bbox 986 2391 1031 2425; x_wconf 93' lang='lat' dir='ltr'>ut</span> 
     </span>
     <span class='ocr_line' id='line_1_37' title="bbox 71 2438 1031 2489; baseline 0.009 -13"><span class='ocrx_word' id='word_1_207' title='bbox 71 2438 305 2489; x_wconf 87' lang='lat' dir='ltr'>Engelhusii</span> <span class='ocrx_word' id='word_1_208' title='bbox 331 2440 570 2479; x_wconf 83' lang='lat' dir='ltr'>industriam</span> <span class='ocrx_word' id='word_1_209' title='bbox 595 2443 631 2480; x_wconf 93' lang='lat' dir='ltr'>in</span> <span class='ocrx_word' id='word_1_210' title='bbox 651 2444 771 2482; x_wconf 86' lang='lat' dir='ltr'>rebus</span> <span class='ocrx_word' id='word_1_211' title='bbox 790 2446 1031 2485; x_wconf 89' lang='lat' dir='ltr'>Brusvicen-</span> 
     </span>
     <span class='ocr_line' id='line_1_38' title="bbox 73 2500 1029 2553; baseline 0.008 -15"><span class='ocrx_word' id='word_1_212' title='bbox 73 2500 209 2549; x_wconf 87' lang='lat' dir='ltr'>sibus,</span> <span class='ocrx_word' id='word_1_213' title='bbox 243 2501 297 2539; x_wconf 89' lang='lat' dir='ltr'>ita</span> <span class='ocrx_word' id='word_1_214' title='bbox 323 2501 522 2553; x_wconf 83' lang='lat' dir='ltr'>Doeringii</span> <span class='ocrx_word' id='word_1_215' title='bbox 547 2504 586 2541; x_wconf 91' lang='lat' dir='ltr'>in</span> <span class='ocrx_word' id='word_1_216' title='bbox 611 2504 733 2543; x_wconf 89' lang='lat' dir='ltr'>rebus</span> <span class='ocrx_word' id='word_1_217' title='bbox 770 2507 945 2545; x_wconf 83' lang='lat' dir='ltr'>Misnicis</span> <span class='ocrx_word' id='word_1_218' title='bbox 984 2520 1029 2547; x_wconf 89' lang='lat' dir='ltr'>ac</span> 
     </span>
     <span class='ocr_line' id='line_1_39' title="bbox 73 2561 1031 2618; baseline 0.007 -18"><span class='ocrx_word' id='word_1_219' title='bbox 73 2561 337 2612; x_wconf 85' lang='lat' dir='ltr'>Thuringicis‚</span> <span class='ocrx_word' id='word_1_220' title='bbox 360 2563 765 2616; x_wconf 80' lang='lat' dir='ltr'>Brandenburgisque</span> <span class='ocrx_word' id='word_1_221' title='bbox 790 2569 917 2618; x_wconf 79' lang='lat' dir='ltr'>magis</span> <span class='ocrx_word' id='word_1_222' title='bbox 948 2571 1031 2607; x_wconf 88' lang='lat' dir='ltr'>eni-</span> 
     </span>
     <span class='ocr_line' id='line_1_40' title="bbox 71 2622 1033 2668; baseline 0.007 -7"><span class='ocrx_word' id='word_1_223' title='bbox 71 2624 213 2662; x_wconf 85' lang='lat' dir='ltr'>tuisse.</span> <span class='ocrx_word' id='word_1_224' title='bbox 242 2622 427 2662; x_wconf 75' lang='lat' dir='ltr'>Nondum</span> <span class='ocrx_word' id='word_1_225' title='bbox 462 2625 500 2662; x_wconf 90' lang='lat' dir='ltr'>in</span> <span class='ocrx_word' id='word_1_226' title='bbox 532 2625 662 2664; x_wconf 87' lang='lat' dir='ltr'>lucem</span> <span class='ocrx_word' id='word_1_227' title='bbox 696 2627 835 2666; x_wconf 88' lang='lat' dir='ltr'>datum</span> <span class='ocrx_word' id='word_1_228' title='bbox 868 2633 931 2667; x_wconf 88' lang='lat' dir='ltr'>est</span> <span class='ocrx_word' id='word_1_229' title='bbox 958 2632 1033 2668; x_wconf 88' lang='lat' dir='ltr'>Do-</span> 
     </span>
     <span class='ocr_line' id='line_1_41' title="bbox 72 2683 1031 2742; baseline 0.007 -19"><span class='ocrx_word' id='word_1_230' title='bbox 72 2685 188 2736; x_wconf 84' lang='lat' dir='ltr'>ringii</span> <span class='ocrx_word' id='word_1_231' title='bbox 211 2683 334 2734; x_wconf 87' lang='lat' dir='ltr'>hujus</span> <span class='ocrx_word' id='word_1_232' title='bbox 359 2686 554 2736; x_wconf 88' lang='lat' dir='ltr'>scriptum</span> <span class='ocrx_word' id='word_1_233' title='bbox 580 2687 750 2726; x_wconf 85' lang='lat' dir='ltr'>alterum</span> <span class='ocrx_word' id='word_1_234' title='bbox 771 2718 778 2737; x_wconf 88' lang='lat'>‚</span> <span class='ocrx_word' id='word_1_235' title='bbox 803 2689 921 2739; x_wconf 88' lang='lat' dir='ltr'>cujus</span> <span class='ocrx_word' id='word_1_236' title='bbox 946 2692 1031 2742; x_wconf 87' lang='lat' dir='ltr'>ipse</span> 
     </span>
     <span class='ocr_line' id='line_1_42' title="bbox 72 2745 1034 2791; baseline 0.007 -7"><span class='ocrx_word' id='word_1_237' title='bbox 72 2746 121 2785; x_wconf 91' lang='lat' dir='ltr'>ad</span> <span class='ocrx_word' id='word_1_238' title='bbox 140 2745 304 2785; x_wconf 89' lang='lat' dir='ltr'>Annum</span> <span class='ocrx_word' id='word_1_239' title='bbox 330 2747 433 2786; x_wconf 72' lang='grc'>4442</span> <span class='ocrx_word' id='word_1_240' title='bbox 458 2748 641 2785; x_wconf 89' lang='lat' dir='ltr'>meminit</span> <span class='ocrx_word' id='word_1_241' title='bbox 660 2749 723 2787; x_wconf 89' lang='lat' dir='ltr'>his</span> <span class='ocrx_word' id='word_1_242' title='bbox 747 2751 892 2789; x_wconf 86' lang='lat' dir='ltr'>verbis:</span> <span class='ocrx_word' id='word_1_243' title='bbox 919 2753 1034 2791; x_wconf 80' lang='lat' dir='ltr'>Inter</span> 
     </span>
     <span class='ocr_line' id='line_1_43' title="bbox 72 2807 1037 2864; baseline 0.007 -18"><span class='ocrx_word' id='word_1_244' title='bbox 72 2810 234 2847; x_wconf 82' lang='lat' dir='ltr'>caetera</span> <span class='ocrx_word' id='word_1_245' title='bbox 252 2807 363 2847; x_wconf 81' lang='lat' dir='ltr'>mala</span> <span class='ocrx_word' id='word_1_246' title='bbox 379 2820 664 2860; x_wconf 55' lang='lat' dir='ltr'>praecipuum,</span> <span class='ocrx_word' id='word_1_247' title='bbox 686 2811 782 2862; x_wconf 83' lang='lat' dir='ltr'>quia</span> <span class='ocrx_word' id='word_1_248' title='bbox 800 2812 976 2864; x_wconf 79' lang='lat' dir='ltr'>potiores</span> <span class='ocrx_word' id='word_1_249' title='bbox 999 2818 1037 2853; x_wconf 79' lang='lat' dir='ltr'>et</span> 
     </span>
    </p>
   </div>
   <div class='ocr_carea' id='block_1_7' title="bbox 66 2956 1044 3054">
    <p class='ocr_par' dir='ltr' id='par_1_7' title="bbox 66 2956 1044 3054">
     <span class='ocr_line' id='line_1_44' title="bbox 125 2956 1044 3005; baseline 0.011 -17"><span class='ocrx_word' id='word_1_250' title='bbox 125 2956 158 2995; x_wconf 87' lang='lat' dir='ltr'>a)</span> <span class='ocrx_word' id='word_1_251' title='bbox 183 2957 265 2989; x_wconf 86' lang='lat' dir='ltr'>Vide</span> <span class='ocrx_word' id='word_1_252' title='bbox 283 2957 478 2991; x_wconf 80' lang='lat' dir='ltr'>Centuriam</span> <span class='ocrx_word' id='word_1_253' title='bbox 494 2961 699 2999; x_wconf 86' lang='lat' dir='ltr'>scriptorum</span> <span class='ocrx_word' id='word_1_254' title='bbox 721 2961 946 2995; x_wconf 80' lang='lat' dir='ltr'>Maderianam</span> <span class='ocrx_word' id='word_1_255' title='bbox 970 2973 1044 3005; x_wconf 85' lang='lat' dir='ltr'>cap.</span> 
     </span>
     <span class='ocr_line' id='line_1_45' title="bbox 66 3005 1041 3054; baseline 0.007 -17"><span class='ocrx_word' id='word_1_256' title='bbox 66 3007 120 3038; x_wconf 75' lang='grc'>68.</span> <span class='ocrx_word' id='word_1_257' title='bbox 143 3005 370 3046; x_wconf 84' lang='lat' dir='ltr'>Waddingum</span> <span class='ocrx_word' id='word_1_258' title='bbox 393 3017 470 3049; x_wconf 87' lang='lat' dir='ltr'>pag.</span> <span class='ocrx_word' id='word_1_259' title='bbox 493 3010 556 3041; x_wconf 73' lang='lat'>&lt;255</span> <span class='ocrx_word' id='word_1_260' title='bbox 579 3015 610 3041; x_wconf 77' lang='lat' dir='ltr'>et</span> <span class='ocrx_word' id='word_1_261' title='bbox 635 3010 805 3042; x_wconf 88' lang='lat' dir='ltr'>oudinum</span> <span class='ocrx_word' id='word_1_262' title='bbox 833 3017 911 3044; x_wconf 84' lang='lat' dir='ltr'>tom.</span> <span class='ocrx_word' id='word_1_263' title='bbox 937 3017 979 3044; x_wconf 84' lang='lat'>111</span> <span class='ocrx_word' id='word_1_264' title='bbox 1007 3024 1041 3054; x_wconf 89' lang='lat' dir='ltr'>p.</span> 
     </span>
    </p>
   </div>
   <div class='ocr_carea' id='block_1_8' title="bbox 10 3055 896 3100">
    <p class='ocr_par' dir='ltr' id='par_1_8' title="bbox 10 3055 896 3100">
     <span class='ocr_line' id='line_1_46' title="bbox 10 3055 896 3100; baseline 0.007 -13"><span class='ocrx_word' id='word_1_265' title='bbox 10 3073 15 3082; x_wconf 70' lang='grc' dir='ltr'><em>ι</em></span> <span class='ocrx_word' id='word_1_266' title='bbox 63 3055 161 3088; x_wconf 71' lang='grc'>2451.</span> <span class='ocrx_word' id='word_1_267' title='bbox 184 3055 325 3087; x_wconf 80' lang='lat' dir='ltr'>Journal</span> <span class='ocrx_word' id='word_1_268' title='bbox 349 3057 401 3089; x_wconf 66' lang='lat' dir='ltr'>lit,</span> <span class='ocrx_word' id='word_1_269' title='bbox 422 3062 503 3089; x_wconf 83' lang='lat' dir='ltr'>tom.</span> <span class='ocrx_word' id='word_1_270' title='bbox 525 3060 624 3089; x_wconf 83' lang='lat' dir='ltr'>Xvnl</span> <span class='ocrx_word' id='word_1_271' title='bbox 650 3068 725 3099; x_wconf 83' lang='lat' dir='ltr'>pag.</span> <span class='ocrx_word' id='word_1_272' title='bbox 751 3060 809 3091; x_wconf 84' lang='lat'>198</span> <span class='ocrx_word' id='word_1_273' title='bbox 826 3069 896 3100; x_wconf 89' lang='lat' dir='ltr'>seq.</span> 
     </span>
    </p>
   </div>
   <div class='ocr_carea' id='block_1_9' title="bbox 122 3105 1035 3145">
    <p class='ocr_par' dir='ltr' id='par_1_9' title="bbox 122 3105 1035 3145">
     <span class='ocr_line' id='line_1_47' title="bbox 122 3105 1035 3145; baseline 0.008 -9"><span class='ocrx_word' id='word_1_274' title='bbox 122 3105 161 3145; x_wconf 87' lang='lat' dir='ltr'>b)</span> <span class='ocrx_word' id='word_1_275' title='bbox 183 3106 283 3138; x_wconf 88' lang='lat' dir='ltr'>Libro</span> <span class='ocrx_word' id='word_1_276' title='bbox 307 3108 406 3138; x_wconf 75' lang='lat' dir='ltr'>tertio</span> <span class='ocrx_word' id='word_1_277' title='bbox 433 3109 599 3140; x_wconf 80' lang='lat' dir='ltr'>Historiae</span> <span class='ocrx_word' id='word_1_278' title='bbox 616 3109 759 3141; x_wconf 82' lang='lat' dir='ltr'>criticae</span> <span class='ocrx_word' id='word_1_279' title='bbox 775 3113 898 3142; x_wconf 76' lang='lat' dir='ltr'>Veteris</span> <span class='ocrx_word' id='word_1_280' title='bbox 921 3115 1035 3143; x_wconf 79' lang='lat' dir='ltr'>Testa-</span> 
     </span>
    </p>
   </div>
   <div class='ocr_carea' id='block_1_10' title="bbox 0 3156 344 3197">
    <p class='ocr_par' dir='ltr' id='par_1_10' title="bbox 0 3156 344 3197">
     <span class='ocr_line' id='line_1_48' title="bbox 0 3156 344 3197; baseline 0.006 -12"><span class='ocrx_word' id='word_1_281' title='bbox 0 3190 1 3197; x_wconf 19' lang='lat'><em>*</em></span> <span class='ocrx_word' id='word_1_282' title='bbox 64 3156 168 3186; x_wconf 82' lang='lat' dir='ltr'>menti</span> <span class='ocrx_word' id='word_1_283' title='bbox 192 3163 265 3195; x_wconf 87' lang='lat' dir='ltr'>cap.</span> <span class='ocrx_word' id='word_1_284' title='bbox 289 3157 344 3187; x_wconf 84' lang='lat' dir='ltr'>xl.</span> 
     </span>
    </p>
   </div>
   <div class='ocr_carea' id='block_1_11' title="bbox 123 3203 1032 3250">
    <p class='ocr_par' dir='ltr' id='par_1_11' title="bbox 123 3203 1032 3250">
     <span class='ocr_line' id='line_1_49' title="bbox 123 3203 1032 3250; baseline 0.004 -14"><span class='ocrx_word' id='word_1_285' title='bbox 123 3203 156 3242; x_wconf 83' lang='lat' dir='ltr'>c)</span> <span class='ocrx_word' id='word_1_286' title='bbox 179 3203 275 3244; x_wconf 78' lang='lat' dir='ltr'>Apud</span> <span class='ocrx_word' id='word_1_287' title='bbox 290 3208 454 3238; x_wconf 82' lang='lat' dir='ltr'>Joannem</span> <span class='ocrx_word' id='word_1_288' title='bbox 472 3209 651 3247; x_wconf 76' lang='lat' dir='ltr'>Georgium</span> <span class='ocrx_word' id='word_1_289' title='bbox 667 3207 893 3239; x_wconf 83' lang='lat' dir='ltr'>Reinhardum</span> <span class='ocrx_word' id='word_1_290' title='bbox 909 3210 1032 3250; x_wconf 85' lang='lat' dir='ltr'>dejure</span> 
     </span>
    </p>
   </div>
   <div class='ocr_carea' id='block_1_12' title="bbox 0 3254 1029 3298">
    <p class='ocr_par' dir='ltr' id='par_1_12' title="bbox 0 3254 1029 3298">
     <span class='ocr_line' id='line_1_50' title="bbox 0 3254 1029 3298; baseline 0.008 -15"><span class='ocrx_word' id='word_1_291' title='bbox 0 3264 1 3268; x_wconf 48' lang='lat'>¹</span> <span class='ocrx_word' id='word_1_292' title='bbox 63 3254 258 3294; x_wconf 76' lang='lat' dir='ltr'>Principum</span> <span class='ocrx_word' id='word_1_293' title='bbox 281 3256 478 3290; x_wconf 77' lang='lat' dir='ltr'>Germaniae</span> <span class='ocrx_word' id='word_1_294' title='bbox 508 3259 598 3289; x_wconf 85' lang='lat' dir='ltr'>circa</span> <span class='ocrx_word' id='word_1_295' title='bbox 630 3265 747 3296; x_wconf 80' lang='lat' dir='ltr'>sacra,</span> <span class='ocrx_word' id='word_1_296' title='bbox 770 3259 857 3298; x_wconf 78' lang='lat' dir='ltr'>Lips.</span> <span class='ocrx_word' id='word_1_297' title='bbox 884 3258 975 3292; x_wconf 84' lang='grc'>4717.</span> <span class='ocrx_word' id='word_1_298' title='bbox 999 3260 1029 3291; x_wconf 79' lang='grc'>4.</span> 
     </span>
    </p>
   </div>
   <div class='ocr_carea' id='block_1_13' title="bbox 67 3302 247 3342">
    <p class='ocr_par' dir='ltr' id='par_1_13' title="bbox 67 3302 247 3342">
     <span class='ocr_line' id='line_1_51' title="bbox 67 3302 247 3342; baseline 0.022 -10"><span class='ocrx_word' id='word_1_299' title='bbox 67 3310 144 3342; x_wconf 78' lang='lat' dir='ltr'>pag.</span> <span class='ocrx_word' id='word_1_300' title='bbox 173 3302 247 3337; x_wconf 80' lang='lat'>141.</span> 
     </span>
    </p>
   </div>
   <div class='ocr_carea' id='block_1_14' title="bbox 1109 206 2117 2850">
    <p class='ocr_par' dir='ltr' id='par_1_14' title="bbox 1109 206 2117 2850">
     <span class='ocr_line' id='line_1_52' title="bbox 1998 206 2074 244; baseline 0 0"><span class='ocrx_word' id='word_1_301' title='bbox 1998 206 2074 244; x_wconf 46' lang='lat'>&gt;250</span> 
     </span>
     <span class='ocr_line' id='line_1_53' title="bbox 1115 271 2082 323; baseline 0.003 -13"><span class='ocrx_word' id='word_1_302' title='bbox 1115 272 1310 311; x_wconf 77' lang='lat' dir='ltr'>doctiores</span> <span class='ocrx_word' id='word_1_303' title='bbox 1335 272 1548 319; x_wconf 77' lang='lat' dir='ltr'>Ecclesiae,</span> <span class='ocrx_word' id='word_1_304' title='bbox 1570 271 1642 323; x_wconf 85' lang='lat' dir='ltr'>qui</span> <span class='ocrx_word' id='word_1_305' title='bbox 1663 271 1868 311; x_wconf 74' lang='lat' dir='ltr'>colzmmae</span> <span class='ocrx_word' id='word_1_306' title='bbox 1892 274 2082 313; x_wconf 78' lang='lat' dir='ltr'>videban-</span> 
     </span>
     <span class='ocr_line' id='line_1_54' title="bbox 1118 333 2084 385; baseline 0.004 -12"><span class='ocrx_word' id='word_1_307' title='bbox 1118 338 1184 374; x_wconf 80' lang='lat' dir='ltr'>tur·</span> <span class='ocrx_word' id='word_1_308' title='bbox 1200 367 1209 383; x_wconf 90' lang='lat'>,</span> <span class='ocrx_word' id='word_1_309' title='bbox 1230 346 1307 374; x_wconf 79' lang='lat' dir='ltr'>sua</span> <span class='ocrx_word' id='word_1_310' title='bbox 1328 335 1486 385; x_wconf 68' lang='lat' dir='ltr'>inqenia</span> <span class='ocrx_word' id='word_1_311' title='bbox 1505 333 1673 373; x_wconf 86' lang='lat' dir='ltr'>colentes</span> <span class='ocrx_word' id='word_1_312' title='bbox 1689 367 1699 382; x_wconf 81' lang='grc'>,</span> <span class='ocrx_word' id='word_1_313' title='bbox 1734 339 1873 374; x_wconf 79' lang='lat' dir='ltr'>contra</span> <span class='ocrx_word' id='word_1_314' title='bbox 1904 346 1946 374; x_wconf 84' lang='lat' dir='ltr'>se</span> <span class='ocrx_word' id='word_1_315' title='bbox 1984 337 2084 377; x_wconf 80' lang='lat' dir='ltr'>invi-</span> 
     </span>
     <span class='ocr_line' id='line_1_55' title="bbox 1117 396 2080 449; baseline 0.002 -13"><span class='ocrx_word' id='word_1_316' title='bbox 1117 410 1198 436; x_wconf 84' lang='lat' dir='ltr'>cem</span> <span class='ocrx_word' id='word_1_317' title='bbox 1219 396 1449 445; x_wconf 75' lang='lat' dir='ltr'>scribentes,</span> <span class='ocrx_word' id='word_1_318' title='bbox 1471 397 1513 436; x_wconf 65' lang='lat' dir='ltr'>liz·</span> <span class='ocrx_word' id='word_1_319' title='bbox 1520 409 1596 448; x_wconf 80' lang='lat' dir='ltr'>pro</span> <span class='ocrx_word' id='word_1_320' title='bbox 1620 399 1800 449; x_wconf 74' lang='lat' dir='ltr'>Papata,</span> <span class='ocrx_word' id='word_1_321' title='bbox 1822 397 1864 436; x_wconf 76' lang='lat' dir='ltr'>hi</span> <span class='ocrx_word' id='word_1_322' title='bbox 1876 410 1954 449; x_wconf 81' lang='lat' dir='ltr'>pro</span> <span class='ocrx_word' id='word_1_323' title='bbox 1981 399 2080 438; x_wconf 89' lang='lat' dir='ltr'>Con—</span> 
     </span>
     <span class='ocr_line' id='line_1_56' title="bbox 1117 459 2079 511; baseline 0.003 -14"><span class='ocrx_word' id='word_1_324' title='bbox 1117 459 1230 507; x_wconf 88' lang='lat' dir='ltr'>cilio,</span> <span class='ocrx_word' id='word_1_325' title='bbox 1252 459 1294 497; x_wconf 71' lang='lat' dir='ltr'>ln?</span> <span class='ocrx_word' id='word_1_326' title='bbox 1307 459 1528 510; x_wconf 73' lang='lat' dir='ltr'>primatum</span> <span class='ocrx_word' id='word_1_327' title='bbox 1551 459 1682 511; x_wconf 82' lang='lat' dir='ltr'>Papae</span> <span class='ocrx_word' id='word_1_328' title='bbox 1700 491 1710 506; x_wconf 83' lang='lat'><em>‚</em></span> <span class='ocrx_word' id='word_1_329' title='bbox 1733 459 1775 497; x_wconf 78' lang='lat' dir='ltr'>lii</span> <span class='ocrx_word' id='word_1_330' title='bbox 1795 471 1873 510; x_wconf 87' lang='lat' dir='ltr'>pro</span> <span class='ocrx_word' id='word_1_331' title='bbox 1906 461 2079 500; x_wconf 77' lang='lat' dir='ltr'>Concilio</span> 
     </span>
     <span class='ocr_line' id='line_1_57' title="bbox 1119 520 2078 572; baseline 0.003 -13"><span class='ocrx_word' id='word_1_332' title='bbox 1119 521 1337 560; x_wconf 77' lang='lat' dir='ltr'>tribuentes</span> <span class='ocrx_word' id='word_1_333' title='bbox 1352 552 1363 569; x_wconf 78' lang='grc'>,</span> <span class='ocrx_word' id='word_1_334' title='bbox 1387 521 1546 572; x_wconf 76' lang='lat' dir='ltr'>scriptis</span> <span class='ocrx_word' id='word_1_335' title='bbox 1562 520 1782 572; x_wconf 69' lang='lat' dir='ltr'>Apoloyetis</span> <span class='ocrx_word' id='word_1_336' title='bbox 1804 522 1994 561; x_wconf 79' lang='lat' dir='ltr'>mundum</span> <span class='ocrx_word' id='word_1_337' title='bbox 2014 536 2078 562; x_wconf 84' lang='lat' dir='ltr'>re—</span> 
     </span>
     <span class='ocr_line' id='line_1_58' title="bbox 1113 582 2078 634; baseline 0.003 -13"><span class='ocrx_word' id='word_1_338' title='bbox 1113 582 1326 634; x_wconf 73' lang='lat' dir='ltr'>pleverunt</span> <span class='ocrx_word' id='word_1_339' title='bbox 1345 614 1354 629; x_wconf 87' lang='lat'><em>‚</em></span> <span class='ocrx_word' id='word_1_340' title='bbox 1386 582 1618 632; x_wconf 73' lang='lat' dir='ltr'>animosque</span> <span class='ocrx_word' id='word_1_341' title='bbox 1638 582 1885 622; x_wconf 76' lang='lat' dir='ltr'>neutralium</span> <span class='ocrx_word' id='word_1_342' title='bbox 1915 584 2078 633; x_wconf 82' lang='lat' dir='ltr'>nedum,</span> 
     </span>
     <span class='ocr_line' id='line_1_59' title="bbox 1121 643 2084 698; baseline 0.002 -16"><span class='ocrx_word' id='word_1_343' title='bbox 1121 644 1191 682; x_wconf 78' lang='lat' dir='ltr'>secl</span> <span class='ocrx_word' id='word_1_344' title='bbox 1209 648 1246 682; x_wconf 84' lang='lat' dir='ltr'>et</span> <span class='ocrx_word' id='word_1_345' title='bbox 1259 643 1434 682; x_wconf 82' lang='lat' dir='ltr'>aliorum</span> <span class='ocrx_word' id='word_1_346' title='bbox 1447 644 1668 694; x_wconf 68' lang='lat' dir='ltr'>perplexos</span> <span class='ocrx_word' id='word_1_347' title='bbox 1683 645 1947 684; x_wconf 69' lang='lat' dir='ltr'>reddiderunt</span> <span class='ocrx_word' id='word_1_348' title='bbox 1960 679 1971 695; x_wconf 76' lang='lat'>,</span> <span class='ocrx_word' id='word_1_349' title='bbox 1990 659 2084 698; x_wconf 83' lang='lat' dir='ltr'>quo-</span> 
     </span>
     <span class='ocr_line' id='line_1_60' title="bbox 1122 705 2082 756; baseline 0.004 -12"><span class='ocrx_word' id='word_1_350' title='bbox 1122 718 1214 744; x_wconf 79' lang='lat' dir='ltr'>rnm</span> <span class='ocrx_word' id='word_1_351' title='bbox 1235 706 1389 756; x_wconf 82' lang='lat' dir='ltr'>scripta</span> <span class='ocrx_word' id='word_1_352' title='bbox 1410 717 1513 756; x_wconf 84' lang='lat' dir='ltr'>quae</span> <span class='ocrx_word' id='word_1_353' title='bbox 1537 705 1779 745; x_wconf 76' lang='lat' dir='ltr'>videbantur</span> <span class='ocrx_word' id='word_1_354' title='bbox 1802 709 2001 756; x_wconf 76' lang='lat' dir='ltr'>acutiora,</span> <span class='ocrx_word' id='word_1_355' title='bbox 2018 722 2082 748; x_wconf 82' lang='lat' dir='ltr'>re-</span> 
     </span>
     <span class='ocr_line' id='line_1_61' title="bbox 1124 767 2081 818; baseline 0.003 -12"><span class='ocrx_word' id='word_1_356' title='bbox 1124 767 1306 818; x_wconf 72' lang='lat' dir='ltr'>colliyens</span> <span class='ocrx_word' id='word_1_357' title='bbox 1321 799 1331 816; x_wconf 79' lang='grc'>,</span> <span class='ocrx_word' id='word_1_358' title='bbox 1357 767 1450 805; x_wconf 83' lang='lat' dir='ltr'>aliis</span> <span class='ocrx_word' id='word_1_359' title='bbox 1471 767 1666 805; x_wconf 72' lang='lat' dir='ltr'>modicum</span> <span class='ocrx_word' id='word_1_360' title='bbox 1686 768 1835 807; x_wconf 79' lang='lat' dir='ltr'>addens</span> <span class='ocrx_word' id='word_1_361' title='bbox 1853 799 1860 816; x_wconf 87' lang='lat'>,</span> <span class='ocrx_word' id='word_1_362' title='bbox 1896 770 1937 807; x_wconf 80' lang='lat' dir='ltr'>in</span> <span class='ocrx_word' id='word_1_363' title='bbox 1956 782 2081 809; x_wconf 84' lang='lat' dir='ltr'>anum</span> 
     </span>
     <span class='ocr_line' id='line_1_62' title="bbox 1128 827 2080 879; baseline 0.004 -12"><span class='ocrx_word' id='word_1_364' title='bbox 1128 829 1312 868; x_wconf 80' lang='lat' dir='ltr'>Volamen</span> <span class='ocrx_word' id='word_1_365' title='bbox 1333 828 1479 879; x_wconf 68' lang='lat' dir='ltr'>recleyz&#39;.</span> <span class='ocrx_word' id='word_1_366' title='bbox 1518 827 1689 866; x_wconf 69' lang='lat' dir='ltr'>Tauium</span> <span class='ocrx_word' id='word_1_367' title='bbox 1732 829 1927 869; x_wconf 60' lang='lat' dir='ltr'>Volumina·</span> <span class='ocrx_word' id='word_1_368' title='bbox 1962 832 2054 871; x_wconf 78' lang='lat' dir='ltr'>(ledi</span> <span class='ocrx_word' id='word_1_369' title='bbox 2073 846 2080 870; x_wconf 89' lang='lat'>:</span> 
     </span>
     <span class='ocr_line' id='line_1_63' title="bbox 1126 891 2081 944; baseline 0.004 -14"><span class='ocrx_word' id='word_1_370' title='bbox 1126 893 1273 930; x_wconf 82' lang='lat' dir='ltr'>LIBER</span> <span class='ocrx_word' id='word_1_371' title='bbox 1288 891 1660 930; x_wconf 81' lang='lat' dir='ltr'>PERPLEXORUM</span> <span class='ocrx_word' id='word_1_372' title='bbox 1677 891 1923 930; x_wconf 84' lang='lat' dir='ltr'><strong>ECCESIAE.</strong></span> <span class='ocrx_word' id='word_1_373' title='bbox 1945 895 2081 944; x_wconf 66' lang='lat' dir='ltr'>Neque</span> 
     </span>
     <span class='ocr_line' id='line_1_64' title="bbox 1127 952 2082 1004; baseline 0.002 -12"><span class='ocrx_word' id='word_1_374' title='bbox 1127 953 1257 992; x_wconf 88' lang='lat' dir='ltr'>adhuc</span> <span class='ocrx_word' id='word_1_375' title='bbox 1281 952 1387 991; x_wconf 88' lang='lat' dir='ltr'>edita</span> <span class='ocrx_word' id='word_1_376' title='bbox 1425 957 1511 999; x_wconf 84' lang='lat' dir='ltr'>est,</span> <span class='ocrx_word' id='word_1_377' title='bbox 1537 952 1642 1002; x_wconf 85' lang='lat' dir='ltr'>quod</span> <span class='ocrx_word' id='word_1_378' title='bbox 1675 953 1825 1000; x_wconf 89' lang='lat' dir='ltr'>sciam,</span> <span class='ocrx_word' id='word_1_379' title='bbox 1861 953 2082 1004; x_wconf 81' lang='lat' dir='ltr'>Appellatio</span> 
     </span>
     <span class='ocr_line' id='line_1_65' title="bbox 1127 1012 2079 1065; baseline 0.003 -12"><span class='ocrx_word' id='word_1_380' title='bbox 1127 1018 1266 1053; x_wconf 83' lang='lat' dir='ltr'>contra</span> <span class='ocrx_word' id='word_1_381' title='bbox 1281 1012 1662 1064; x_wconf 68' lang='lat' dir='ltr'>Maydeburqensem</span> <span class='ocrx_word' id='word_1_382' title='bbox 1678 1012 2029 1065; x_wconf 77' lang='lat' dir='ltr'>Archz&#39;episcopum</span> <span class='ocrx_word' id='word_1_383' title='bbox 2046 1020 2079 1065; x_wconf 84' lang='lat' dir='ltr'>a)</span> 
     </span>
     <span class='ocr_line' id='line_1_66' title="bbox 1125 1076 2081 1128; baseline 0 -12"><span class='ocrx_word' id='word_1_384' title='bbox 1125 1077 1370 1116; x_wconf 89' lang='lat' dir='ltr'>Fridericum</span> <span class='ocrx_word' id='word_1_385' title='bbox 1400 1076 1449 1114; x_wconf 86' lang='lat' dir='ltr'>de</span> <span class='ocrx_word' id='word_1_386' title='bbox 1486 1076 1718 1127; x_wconf 77' lang='lat' dir='ltr'>Bichlinge,</span> <span class='ocrx_word' id='word_1_387' title='bbox 1760 1076 1834 1114; x_wconf 90' lang='lat' dir='ltr'>An.</span> <span class='ocrx_word' id='word_1_388' title='bbox 1869 1078 1972 1116; x_wconf 77' lang='grc'>4445</span> <span class='ocrx_word' id='word_1_389' title='bbox 2012 1090 2081 1128; x_wconf 92' lang='lat' dir='ltr'>pro</span> 
     </span>
     <span class='ocr_line' id='line_1_67' title="bbox 1124 1139 2082 1189; baseline 0.001 -12"><span class='ocrx_word' id='word_1_390' title='bbox 1124 1139 1237 1177; x_wconf 89' lang='lat' dir='ltr'>cultu</span> <span class='ocrx_word' id='word_1_391' title='bbox 1261 1140 1540 1189; x_wconf 88' lang='lat' dir='ltr'>superstitioso</span> <span class='ocrx_word' id='word_1_392' title='bbox 1565 1139 1717 1177; x_wconf 87' lang='lat' dir='ltr'>hostiae</span> <span class='ocrx_word' id='word_1_393' title='bbox 1740 1140 2003 1178; x_wconf 85' lang='lat' dir='ltr'>miraculosae</span> <span class='ocrx_word' id='word_1_394' title='bbox 2042 1142 2082 1178; x_wconf 91' lang='lat' dir='ltr'>in</span> 
     </span>
     <span class='ocr_line' id='line_1_68' title="bbox 1121 1200 2081 1250; baseline 0.002 -13"><span class='ocrx_word' id='word_1_395' title='bbox 1121 1201 1362 1250; x_wconf 83' lang='lat' dir='ltr'>Wolsenac,</span> <span class='ocrx_word' id='word_1_396' title='bbox 1386 1201 1496 1239; x_wconf 88' lang='lat' dir='ltr'>MSta</span> <span class='ocrx_word' id='word_1_397' title='bbox 1521 1202 1559 1238; x_wconf 92' lang='lat' dir='ltr'>in</span> <span class='ocrx_word' id='word_1_398' title='bbox 1582 1200 1826 1238; x_wconf 84' lang='lat' dir='ltr'>Bibliotheca</span> <span class='ocrx_word' id='word_1_399' title='bbox 1854 1202 2019 1240; x_wconf 86' lang='lat' dir='ltr'>Paulina</span> <span class='ocrx_word' id='word_1_400' title='bbox 2045 1202 2081 1248; x_wconf 79' lang='lat' dir='ltr'>b)</span> 
     </span>
     <span class='ocr_line' id='line_1_69' title="bbox 1120 1263 2080 1314; baseline 0.002 -14"><span class='ocrx_word' id='word_1_401' title='bbox 1120 1265 1314 1313; x_wconf 88' lang='lat' dir='ltr'>Lipsiensi</span> <span class='ocrx_word' id='word_1_402' title='bbox 1333 1276 1340 1300; x_wconf 88' lang='grc'>;</span> <span class='ocrx_word' id='word_1_403' title='bbox 1380 1264 1516 1312; x_wconf 72' lang='lat' dir='ltr'>Neque</span> <span class='ocrx_word' id='word_1_404' title='bbox 1557 1263 1689 1301; x_wconf 82' lang='lat' dir='ltr'>lucem</span> <span class='ocrx_word' id='word_1_405' title='bbox 1731 1263 1831 1301; x_wconf 82' lang='lat' dir='ltr'>vidit</span> <span class='ocrx_word' id='word_1_406' title='bbox 1868 1263 2080 1314; x_wconf 77' lang='lat' dir='ltr'>Anonymo</span> 
     </span>
     <span class='ocr_line' id='line_1_70' title="bbox 1117 1324 2081 1374; baseline -0.001 -10"><span class='ocrx_word' id='word_1_407' title='bbox 1117 1324 1342 1364; x_wconf 86' lang='lat' dir='ltr'>Maderiano</span> <span class='ocrx_word' id='word_1_408' title='bbox 1364 1328 1632 1363; x_wconf 89' lang='lat' dir='ltr'>memoratum</span> <span class='ocrx_word' id='word_1_409' title='bbox 1652 1335 1752 1374; x_wconf 86' lang='lat' dir='ltr'>opus</span> <span class='ocrx_word' id='word_1_410' title='bbox 1763 1325 1965 1374; x_wconf 80' lang='lat' dir='ltr'>grandein</span> <span class='ocrx_word' id='word_1_411' title='bbox 1978 1325 2081 1364; x_wconf 88' lang='lat' dir='ltr'>Esa-</span> 
     </span>
     <span class='ocr_line' id='line_1_71' title="bbox 1118 1385 2079 1436; baseline 0.002 -12"><span class='ocrx_word' id='word_1_412' title='bbox 1118 1387 1211 1436; x_wconf 74' lang='lat' dir='ltr'>iam,</span> <span class='ocrx_word' id='word_1_413' title='bbox 1232 1392 1301 1425; x_wconf 86' lang='lat' dir='ltr'>aut</span> <span class='ocrx_word' id='word_1_414' title='bbox 1324 1388 1647 1426; x_wconf 88' lang='lat' dir='ltr'>Commentarius</span> <span class='ocrx_word' id='word_1_415' title='bbox 1669 1386 1709 1424; x_wconf 82' lang='lat' dir='ltr'>in</span> <span class='ocrx_word' id='word_1_416' title='bbox 1726 1385 1848 1425; x_wconf 77' lang='lat' dir='ltr'>libros</span> <span class='ocrx_word' id='word_1_417' title='bbox 1867 1388 2079 1426; x_wconf 76' lang='lat' dir='ltr'>sententia-</span> 
     </span>
     <span class='ocr_line' id='line_1_72' title="bbox 1117 1447 2077 1500; baseline 0.002 -13"><span class='ocrx_word' id='word_1_418' title='bbox 1117 1461 1221 1498; x_wconf 76' lang='lat' dir='ltr'>rum,</span> <span class='ocrx_word' id='word_1_419' title='bbox 1244 1450 1307 1487; x_wconf 90' lang='lat' dir='ltr'>vel</span> <span class='ocrx_word' id='word_1_420' title='bbox 1326 1447 1556 1496; x_wconf 73' lang='lat' dir='ltr'>Dialectica,</span> <span class='ocrx_word' id='word_1_421' title='bbox 1575 1453 1644 1486; x_wconf 84' lang='lat' dir='ltr'>aut</span> <span class='ocrx_word' id='word_1_422' title='bbox 1662 1450 1871 1487; x_wconf 79' lang='lat' dir='ltr'>Sermones</span> <span class='ocrx_word' id='word_1_423' title='bbox 1887 1449 1933 1487; x_wconf 88' lang='lat' dir='ltr'>ad</span> <span class='ocrx_word' id='word_1_424' title='bbox 1954 1462 2077 1500; x_wconf 86' lang='lat' dir='ltr'>popu-</span> 
     </span>
     <span class='ocr_line' id='line_1_73' title="bbox 1117 1510 2077 1562; baseline 0 -13"><span class='ocrx_word' id='word_1_425' title='bbox 1117 1512 1200 1549; x_wconf 91' lang='lat' dir='ltr'>lum</span> <span class='ocrx_word' id='word_1_426' title='bbox 1233 1515 1273 1549; x_wconf 87' lang='lat' dir='ltr'>et</span> <span class='ocrx_word' id='word_1_427' title='bbox 1297 1510 1346 1549; x_wconf 87' lang='lat' dir='ltr'>ad</span> <span class='ocrx_word' id='word_1_428' title='bbox 1370 1511 1544 1549; x_wconf 86' lang='lat' dir='ltr'>Clerum.</span> <span class='ocrx_word' id='word_1_429' title='bbox 1568 1510 1646 1548; x_wconf 85' lang='lat' dir='ltr'>Sed</span> <span class='ocrx_word' id='word_1_430' title='bbox 1671 1515 1804 1549; x_wconf 79' lang='lat' dir='ltr'>exstat</span> <span class='ocrx_word' id='word_1_431' title='bbox 1828 1510 1916 1560; x_wconf 86' lang='lat' dir='ltr'>ejus</span> <span class='ocrx_word' id='word_1_432' title='bbox 1937 1510 2077 1562; x_wconf 79' lang='lat' dir='ltr'>Defen-</span> 
     </span>
     <span class='ocr_line' id='line_1_74' title="bbox 1116 1571 2077 1624; baseline 0.001 -13"><span class='ocrx_word' id='word_1_433' title='bbox 1116 1573 1286 1621; x_wconf 70' lang='lat' dir='ltr'>sori-am,</span> <span class='ocrx_word' id='word_1_434' title='bbox 1309 1574 1396 1611; x_wconf 87' lang='lat' dir='ltr'>sive</span> <span class='ocrx_word' id='word_1_435' title='bbox 1420 1571 1593 1624; x_wconf 77' lang='lat' dir='ltr'>replicae</span> <span class='ocrx_word' id='word_1_436' title='bbox 1616 1573 1649 1619; x_wconf 81' lang='lat' dir='ltr'>c)</span> <span class='ocrx_word' id='word_1_437' title='bbox 1679 1571 1879 1611; x_wconf 77' lang='lat' dir='ltr'>adversus</span> <span class='ocrx_word' id='word_1_438' title='bbox 1904 1572 2077 1612; x_wconf 82' lang='lat' dir='ltr'>Paulum</span> 
     </span>
     <span class='ocr_line' id='line_1_75' title="bbox 1117 1635 2078 1687; baseline -0.002 -13"><span class='ocrx_word' id='word_1_439' title='bbox 1117 1637 1362 1687; x_wconf 71' lang='lat' dir='ltr'>Buryensem</span> <span class='ocrx_word' id='word_1_440' title='bbox 1382 1645 1452 1685; x_wconf 84' lang='lat' dir='ltr'>pro</span> <span class='ocrx_word' id='word_1_441' title='bbox 1475 1635 1608 1672; x_wconf 89' lang='lat' dir='ltr'>Nicola</span> <span class='ocrx_word' id='word_1_442' title='bbox 1634 1635 1776 1672; x_wconf 88' lang='lat' dir='ltr'>Lirano</span> <span class='ocrx_word' id='word_1_443' title='bbox 1792 1665 1803 1683; x_wconf 84' lang='lat'>,</span> <span class='ocrx_word' id='word_1_444' title='bbox 1820 1646 1912 1673; x_wconf 89' lang='lat' dir='ltr'>cum</span> <span class='ocrx_word' id='word_1_445' title='bbox 1933 1636 2078 1674; x_wconf 66' lang='lat' dir='ltr'>Nicolai</span> 
     </span>
     <span class='ocr_line' id='line_1_76' title="bbox 1118 1696 2078 1750; baseline -0.002 -13"><span class='ocrx_word' id='word_1_446' title='bbox 1118 1699 1289 1750; x_wconf 85' lang='lat' dir='ltr'>postillis</span> <span class='ocrx_word' id='word_1_447' title='bbox 1305 1698 1391 1735; x_wconf 89' lang='lat' dir='ltr'>sive</span> <span class='ocrx_word' id='word_1_448' title='bbox 1417 1696 1577 1734; x_wconf 87' lang='lat' dir='ltr'>scholiis</span> <span class='ocrx_word' id='word_1_449' title='bbox 1602 1697 1641 1733; x_wconf 94' lang='lat' dir='ltr'>in</span> <span class='ocrx_word' id='word_1_450' title='bbox 1671 1696 1790 1734; x_wconf 86' lang='lat' dir='ltr'>libros</span> <span class='ocrx_word' id='word_1_451' title='bbox 1815 1697 1982 1735; x_wconf 81' lang='lat' dir='ltr'>Biblicos</span> <span class='ocrx_word' id='word_1_452' title='bbox 2004 1726 2012 1743; x_wconf 94' lang='lat'>,</span> <span class='ocrx_word' id='word_1_453' title='bbox 2038 1703 2078 1735; x_wconf 86' lang='lat' dir='ltr'>et</span> 
     </span>
     <span class='ocr_line' id='line_1_77' title="bbox 1116 1758 2076 1808; baseline -0.002 -8"><span class='ocrx_word' id='word_1_454' title='bbox 1116 1761 1224 1800; x_wconf 87' lang='lat' dir='ltr'>Pauli</span> <span class='ocrx_word' id='word_1_455' title='bbox 1241 1760 1290 1798; x_wconf 89' lang='lat' dir='ltr'>ad</span> <span class='ocrx_word' id='word_1_456' title='bbox 1314 1771 1359 1797; x_wconf 86' lang='lat' dir='ltr'>ea</span> <span class='ocrx_word' id='word_1_457' title='bbox 1384 1758 1652 1797; x_wconf 86' lang='lat' dir='ltr'>additionibus</span> <span class='ocrx_word' id='word_1_458' title='bbox 1676 1760 1838 1808; x_wconf 89' lang='lat' dir='ltr'>saepius</span> <span class='ocrx_word' id='word_1_459' title='bbox 1861 1759 2005 1807; x_wconf 80' lang='lat' dir='ltr'>editae,</span> <span class='ocrx_word' id='word_1_460' title='bbox 2028 1759 2076 1798; x_wconf 86' lang='lat' dir='ltr'>de</span> 
     </span>
     <span class='ocr_line' id='line_1_78' title="bbox 1118 1819 2077 1873; baseline -0.004 -11"><span class='ocrx_word' id='word_1_461' title='bbox 1118 1824 1264 1873; x_wconf 86' lang='lat' dir='ltr'>quibus</span> <span class='ocrx_word' id='word_1_462' title='bbox 1284 1822 1386 1858; x_wconf 84' lang='lat' dir='ltr'>infra</span> <span class='ocrx_word' id='word_1_463' title='bbox 1410 1821 1448 1857; x_wconf 90' lang='lat' dir='ltr'>in</span> <span class='ocrx_word' id='word_1_464' title='bbox 1475 1819 1672 1858; x_wconf 72' lang='lat' dir='ltr'><strong>LIRANO.</strong></span> <span class='ocrx_word' id='word_1_465' title='bbox 1698 1820 1812 1865; x_wconf 85' lang='lat' dir='ltr'>Quod</span> <span class='ocrx_word' id='word_1_466' title='bbox 1834 1832 1928 1859; x_wconf 90' lang='lat' dir='ltr'>vero</span> <span class='ocrx_word' id='word_1_467' title='bbox 1953 1821 2077 1860; x_wconf 88' lang='lat' dir='ltr'>Oudi-</span> 
     </span>
     <span class='ocr_line' id='line_1_79' title="bbox 1118 1881 2076 1932; baseline -0.004 -8"><span class='ocrx_word' id='word_1_468' title='bbox 1118 1896 1194 1924; x_wconf 83' lang='lat' dir='ltr'>nus</span> <span class='ocrx_word' id='word_1_469' title='bbox 1218 1884 1401 1932; x_wconf 77' lang='lat' dir='ltr'>Doringio</span> <span class='ocrx_word' id='word_1_470' title='bbox 1431 1886 1566 1919; x_wconf 87' lang='lat' dir='ltr'>nostro</span> <span class='ocrx_word' id='word_1_471' title='bbox 1598 1881 1772 1919; x_wconf 83' lang='lat' dir='ltr'>tribuere</span> <span class='ocrx_word' id='word_1_472' title='bbox 1803 1892 1881 1918; x_wconf 89' lang='lat' dir='ltr'>non</span> <span class='ocrx_word' id='word_1_473' title='bbox 1920 1881 2076 1920; x_wconf 81' lang='lat' dir='ltr'>dubitat</span> 
     </span>
     <span class='ocr_line' id='line_1_80' title="bbox 1117 1942 2117 1994; baseline -0.006 -8"><span class='ocrx_word' id='word_1_474' title='bbox 1117 1947 1354 1993; x_wconf 79' lang='lat' dir='ltr'>Chronicon,</span> <span class='ocrx_word' id='word_1_475' title='bbox 1379 1943 1481 1994; x_wconf 82' lang='lat' dir='ltr'>quod</span> <span class='ocrx_word' id='word_1_476' title='bbox 1506 1946 1543 1981; x_wconf 90' lang='lat' dir='ltr'>in</span> <span class='ocrx_word' id='word_1_477' title='bbox 1568 1942 1642 1981; x_wconf 86' lang='lat' dir='ltr'>An.</span> <span class='ocrx_word' id='word_1_478' title='bbox 1669 1943 1771 1981; x_wconf 81' lang='grc'>4493</span> <span class='ocrx_word' id='word_1_479' title='bbox 1791 1943 1982 1981; x_wconf 83' lang='lat' dir='ltr'>desinens</span> <span class='ocrx_word' id='word_1_480' title='bbox 2009 1955 2075 1981; x_wconf 90' lang='lat' dir='ltr'>no-</span> <span class='ocrx_word' id='word_1_481' title='bbox 2115 1970 2117 1972; x_wconf 83' lang='lat'><em>-</em></span> 
     </span>
     <span class='ocr_line' id='line_1_81' title="bbox 1118 2003 2075 2054; baseline -0.006 -7"><span class='ocrx_word' id='word_1_482' title='bbox 1118 2014 1204 2048; x_wconf 80' lang='lat' dir='ltr'>tum</span> <span class='ocrx_word' id='word_1_483' title='bbox 1229 2013 1293 2046; x_wconf 82' lang='lat' dir='ltr'>est</span> <span class='ocrx_word' id='word_1_484' title='bbox 1315 2007 1390 2045; x_wconf 88' lang='lat' dir='ltr'>sub</span> <span class='ocrx_word' id='word_1_485' title='bbox 1413 2007 1528 2044; x_wconf 83' lang='lat' dir='ltr'>tituio</span> <span class='ocrx_word' id='word_1_486' title='bbox 1545 2003 1890 2054; x_wconf 67' lang='lat' dir='ltr'>Norimberqensis</span> <span class='ocrx_word' id='word_1_487' title='bbox 1906 2005 2075 2043; x_wconf 84' lang='lat' dir='ltr'>Chroni-</span> 
     </span>
     <span class='ocr_line' id='line_1_82' title="bbox 1118 2067 2073 2119; baseline -0.003 -11"><span class='ocrx_word' id='word_1_488' title='bbox 1118 2072 1150 2109; x_wconf 91' lang='lat' dir='ltr'>ci</span> <span class='ocrx_word' id='word_1_489' title='bbox 1172 2099 1180 2119; x_wconf 75' lang='lat'>‚</span> <span class='ocrx_word' id='word_1_490' title='bbox 1205 2074 1366 2108; x_wconf 88' lang='lat' dir='ltr'>auctore</span> <span class='ocrx_word' id='word_1_491' title='bbox 1390 2069 1640 2106; x_wconf 76' lang='lat' dir='ltr'>Hartmanno</span> <span class='ocrx_word' id='word_1_492' title='bbox 1674 2067 1969 2105; x_wconf 84' lang='lat' dir='ltr'>SCHEDELLO</span> <span class='ocrx_word' id='word_1_493' title='bbox 1989 2081 1995 2105; x_wconf 79' lang='lat' dir='ltr'>z</span> <span class='ocrx_word' id='word_1_494' title='bbox 2036 2069 2073 2106; x_wconf 94' lang='lat' dir='ltr'>id</span> 
     </span>
     <span class='ocr_line' id='line_1_83' title="bbox 1120 2129 2073 2179; baseline -0.004 -9"><span class='ocrx_word' id='word_1_495' title='bbox 1120 2132 1196 2170; x_wconf 82' lang='lat' dir='ltr'>fide</span> <span class='ocrx_word' id='word_1_496' title='bbox 1220 2131 1376 2171; x_wconf 83' lang='lat' dir='ltr'>Codicis</span> <span class='ocrx_word' id='word_1_497' title='bbox 1400 2131 1496 2169; x_wconf 82' lang='lat' dir='ltr'>MSti</span> <span class='ocrx_word' id='word_1_498' title='bbox 1522 2129 1753 2179; x_wconf 87' lang='lat' dir='ltr'>Lipsiensiis</span> <span class='ocrx_word' id='word_1_499' title='bbox 1777 2129 1813 2176; x_wconf 82' lang='lat' dir='ltr'>d)</span> <span class='ocrx_word' id='word_1_500' title='bbox 1845 2129 1893 2166; x_wconf 87' lang='lat' dir='ltr'>ab</span> <span class='ocrx_word' id='word_1_501' title='bbox 1927 2140 1972 2167; x_wconf 87' lang='lat' dir='ltr'>eo</span> <span class='ocrx_word' id='word_1_502' title='bbox 2012 2130 2073 2174; x_wconf 78' lang='lat' dir='ltr'>fit,</span> 
     </span>
     <span class='ocr_line' id='line_1_84' title="bbox 1121 2190 2076 2232; baseline -0.004 0"><span class='ocrx_word' id='word_1_503' title='bbox 1121 2194 1192 2232; x_wconf 85' lang='lat' dir='ltr'>sed</span> <span class='ocrx_word' id='word_1_504' title='bbox 1212 2193 1438 2232; x_wconf 83' lang='lat' dir='ltr'>auctoritati</span> <span class='ocrx_word' id='word_1_505' title='bbox 1462 2191 1670 2229; x_wconf 88' lang='lat' dir='ltr'>Trithemii</span> <span class='ocrx_word' id='word_1_506' title='bbox 1695 2195 1734 2228; x_wconf 86' lang='lat' dir='ltr'>et</span> <span class='ocrx_word' id='word_1_507' title='bbox 1755 2190 1920 2228; x_wconf 89' lang='lat' dir='ltr'>aliorum</span> <span class='ocrx_word' id='word_1_508' title='bbox 1961 2191 2076 2229; x_wconf 82' lang='lat' dir='ltr'>Codi-</span> 
     </span>
     <span class='ocr_line' id='line_1_85' title="bbox 1118 2252 2074 2303; baseline -0.002 -10"><span class='ocrx_word' id='word_1_509' title='bbox 1118 2267 1211 2294; x_wconf 88' lang='lat' dir='ltr'>cum</span> <span class='ocrx_word' id='word_1_510' title='bbox 1229 2256 1479 2298; x_wconf 85' lang='lat' dir='ltr'>adversatur,</span> <span class='ocrx_word' id='word_1_511' title='bbox 1503 2257 1624 2303; x_wconf 87' lang='lat' dir='ltr'>atque</span> <span class='ocrx_word' id='word_1_512' title='bbox 1649 2253 1682 2290; x_wconf 91' lang='lat' dir='ltr'>si</span> <span class='ocrx_word' id='word_1_513' title='bbox 1699 2252 1922 2291; x_wconf 89' lang='lat' dir='ltr'>Chronicon</span> <span class='ocrx_word' id='word_1_514' title='bbox 1946 2253 2074 2291; x_wconf 86' lang='lat' dir='ltr'>simile</span> 
     </span>
     <span class='ocr_line' id='line_1_86' title="bbox 1117 2315 2073 2367; baseline -0.005 -11"><span class='ocrx_word' id='word_1_515' title='bbox 1117 2318 1328 2367; x_wconf 79' lang='lat' dir='ltr'>Doringius</span> <span class='ocrx_word' id='word_1_516' title='bbox 1369 2316 1576 2355; x_wconf 78' lang='lat' dir='ltr'>contexuit</span> <span class='ocrx_word' id='word_1_517' title='bbox 1598 2344 1606 2362; x_wconf 95' lang='lat'>,</span> <span class='ocrx_word' id='word_1_518' title='bbox 1639 2315 1772 2352; x_wconf 87' lang='lat' dir='ltr'>saltim</span> <span class='ocrx_word' id='word_1_519' title='bbox 1808 2315 1971 2363; x_wconf 81' lang='lat' dir='ltr'>triginta</span> <span class='ocrx_word' id='word_1_520' title='bbox 2009 2315 2073 2352; x_wconf 87' lang='lat' dir='ltr'>vel</span> 
     </span>
     <span class='ocr_line' id='line_1_87' title="bbox 1114 2379 2071 2430; baseline -0.004 -12"><span class='ocrx_word' id='word_1_521' title='bbox 1114 2379 1375 2430; x_wconf 80' lang='lat' dir='ltr'>quadraginta</span> <span class='ocrx_word' id='word_1_522' title='bbox 1396 2389 1522 2417; x_wconf 92' lang='lat' dir='ltr'>annos</span> <span class='ocrx_word' id='word_1_523' title='bbox 1546 2382 1772 2428; x_wconf 83' lang='lat' dir='ltr'>postremos</span> <span class='ocrx_word' id='word_1_524' title='bbox 1793 2388 1959 2414; x_wconf 89' lang='lat' dir='ltr'>necesse</span> <span class='ocrx_word' id='word_1_525' title='bbox 1984 2382 2046 2415; x_wconf 90' lang='lat' dir='ltr'>est</span> <span class='ocrx_word' id='word_1_526' title='bbox 2064 2406 2071 2422; x_wconf 93' lang='lat'>,</span> 
     </span>
     <span class='ocr_line' id='line_1_88' title="bbox 1113 2438 2073 2489; baseline -0.004 -9"><span class='ocrx_word' id='word_1_527' title='bbox 1113 2446 1158 2480; x_wconf 87' lang='lat' dir='ltr'>ut</span> <span class='ocrx_word' id='word_1_528' title='bbox 1181 2443 1219 2478; x_wconf 91' lang='lat' dir='ltr'>in</span> <span class='ocrx_word' id='word_1_529' title='bbox 1241 2441 1541 2478; x_wconf 83' lang='lat' dir='ltr'>continuatione</span> <span class='ocrx_word' id='word_1_530' title='bbox 1573 2439 1809 2489; x_wconf 77' lang='lat' dir='ltr'>Engelhusii</span> <span class='ocrx_word' id='word_1_531' title='bbox 1828 2468 1836 2486; x_wconf 86' lang='lat'>,</span> <span class='ocrx_word' id='word_1_532' title='bbox 1858 2438 1907 2476; x_wconf 89' lang='lat' dir='ltr'>ab</span> <span class='ocrx_word' id='word_1_533' title='bbox 1945 2439 2073 2476; x_wconf 87' lang='lat' dir='ltr'>aliena</span> 
     </span>
     <span class='ocr_line' id='line_1_89' title="bbox 1111 2502 1570 2541; baseline -0.004 -1"><span class='ocrx_word' id='word_1_534' title='bbox 1111 2514 1235 2541; x_wconf 88' lang='lat' dir='ltr'>manu</span> <span class='ocrx_word' id='word_1_535' title='bbox 1259 2502 1312 2540; x_wconf 91' lang='lat' dir='ltr'>illi</span> <span class='ocrx_word' id='word_1_536' title='bbox 1337 2502 1570 2539; x_wconf 86' lang='lat' dir='ltr'>accessisse.</span> 
     </span>
     <span class='ocr_line' id='line_1_90' title="bbox 1162 2560 2067 2610; baseline -0.004 -7"><span class='ocrx_word' id='word_1_537' title='bbox 1162 2563 1673 2603; x_wconf 74' lang='lat' dir='ltr'>ExlibrisDOLABELLAE</span> <span class='ocrx_word' id='word_1_538' title='bbox 1701 2560 1992 2610; x_wconf 74' lang='lat' dir='ltr'>Agrimensoris</span> <span class='ocrx_word' id='word_1_539' title='bbox 2013 2561 2067 2599; x_wconf 88' lang='lat' dir='ltr'>le-</span> 
     </span>
     <span class='ocr_line' id='line_1_91' title="bbox 1109 2622 2070 2676; baseline -0.004 -12"><span class='ocrx_word' id='word_1_540' title='bbox 1109 2630 1260 2676; x_wconf 74' lang='lat' dir='ltr'>guntur</span> <span class='ocrx_word' id='word_1_541' title='bbox 1281 2625 1504 2674; x_wconf 82' lang='lat' dir='ltr'>fragmenta</span> <span class='ocrx_word' id='word_1_542' title='bbox 1528 2623 1725 2673; x_wconf 83' lang='lat' dir='ltr'>quaedam</span> <span class='ocrx_word' id='word_1_543' title='bbox 1750 2624 1787 2659; x_wconf 91' lang='lat' dir='ltr'>in</span> <span class='ocrx_word' id='word_1_544' title='bbox 1810 2622 2070 2671; x_wconf 88' lang='lat' dir='ltr'>scriptoribus</span> 
     </span>
     <span class='ocr_line' id='line_1_92' title="bbox 1110 2682 2069 2737; baseline -0.004 -12"><span class='ocrx_word' id='word_1_545' title='bbox 1110 2689 1163 2725; x_wconf 87' lang='lat' dir='ltr'>rei</span> <span class='ocrx_word' id='word_1_546' title='bbox 1188 2687 1364 2737; x_wconf 79' lang='lat' dir='ltr'>agrariae</span> <span class='ocrx_word' id='word_1_547' title='bbox 1381 2698 1418 2735; x_wconf 90' lang='lat' dir='ltr'>p.</span> <span class='ocrx_word' id='word_1_548' title='bbox 1435 2684 1603 2724; x_wconf 57' lang='lat'>293-3021</span> <span class='ocrx_word' id='word_1_549' title='bbox 1630 2684 1678 2721; x_wconf 85' lang='lat' dir='ltr'>de</span> <span class='ocrx_word' id='word_1_550' title='bbox 1695 2683 1841 2732; x_wconf 82' lang='lat' dir='ltr'>quibus</span> <span class='ocrx_word' id='word_1_551' title='bbox 1857 2682 1988 2720; x_wconf 82' lang='lat' dir='ltr'>dicere</span> <span class='ocrx_word' id='word_1_552' title='bbox 2005 2695 2069 2721; x_wconf 85' lang='lat' dir='ltr'>me</span> 
     </span>
     <span class='ocr_line' id='line_1_93' title="bbox 1110 2744 2039 2794; baseline -0.006 -7"><span class='ocrx_word' id='word_1_553' title='bbox 1110 2749 1274 2787; x_wconf 88' lang='lat' dir='ltr'>memini</span> <span class='ocrx_word' id='word_1_554' title='bbox 1295 2749 1332 2785; x_wconf 94' lang='lat' dir='ltr'>in</span> <span class='ocrx_word' id='word_1_555' title='bbox 1358 2746 1540 2785; x_wconf 86' lang='lat' dir='ltr'>Biblioth.</span> <span class='ocrx_word' id='word_1_556' title='bbox 1564 2747 1699 2784; x_wconf 85' lang='lat' dir='ltr'>Latina</span> <span class='ocrx_word' id='word_1_557' title='bbox 1725 2745 1789 2782; x_wconf 88' lang='lat' dir='ltr'>lib.</span> <span class='ocrx_word' id='word_1_558' title='bbox 1813 2744 1847 2781; x_wconf 91' lang='grc'>4.</span> <span class='ocrx_word' id='word_1_559' title='bbox 1868 2755 1953 2794; x_wconf 78' lang='lat' dir='ltr'>cap.</span> <span class='ocrx_word' id='word_1_560' title='bbox 1971 2745 2039 2782; x_wconf 84' lang='lat' dir='ltr'>XI.</span> 
     </span>
     <span class='ocr_line' id='line_1_94' title="bbox 1164 2806 2068 2850; baseline -0.008 -2"><span class='ocrx_word' id='word_1_561' title='bbox 1164 2810 1389 2850; x_wconf 88' lang='lat' dir='ltr'>Chronicon</span> <span class='ocrx_word' id='word_1_562' title='bbox 1414 2808 1660 2847; x_wconf 73' lang='lat' dir='ltr'>DOLENSIS</span> <span class='ocrx_word' id='word_1_563' title='bbox 1674 2806 1899 2844; x_wconf 81' lang='lat' dir='ltr'>Mon-asterii</span> <span class='ocrx_word' id='word_1_564' title='bbox 1924 2807 1961 2842; x_wconf 92' lang='lat' dir='ltr'>in</span> <span class='ocrx_word' id='word_1_565' title='bbox 1977 2806 2068 2842; x_wconf 87' lang='lat' dir='ltr'>Pro-</span> 
     </span>
    </p>
   </div>
   <div class='ocr_carea' id='block_1_15' title="bbox 1096 2958 2071 3248">
    <p class='ocr_par' dir='ltr' id='par_1_15' title="bbox 1104 2958 2069 3050">
     <span class='ocr_line' id='line_1_95' title="bbox 1167 2958 2069 2999; baseline -0.007 -7"><span class='ocrx_word' id='word_1_566' title='bbox 1167 2960 1200 2999; x_wconf 92' lang='lat' dir='ltr'>a)</span> <span class='ocrx_word' id='word_1_567' title='bbox 1221 2961 1302 2992; x_wconf 72' lang='lat' dir='ltr'>Vide</span> <span class='ocrx_word' id='word_1_568' title='bbox 1324 2960 1539 2992; x_wconf 82' lang='lat' dir='ltr'>Meibomium</span> <span class='ocrx_word' id='word_1_569' title='bbox 1563 2962 1643 2989; x_wconf 83' lang='lat' dir='ltr'>lom.</span> <span class='ocrx_word' id='word_1_570' title='bbox 1666 2959 1685 2987; x_wconf 59' lang='grc' dir='ltr'>Ξ)</span> <span class='ocrx_word' id='word_1_571' title='bbox 1710 2964 1820 2988; x_wconf 81' lang='lat' dir='ltr'>rerum</span> <span class='ocrx_word' id='word_1_572' title='bbox 1853 2958 2069 2988; x_wconf 84' lang='lat' dir='ltr'>Germanica-</span> 
     </span>
     <span class='ocr_line' id='line_1_96' title="bbox 1104 3010 1374 3050; baseline -0.007 -8"><span class='ocrx_word' id='word_1_573' title='bbox 1104 3020 1179 3042; x_wconf 90' lang='lat' dir='ltr'>rum</span> <span class='ocrx_word' id='word_1_574' title='bbox 1204 3019 1278 3050; x_wconf 86' lang='lat' dir='ltr'>pag.</span> <span class='ocrx_word' id='word_1_575' title='bbox 1300 3010 1374 3041; x_wconf 82' lang='lat'><strong>559.</strong></span> 
     </span>
    </p>

    <p class='ocr_par' dir='ltr' id='par_1_16' title="bbox 1099 3054 2071 3148">
     <span class='ocr_line' id='line_1_97' title="bbox 1163 3054 2071 3098; baseline -0.007 -7"><span class='ocrx_word' id='word_1_576' title='bbox 1163 3060 1198 3098; x_wconf 89' lang='lat' dir='ltr'>b)</span> <span class='ocrx_word' id='word_1_577' title='bbox 1224 3060 1387 3091; x_wconf 83' lang='lat' dir='ltr'>Joachimi</span> <span class='ocrx_word' id='word_1_578' title='bbox 1422 3059 1540 3090; x_wconf 83' lang='lat' dir='ltr'>Felleri</span> <span class='ocrx_word' id='word_1_579' title='bbox 1566 3057 1742 3096; x_wconf 75' lang='lat' dir='ltr'>catalogus</span> <span class='ocrx_word' id='word_1_580' title='bbox 1779 3057 1862 3086; x_wconf 69' lang='lat' dir='ltr'>MSS.</span> <span class='ocrx_word' id='word_1_581' title='bbox 1885 3054 2071 3086; x_wconf 80' lang='lat' dir='ltr'>Bibliothe-</span> 
     </span>
     <span class='ocr_line' id='line_1_98' title="bbox 1099 3109 1538 3148; baseline -0.009 -6"><span class='ocrx_word' id='word_1_582' title='bbox 1099 3118 1157 3142; x_wconf 82' lang='lat' dir='ltr'>cae</span> <span class='ocrx_word' id='word_1_583' title='bbox 1180 3109 1341 3141; x_wconf 83' lang='lat' dir='ltr'>Paulinae</span> <span class='ocrx_word' id='word_1_584' title='bbox 1365 3116 1442 3148; x_wconf 84' lang='lat' dir='ltr'>pag.</span> <span class='ocrx_word' id='word_1_585' title='bbox 1464 3109 1538 3140; x_wconf 73' lang='lat'>256.</span> 
     </span>
    </p>

    <p class='ocr_par' dir='ltr' id='par_1_17' title="bbox 1096 3155 2067 3248">
     <span class='ocr_line' id='line_1_99' title="bbox 1157 3155 2067 3197; baseline -0.005 -7"><span class='ocrx_word' id='word_1_586' title='bbox 1157 3159 1189 3196; x_wconf 91' lang='lat' dir='ltr'>c)</span> <span class='ocrx_word' id='word_1_587' title='bbox 1213 3159 1374 3190; x_wconf 86' lang='lat' dir='ltr'>Thomam</span> <span class='ocrx_word' id='word_1_588' title='bbox 1387 3160 1590 3197; x_wconf 77' lang='lat' dir='ltr'>Aquinatem</span> <span class='ocrx_word' id='word_1_589' title='bbox 1607 3156 1764 3188; x_wconf 81' lang='lat' dir='ltr'>adversus</span> <span class='ocrx_word' id='word_1_590' title='bbox 1788 3155 1921 3185; x_wconf 82' lang='lat' dir='ltr'>easdem</span> <span class='ocrx_word' id='word_1_591' title='bbox 1944 3156 2067 3186; x_wconf 89' lang='lat' dir='ltr'>Dorin-</span> 
     </span>
     <span class='ocr_line' id='line_1_100' title="bbox 1096 3202 2066 3248; baseline -0.007 -9"><span class='ocrx_word' id='word_1_592' title='bbox 1096 3210 1141 3248; x_wconf 82' lang='lat' dir='ltr'>gii</span> <span class='ocrx_word' id='word_1_593' title='bbox 1167 3209 1307 3248; x_wconf 81' lang='lat' dir='ltr'>replicas</span> <span class='ocrx_word' id='word_1_594' title='bbox 1340 3207 1487 3239; x_wconf 78' lang='lat' dir='ltr'>defendit</span> <span class='ocrx_word' id='word_1_595' title='bbox 1508 3207 1669 3238; x_wconf 74' lang='lat' dir='ltr'>Diilacus</span> <span class='ocrx_word' id='word_1_596' title='bbox 1693 3206 1788 3236; x_wconf 78' lang='lat' dir='ltr'>Deza</span> <span class='ocrx_word' id='word_1_597' title='bbox 1807 3227 1816 3241; x_wconf 95' lang='lat'>‚</span> <span class='ocrx_word' id='word_1_598' title='bbox 1841 3202 1918 3235; x_wconf 81' lang='lat' dir='ltr'>ord.</span> <span class='ocrx_word' id='word_1_599' title='bbox 1949 3204 2066 3234; x_wconf 85' lang='lat' dir='ltr'>Praed.</span> 
     </span>
    </p>
   </div>
   <div class='ocr_carea' id='block_1_16' title="bbox 1095 3256 2006 3347">
    <p class='ocr_par' dir='ltr' id='par_1_18' title="bbox 1095 3256 2006 3347">
     <span class='ocr_line' id='line_1_101' title="bbox 1095 3256 1529 3297; baseline -0.007 -8"><span class='ocrx_word' id='word_1_600' title='bbox 1095 3259 1133 3289; x_wconf 82' lang='lat' dir='ltr'>do</span> <span class='ocrx_word' id='word_1_601' title='bbox 1156 3265 1223 3297; x_wconf 77' lang='lat' dir='ltr'>quo</span> <span class='ocrx_word' id='word_1_602' title='bbox 1249 3265 1350 3296; x_wconf 86' lang='lat' dir='ltr'>supra</span> <span class='ocrx_word' id='word_1_603' title='bbox 1375 3265 1450 3296; x_wconf 84' lang='lat' dir='ltr'>pag.</span> <span class='ocrx_word' id='word_1_604' title='bbox 1477 3256 1529 3287; x_wconf 88' lang='lat'>80.</span> 
     </span>
     <span class='ocr_line' id='line_1_102' title="bbox 1152 3301 2006 3347; baseline -0.006 -8"><span class='ocrx_word' id='word_1_605' title='bbox 1152 3309 1187 3345; x_wconf 85' lang='lat' dir='ltr'>d)</span> <span class='ocrx_word' id='word_1_606' title='bbox 1216 3307 1306 3347; x_wconf 68' lang='lat' dir='ltr'>Apud</span> <span class='ocrx_word' id='word_1_607' title='bbox 1331 3307 1502 3338; x_wconf 77' lang='lat' dir='ltr'>laudatum</span> <span class='ocrx_word' id='word_1_608' title='bbox 1528 3305 1696 3336; x_wconf 81' lang='lat' dir='ltr'>Fellerum</span> <span class='ocrx_word' id='word_1_609' title='bbox 1724 3312 1802 3343; x_wconf 78' lang='lat' dir='ltr'>pag.</span> <span class='ocrx_word' id='word_1_610' title='bbox 1831 3302 1905 3333; x_wconf 65' lang='lat'>409.</span> <span class='ocrx_word' id='word_1_611' title='bbox 1929 3301 2006 3334; x_wconf 77' lang='grc'>410.</span> 
     </span>
    </p>
   </div>
  </div>
 </body>
</html>
