2500 4009
445 235 521 278 5002

446 322 548 358 >lauit
571 321 766 369 descripta
792 318 974 354 versibus
999 317 1241 355 hexametris
1258 348 1267 365 ,
1287 322 1325 356 et
1348 318 1396 355 ab

444 389 572 421 aetati·
596 385 780 432 provecto
800 379 882 429 jam
905 380 937 425 a)
964 378 1032 417 sed
1058 379 1231 418 nondum
1258 380 1395 420 fortas-

446 456 488 482 se
520 445 709 492 Κῴη-(φο
739 442 955 491 composita
986 441 1082 480 haee
1112 447 1230 480 sunt:

506 509 533 543 l.
563 505 843 552 linamentum
865 503 1104 553 Paneuyrici
1123 504 1162 541 in
1181 504 1394 543 Juscimum

446 555 635 604 utiliorem
666 593 673 601 .
713 565 779 614 qui
834 565 1076 614 imperitavit
1113 565 1162 604 ab
1206 566 1278 605 An.
1319 568 1394 606 565

445 629 492 666 ab
513 627 603 665 3578.

495 691 531 726 ¹2.
564 689 850 739 Paneqyricnm
882 687 999 728 breve
1030 689 1068 727 in
1107 689 1261 729 laudem
1285 690 1393 729 Ana-

444 752 561 791 stasii
588 753 818 797 Quaestoris
847 757 885 790 et
914 754 1114 804 Magistri,
1139 754 1176 790 in
1207 754 1295 792 aula
1325 755 1394 792 Ju-

446 816 539 852 stini
570 815 616 852 ll.

440 889 572 916 summe
589 886 832 923 magistrorum,
847 886 1024 916 Procerum
1038 886 1150 923 decus,
1161 886 1285 918 arbiter
1293 887 1399 921 orbis,

441 936 607 974 Principis
625 934 772 974 auspicio
791 935 876 973 leges
894 938 923 965 ct
938 937 1012 974 jura
1030 936 1236 974 gubernans,

439 986 594 1015 Justiliae
610 984 750 1021 vindex,
770 986 908 1024 inopum
929 987 1025 1016 Pater
1044 991 1106 1017 etc.

498 1045 534 1081 3.
554 1044 609 1080 Dc
634 1041 819 1081 laudibus
840 1043 990 1082 Justint'
1013 1043 1179 1082 ¹minoris
1198 1076 1206 1084 .
1245 1046 1322 1095 (qui
1344 1057 1393 1082 ex

445 1105 681 1156 (Europalata
707 1105 730 1143 b
772 1106 988 1156 Imperator
1013 1107 1084 1144 fuit
1107 1136 1114 1151 ,
1145 1106 1193 1145 ab
1222 1106 1295 1144 An.
1318 1107 1393 1146 565

443 1167 610 1217 ejusque
646 1168 682 1204 in
706 1168 976 1206 justinianum
1005 1169 1016 1206 l
1047 1169 1292 1208 avunculum
1314 1171 1393 1221 pic—

445 1236 525 1268 tate
543 1259 552 1274 ‚
583 1231 666 1268 libri
693 1230 754 1268 lv,

497 1292 677 1330 l'rodiere
698 1292 793 1331 llaec
815 1292 946 1331 addito
975 1294 1206 1331 recentioris
1231 1295 1394 1345 scripto-

443 1357 496 1392 ris
521 1356 621 1393 Petri
645 1354 837 1405 Apollonii
858 1355 1012 1394 Collatii
1036 1355 1096 1405 (de
1113 1367 1190 1406 quo
1215 1368 1333 1407 supra
1356 1369 1391 1407 p.

448 1417 543 1464 ¹24.)
569 1418 743 1455 carmine
768 1416 816 1455 de
840 1417 991 1456 excidio
1014 1419 1390 1469 Ilicrosolymitano:

443 1490 534 1517 eum
566 1479 670 1516 notis
700 1478 816 1517 Mich.
842 1482 874 1527 c)
900 1479 1036 1518 Ruizit'
1062 1479 1268 1531 Assagrii7
1306 1482 1391 1519 sive

442 1541 490 1578 de
515 1540 691 1589 Azagra,
716 1541 900 1580 Celtiberi
922 1571 930 1590 ‚
961 1541 1097 1581 Antw.
1125 1544 1219 1582 4584
1243 1575 1254 1592 ,
1287 1545 1322 1582 8.
1354 1548 1393 1581 et

443 1616 535 1641 rum
565 1602 728 1642 Thomae
752 1603 974 1654 Deinpsteri
990 1604 1025 1653 d)
1047 1604 1396 1644 animadversioni-

442 1665 519 1703 bus
538 1695 545 1711 ,
568 1666 686 1703 Paris.
715 1667 831 1713 4646,
854 1668 887 1703 8.
914 1678 1141 1717 quanquam
1168 1668 1254 1717 ejus
1277 1680 1394 1707 curas

442 1727 490 1765 acl
507 1728 827 1765 emendationem
852 1730 991 1767 Poetae
1012 1741 1152 1779 parum
1178 1730 1395 1782 secisseju-

445 1790 547 1827 dieat
565 1789 755 1829 Bartlu'us
776 1790 835 1839 (ad
854 1792 968 1829 Statii
985 1791 1172 1830 Thebaid.
1189 1793 1274 1839 ΧΠ,
1293 1793 1395 1842 448.)

444 1865 465 1890 a
491 1865 568 1903 quo
590 1854 672 1903 ipso
694 1854 849 1904 Corippi
875 1854 988 1904 plura
1013 1854 1050 1890 in
1076 1853 1326 1894 Adversariis
1354 1856 1397 1893 il-

448 1914 669 1953 lustrantur
689 1945 696 1963 ,
717 1915 821 1954 sieut
846 1919 885 1953 et
906 1917 943 1953 in
964 1916 1126 1954 Joannis
1141 1917 1297 1955 Meursii
1315 1918 1397 1956 Cri—

447 1977 523 2013 tieo
547 1975 771 2015 Arnobiano
802 1988 887 2027 pag.
916 1977 1005 2016 449.
1034 1978 1160 2016 Ruizii
1184 1978 1397 2018 editionem

447 2043 611 2077 secutus
639 2038 822 2078 Andreas
852 2039 1045 2088 Rivinus,
1082 2041 1148 2089 qui
1183 2041 1394 2092 Corippum

456 2099 587 2138 recudi
611 2102 767 2139 curavit
789 2102 874 2139 sine
898 2103 1002 2139 notis
1026 2102 1178 2151 Lipsiae
1203 2103 1330 2150 4653,
1360 2105 1394 2141 8.

455 2162 630 2211 Denique
654 2162 921 2201 emendatiora
943 2168 1107 2201 curante
1132 2163 1293 2202 Nicolao
1318 2165 1398 2204 Rit—

452 2222 656 2271 terslmsio,
686 2229 799 2262 notas
819 2224 1037 2275 subjunxit.
1055 2224 1218 2264 Altdors.
1240 2227 1394 2275 4664,4.

452 2283 626 2321 Cornelii
645 2283 820 2323 Archelai
840 2287 1170 2325 commentarium
1203 2288 1393 2328 ineditum

451 2346 486 2381 in
512 2347 723 2397 Corippum
747 2353 938 2386 memorat
967 2348 1164 2387 Adrianus
1187 2361 1208 2388 a
1235 2352 1395 2389 Catten-

450 2411 546 2455 l›ur5.⁷
572 2410 607 2446 in
640 2409 876 2448 Bibliotheca
909 2412 1272 2451 Remonstrantium
1306 2426 1389 2464 pag.

450 2474 483 2508 6.
512 2471 818 2510 ornatissimum
848 2473 953 2511 hunc
978 2472 1089 2511 ultra
1112 2473 1288 2514 seculum
1315 2488 1391 2526 quo

447 2534 559 2580 vixit.
580 2537 619 2570 et
634 2532 815 2572 ultimum
841 2535 1053 2572 Poetarum
1075 2541 1189 2574 vocat
1209 2527 1392 2578 Barthius

447 2596 493 2633 ad
519 2595 719 2634 Claudian.
740 2607 825 2647 pag.
849 2598 894 2645 67
919 2601 959 2635 et
985 2597 1082 2645 459,
1107 2597 1282 2650 satisque
1297 2612 1392 2639 sua-

450 2670 532 2695 rem
557 2657 595 2695 in
618 2657 947 2709 descriptionibus
964 2671 999 2710 p.
1024 2659 1146 2708 4258,
1181 2660 1278 2699 adeo
1301 2674 1394 2701 vero

445 2731 630 2770 pressum
669 2724 704 2759 et
733 2720 960 2772 jucundum
995 2719 1041 2759 ob
1077 2721 1396 2774 aequabilitatem

500 2857 532 2891 a)
558 2857 680 2893 paneg.
703 2857 865 2886 Anastasii
889 2865 921 2888 v.
944 2855 984 2886 48
1005 2855 1122 2896 fessae
1144 2858 1311 2889 miserere
1342 2867 1397 2890 se-

441 2902 558 2931 ner-{m-
585 2906 615 2931 et
643 2910 761 2941 paneg.
801 2904 923 2933 Justini
960 2911 990 2934 v.
1030 2903 1071 2934 57
1108 2904 1206 2934 senio
1233 2905 1399 2937 dextram

443 2952 498 2989 μίν
523 2952 667 2991 prirriye
690 2951 796 2990 sesso,

500 3002 534 3039 a)
557 3002 626 3032 Lib.
654 3001 680 3034 l.
703 3010 734 3033 v.
762 3001 828 3033 1515.
849 3003 980 3033 Ordine
1003 3012 1067 3043 pro
1086 3012 1203 3034 rerum
1225 3005 1400 3037 vocitatus

442 3053 533 3080 snm
557 3052 682 3090 putati.
720 3056 750 3082 et
777 3052 834 3083 lib.
857 3054 888 3083 ⁶2.
913 3062 943 3083 v.
966 3054 1040 3084 286.
1062 3054 1250 3085 Successor
1285 3057 1400 3087 soceri

440 3103 554 3136 ltu-tus
578 3111 662 3131 moa·
687 3103 781 3133 Cura
805 3103 922 3141 palati
946 3107 1010 3134 cst.

501 3150 520 3178 b
559 3153 732 3189 l‘erperain
756 3152 936 3183 ,Iohannes
961 3154 1106 3183 Ruizius
1130 3153 1162 3185 in
1180 3155 1304 3187 Nicolai
1327 3159 1394 3187 An-

443 3201 522 3228 tonii
548 3200 749 3231 bibliotheca
775 3203 918 3240 Hispana
943 3207 1023 3234 tom.
1051 3205 1157 3243 primo
1180 3213 1255 3245 pag.
1276 3206 1350 3236 592.

503 3257 518 3275 iz
557 3250 591 3278 ln
616 3251 787 3287 Erythraei
807 3252 1020 3290 plnacotheca
1047 3255 1071 3284 Ι.
1095 3262 1168 3294 pag.
1190 3255 1231 3285 95
1253 3256 1334 3295 (ubi
1353 3257 1392 3288 de

444 3298 655 3334 lic-mptiero)
682 3304 832 3338 typorum
858 3303 939 3332 vitio
974 3303 1121 3344 Crispus
1144 3306 1240 3344 poeta
1262 3305 1390 3338 Africa-

444 3353 503 3374 uu<
529 3347 715 3377 nominatur
737 3357 794 3387 pro
818 3352 969 3390 Corippo.

1212 242 1638 283 CRIBELLUS

1470 316 1590 369 scyli,
1621 322 1658 357 et
1684 320 1910 360 acuminum
1929 322 2127 373 quendam
2152 311 2414 374 opportunum

1470 384 1713 430 contemtum,
1731 382 1928 423 uidemus
1943 384 2182 436 quibusdam
2206 396 2308 436 quae
2325 383 2415 436 pla-

1469 454 1516 481 ne
1541 442 1769 483 barbariem
1795 445 1992 496 redolent,
2017 448 2093 487 viJ:
2114 447 2176 486 illo
2197 446 2412 499 quisquam

1471 504 1724 546 Christianus
1747 508 1801 546 sit
1819 519 2013 560 superior.

1520 569 1718 608 Leodoreoe
1755 572 1839 610 sive
1873 571 2101 611 Leodrisius
2137 571 2411 620 (Ludovicus)
2462 558 2469 569 ⁸

1468 631 1745 672 CRIBELLUS
1768 634 2082 685 Mediolanensis,
2106 634 2320 674 defunctus
2340 633 2413 672 An.

1472 693 1582 732 4463.
1606 694 1653 732 ad
1692 707 1811 745 quem
1850 701 2010 736 exstant
2042 698 2239 736 Francisci
2263 696 2415 736 Philelss

1468 755 1665 804 lipistolae
1684 761 1724 794 et
1739 758 1871 795 Jacobi
1891 759 2165 797 Piccolominei
2181 757 2414 805 Cardinalis,

1468 828 1541 855 nee
1566 827 1642 854 non
1664 817 1811 857 AEneae
1841 820 1964 869 Sylvii
1982 849 1990 868 ,
2011 826 2148 871 postea
2171 822 2224 860 l’ii
2246 822 2290 859 ll.
2321 821 2416 859 Ver-

1468 880 1515 916 tit
1538 889 1558 915 e
1590 879 1738 917 Graeco
1767 881 1903 918 Latine
1934 881 2082 932 Orphei
2115 881 2413 934 Aryonautica,

1467 952 1568 990 quae
1593 941 1710 978 etiam
1735 941 1865 980 lucem
1889 942 1988 981 vidit
2006 944 2138 982 versio
2175 943 2224 982 ad
2260 945 2410 983 calcem

1469 1002 1651 1041 editionis
1675 1002 1821 1053 Orphei
1845 1002 2011 1043 Aldinae
2035 1005 2137 1044 4523
2160 1034 2169 1053 ,
2193 1006 2230 1043 8.
2254 1004 2420 1056 lit-Epi-

1470 1064 1608 1104 stolam
1633 1066 1672 1103 S.
1701 1063 1976 1116 Clzrysostomi
2009 1065 2063 1104 ad
2086 1066 2300 1118 Cyriacum
2323 1066 2419 1117 Epi-

1465 1139 1634 1179 scopum.
1657 1128 1822 1177 Scripsit
1845 1132 2050 1178 praeterea
2073 1128 2225 1168 editum
2247 1140 2374 1180 nuper
2393 1140 2416 1167 a

1466 1191 1692 1230 Clarissimo
1725 1191 1934 1229 Mnratorio
1972 1195 2068 1229 tom.
2114 1191 2209 1231 XIX
2232 1220 2241 1240 ‚
2280 1202 2413 1231 rerum

1468 1254 1691 1292 Italicarum
1710 1282 1718 1301 ,
1735 1253 1790 1291 De
1803 1252 1887 1291 vita
1903 1256 1941 1292 et
1966 1251 2087 1292 rebus
2104 1253 2226 1305 qestis
2241 1252 2415 1306 Sfortiae

1468 1317 1628 1368 ejusque
1661 1314 1738 1367 filii
1760 1315 1970 1354 Francisci
1998 1306 2171 1368 Sfortiae
2184 1347 2196 1366 ,
2221 1316 2416 1356 vice-‹Co-

1470 1380 1609 1417 mitum
1639 1390 1684 1417 ac
1705 1379 1858 1417 Ducum
1881 1378 2252 1428 Mediolanensium,
2272 1378 2320 1418 ab
2338 1378 2413 1417 An.

1467 1441 1567 1480 4369
1592 1440 1641 1479 ad
1665 1441 1789 1490 1424,
1811 1446 1896 1480 tum
1920 1441 2078 1480 Librum
2099 1440 2145 1480 de
2164 1439 2410 1493 expeditione

1467 1503 1532 1542 Pii
1565 1504 1617 1541 ΙΙ.
1661 1503 1856 1555 Pontificis
1887 1502 2084 1542 adversus
2125 1502 2299 1553 Turcas,
2336 1502 2414 1542 An.

1468 1567 1568 1605 4464
1591 1567 1656 1616 qui
1670 1565 1813 1615 juniori
1834 1565 2031 1604 Leodrisio
2048 1565 2251 1606 cribelloa
2272 1565 2418 1605 Claris-

1469 1630 1568 1667 simo
1593 1630 1708 1668 Saxio
1732 1628 1938 1667 tribuitur:
1955 1628 2266 1679 Explauationes
2282 1626 2322 1665 in
2339 1627 2414 1666 De-

1468 1691 1677 1731 cretaliwn
1701 1691 1879 1743 primum
1905 1702 1953 1729 ac
1987 1688 2201 1729 secundum
2237 1688 2415 1729 Librum.

1468 1753 1627 1805 Eleyias
1652 1766 1771 1794 unam
1789 1753 1837 1792 ad
1852 1755 1871 1791 J
1877 1753 2043 1792 acobum
2063 1752 2312 1792 Cardinalem
2335 1753 2417 1791 Pie--

1468 1818 1730 1856 colomineum
1761 1820 1800 1855 et
1824 1816 1989 1854 alteram
2013 1815 2061 1854 ad
2101 1816 2292 1854 Lazarum
2324 1815 2418 1854 Sca-

1471 1890 1647 1930 rampam
1674 1908 1681 1927 ,
1711 1878 1785 1917 An.
1818 1879 1911 1917 4464
1961 1878 2134 1917 electum
2174 1878 2412 1918 Comensem

1469 1942 1735 1992 Episcopum:
1768 1939 1975 1979 Orationes
1998 1938 2126 1990 duas,
2157 1950 2278 1979 unam
2307 1939 2416 1978 habi-

1470 2007 1550 2042 tam
1585 2002 1633 2041 ad
1671 2003 1924 2041 Franciscum
1956 2002 2165 2051 Sfortiam,
2202 2000 2416 2040 Modoetiae

1470 2064 1544 2103 An.
1572 2065 1672 2104 4450
1697 2069 1736 2103 et
1758 2065 1923 2103 alteram
1949 2063 1997 2102 de
2021 2062 2200 2113 ejusdem
2219 2064 2416 2107 Francisci

1471 2126 1697 2176 triumphali
1720 2127 1901 2177 ingressu
1926 2127 1965 2163 in
1987 2125 2131 2164 Urbem
2151 2124 2414 2164 Mediolanen-

1471 2200 1568 2227 sem.
1589 2188 1684 2227 Vide
1700 2189 1874 2227 Diarium
1891 2186 2148 2227 Eruditorum
2165 2187 2298 2226 ltaliae
2320 2190 2416 2225 tom.

1470 2251 1567 2298 XV,
1596 2261 1682 2301 pag.
1723 2250 1822 2299 303,
1849 2261 1959 2300 seqq.
1992 2253 2033 2288 et
2060 2248 2220 2300 Josephi
2257 2248 2417 2288 Antonii

1470 2313 1574 2351 Saxii
1590 2312 1807 2363 Epistolam
1831 2312 1879 2351 ad
1894 2312 2151 2350 Muratorium
2169 2324 2177 2349 :
2194 2310 2295 2350 Acta
2314 2312 2416 2350 Eru-

1466 2375 1579 2413 ditor.
1604 2373 1678 2413 An.
1704 2374 1818 2423 4733,
1843 2385 1928 2425 pag.
1954 2373 2043 2413 353.

1520 2437 1538 2459 *
1567 2436 1678 2476 Alter
1701 2438 1748 2476 ab
1774 2438 1871 2484 isto,
1905 2436 1954 2474 de
1978 2447 2056 2486 quo
2090 2435 2153 2475 hic
2188 2436 2414 2482 Fabricius,

1465 2504 1527 2538 est
1556 2499 1786 2539 Laudrisius
1816 2499 2012 2538 Cribellus
2049 2499 2208 2538 Praetor
2243 2500 2415 2538 Brixiam

1466 2563 1616 2613 populi,
1640 2563 1755 2601 cuius
1779 2565 1918 2600 extant
1940 2561 2140 2612 Epistolae
2158 2561 2354 2612 quaedam
2369 2561 2416 2600 de

1467 2624 1627 2675 neqotiis
1646 2623 1816 2676 politicis
1839 2635 2001 2664 suorum
2026 2628 2249 2675 temporum
2279 2624 2417 2675 vulga-

1468 2693 1529 2727 tae
1545 2700 1567 2726 a
1583 2689 1806 2726 Muratorio.
1833 2688 1889 2726 De
1914 2688 2036 2737 antiq.
2059 2686 2174 2726 Medii
2197 2684 2298 2726 Aevi
2317 2690 2413 2724 tom.

1471 2752 1490 2788 4
1510 2780 1518 2797 ‚
1542 2762 1627 2802 pag.
1654 2749 1729 2788 497
1754 2761 1855 2800 quae
1880 2760 2019 2788 omnes
2042 2748 2232 2800 epistolae
2261 2758 2327 2788 res
2350 2760 2417 2800 po-

1470 2815 1596 2852 liticas
1612 2812 1685 2851 An.
1705 2812 1819 2851 4234.
1841 2815 1881 2850 et
1895 2813 2074 2862 proxime
2095 2813 2313 2861 sequentes
2331 2813 2418 2848 tan-

1468 2880 1584 2927 gunt.

1523 2939 1666 2977 Petrus
1690 2937 1922 2977 CltllN'lTUS
1949 2936 1983 2985 a)
2009 2936 2286 2986 Florentinus‚
2315 2936 2416 2974 Lau-

1469 3002 1583 3040 rentii
1610 2999 1860 3039 Laurentiani
1876 3030 1888 3048 ,
1914 2999 2092 3037 Politiani
2115 3001 2155 3037 et
2175 2997 2325 3047 Ugolini
2343 2997 2417 3035 Ve-

1469 3064 1541 3101 rini
1569 3061 1809 3112 discipulus,
1834 3061 1978 3098 florens
2001 3060 2156 3110 ingenio
2185 3058 2279 3096 obiit
2310 3069 2414 3096 anno

1468 3123 1877 3175 undequadragesimo
1915 3122 2057 3159 aetatis
2085 3119 2159 3159 sub
2188 3119 2295 3158 initia
2331 3130 2417 3159 sae-

1516 3258 1548 3296 a)
1577 3261 1736 3290 Hetrusca
1760 3255 1893 3286 nomine
1918 3253 2059 3286 Riccius
2074 3277 2086 3293 ,
2104 3256 2188 3284 teste
2205 3253 2322 3285 Jovio:
2346 3261 2423 3293 per-

1456 3307 1532 3339 inde
1554 3311 1592 3339 ut
1616 3307 1701 3339 alter
1723 3308 1840 3337 Petrus
1867 3305 2013 3335 Cr‘ui'itus
2037 3302 2102 3343 (de
2124 3310 2191 3343 quo
2214 3303 2319 3343 mox)
2342 3306 2424 3337 Ger-

1456 3359 1583 3389 manice
1606 3354 1834 3397 appellabatur
1860 3356 1994 3386 llaarer.
