2500 4009
451 212 523 251 172

447 285 552 317 tomo
570 278 632 316 lv.
652 280 764 317 Parte
782 277 824 314 ll.
851 275 981 314 Colon.
1001 275 1102 314 1618
1124 280 1228 314 tomo
1250 276 1334 316 v111
1355 282 1395 315 et

449 341 624 386 Luedun.
654 339 753 377 «1677
788 342 891 374 tomo
915 337 1003 375 xul
1027 342 1066 375 et
1103 348 1195 376 cum
1219 339 1394 388 antiquis

448 402 678 439 lei-tionibus
693 399 838 436 canisii
854 398 1012 437 edition.
1023 400 1285 449 Basnagianae
1299 404 1391 439 tom.

446 465 488 500 ll.
514 461 622 507 Quod
659 459 986 511 .—111c1'pl1ras1'um,
1014 462 1178 499 Beatum
1204 461 1309 501 hunc
1337 461 1394 499 di-

444 534 541 561 xere
557 521 772 572 Elipandus
795 526 835 559 et
858 523 963 560 Felix
982 553 990 569 ,
1015 533 1092 560 non
1125 521 1394 562 contradicto-

444 596 523 620 rem
561 585 818 633 interpretor,
847 584 917 622 sed
954 595 1023 635 per
1059 584 1303 635 antiphrasin
1340 586 1392 624 ita

441 645 588 682 «lictum
613 646 698 683 sive
723 647 883 683 minime
903 645 1063 684 beatum
1082 675 1089 693 ‚
1110 645 1245 695 frigido
1266 656 1393 684 scom-

442 711 569 752 mate,
590 706 692 756 quod
720 708 755 744 in
781 707 948 745 Felicem
977 709 1195 758 retorqueri
1228 712 1390 759 poterat.

442 767 732 806 Commentario
755 769 840 807 sive
864 770 1012 808 Catena
1034 770 1194 809 Patrum
1226 769 1264 808 in
1294 769 1394 821 Apo-

439 828 631 880 calypsin.
644 841 744 879 quae
760 829 920 868 laudant
938 831 1033 870 Lud.
1049 830 1223 870 Alc-asar.
1241 843 1325 882 pag.
1343 833 1390 868 89

440 891 684 929 Mabillonius
697 896 737 929 et
755 892 817 930 alii
834 923 844 939 ,
862 903 976 930 nemo
993 892 1185 932 hactenus
1203 894 1239 931 in
1261 893 1390 931 lucem

441 952 612 1002 protulit.
660 954 939 1003 Fragmentum
984 957 1121 992 contra
1164 955 1197 992 F
1200 953 1394 992 otmarum

439 1014 541 1064 apud
563 1016 804 1053 stevartium
842 1027 929 1066 pag.
967 1016 1044 1054 243
1066 1027 1142 1054 non
1180 1017 1286 1054 Beati
1305 1021 1392 1063 est,

439 1078 628 1114 trecentis
643 1077 812 1126 amplius
827 1078 941 1115 annis
957 1077 1133 1115 Folmaro
1149 1077 1391 1127 antiquioris,

439 1138 506 1175 sed
521 1137 659 1176 Adami
676 1138 1087 1189 Reiehcrsbergensis,
1103 1138 1151 1177 dc
1167 1150 1244 1189 quo
1261 1150 1390 1190 supra.

491 1200 686 1238 Jlenrae'cus
718 1201 962 1239 BEBELIUS
999 1201 1266 1250 Justingensis
1296 1201 1392 1239 Sve—

441 1273 543 1306 vus,
565 1261 612 1299 ab
641 1261 713 1299 An.
742 1261 855 1301 «1497.
881 1262 1081 1313 Tubingae
1106 1262 1227 1300 bonas
1257 1262 1390 1299 literas

436 1322 593 1363 docuit,
617 1322 830 1362 defunctus
853 1327 942 1373 post
964 1322 1009 1362 A.
1036 1323 1150 1362 1514.
1185 1324 1226 1361 ln
1266 1324 1391 1362 Simo-

437 1386 496 1421 nis
516 1384 689 1423 Schardii
708 1385 965 1435 scriptoribus
985 1396 1116 1424 rerum
1137 1386 1390 1423 Germanica-

435 1458 522 1485 rum
546 1452 651 1485 tomo
671 1448 795 1497 primo
814 1451 854 1484 et
874 1447 911 1484 in
932 1446 1107 1485 Goldasti
1129 1447 1296 1497 politicis
1315 1448 1390 1485 lm-

434 1509 644 1558 perialibus
665 1513 802 1546 extant
821 1507 908 1558 ejus
928 1508 1059 1547 Oratio
1083 1507 1129 1546 (le
1153 1507 1388 1546 Germaniae

435 1568 644 1619 laiulibus,
671 1569 954 1608 demonstratio
991 1570 1207 1608 Germanos
1244 1568 1390 1620 indisse—

437 1642 508 1669 nas
530 1642 639 1670 esse:
658 1631 841 1682 Apologia
860 1644 934 1683 pro
956 1632 1077 1682 Impp.
1101 1632 1389 1670 Germanorum

435 1692 644 1743 disputate,
673 1699 808 1732 contra
844 1693 1089 1732 Leonarclmn
1121 1693 1390 1732 Justzm'anum

437 1756 631 1794 Venetum
651 1769 657 1793 :
701 1757 930 1793 Dissertatio
950 1785 957 1802 ,
996 1757 1279 1805 Imperatorem
1317 1757 1391 1794 Ro-

438 1816 862 1854 mano—Germanicam
881 1817 978 1867 jure
1004 1817 1387 1855 Christianissimum

437 1877 657 1929 appellari:
684 1878 855 1918 Libellus
883 1878 928 1917 de
966 1878 1256 1917 Germanorum
1287 1878 1389 1917 anti-

435 1940 581 1990 quitate
595 1971 605 1988 ,
628 1939 811 1992 imperio,
831 1941 951 1991 yestis
967 1972 977 1989 ‚
1003 1939 1180 1978 victoriis
1205 1943 1274 1978 etc.
1309 1940 1389 1979 Ad-

434 2001 531 2038 didit
551 2002 765 2040 schardius
783 2003 901 2040 etiam
922 2001 1009 2051 ejus
1030 2003 1220 2051 scriptum
1236 2001 1282 2040 cle
1302 2000 1387 2039 lau-

435 2060 549 2100 dibus
563 2064 778 2101 swevorum
793 2067 928 2100 eontra
947 2062 1136 2100 ‚iacobum
1153 2063 1388 2112 Bergomen-

435 2134 546 2169 sem,
582 2124 648 2172 qui
686 2134 754 2160 eos
786 2123 1013 2173 proditionis
1049 2122 1233 2161 Ludovici
1267 2124 1386 2162 Ducis

434 2183 581 2221 Mediol.
605 2188 798 2233 arguerat.
833 2183 947 2233 Apud
973 2183 1186 2222 Freherum
1223 2188 1328 2222 tomo
1352 2186 1384 2223 11

437 2256 566 2282 rerum
603 2246 924 2283 Germanicarum
961 2257 1045 2295 pag.
1069 2244 1144 2283 507
1164 2245 1276 2283 obvia
1299 2245 1385 2295 ejus

434 2306 564 2353 ecloga
587 2306 849 2355 Triumphalis
871 2306 917 2344 de
937 2305 1107 2344 victoria
1126 2306 1221 2358 Imp.
1251 2306 1387 2346 illam·-

435 2366 586 2404 miltani
619 2370 755 2404 eontra
790 2367 993 2415 Bohemos,
1023 2369 1176 2418 aliaque
1209 2369 1383 2407 carmina

433 2429 638 2478 quaedam.
655 2431 802 2468 Omitto
820 2430 892 2468 alia
909 2429 995 2479 ejus
1014 2428 1381 2479 opusculajunctim

431 2490 533 2528 edita
557 2502 647 2529 cum
671 2491 796 2529 libello
816 2491 862 2529 cle
887 2494 1150 2530 [fontanorum
1170 2489 1382 2541 Maqistrw

431 2550 534 2589 tibus
569 2556 606 2590 et
638 2552 901 2602 sacerdotiis,
941 2558 980 2591 et
1018 2555 1162 2604 scripto
1200 2552 1246 2590 de
1263 2553 1379 2604 passis

430 2616 647 2652 Soet-oram
664 2646 673 2662 r,
699 2614 796 2653 etde
818 2615 991 2653 Neccaro
1012 2614 1182 2665 flumine.
1213 2614 1372 2666 Argent.

434 2678 531 2714 15¹3
549 2706 556 2721 ,
578 2678 597 2714 4
614 2689 714 2727 quae
735 2690 754 2715 a
770 2678 934 2716 suniero
957 2681 1252 2715 enumerantur.
1266 2678 1377 2716 Prae-

431 2743 533 2775 terea
551 2738 596 2776 (le
612 2738 822 2777 mendaciis
830 2738 1078 2790 quorundam
1087 2738 1374 2778 historicorum:

430 2804 552 2837 artem
563 2800 846 2839 eomlemlorum
855 2800 1087 2848 carminum,
1098 2801 1259 2851 Tubing.
1274 2803 1374 2840 1331ἕῷ

432 2861 712 2900 Institutionem
730 2875 947 2913 puerorum
962 2894 972 2911 ,
996 2862 1238 2914 triumphum
1263 2864 1376 2902 Vene-

430 2923 506 2969 ris,
531 2924 619 2962 ibid.
646 2926 816 2964 Carmen
838 2925 877 2963 in
895 2926 1085 2976 asophum
1110 2924 1377 2964 Pseudo-Pro-

427 2984 581 3033 phetam
596 3017 606 3033 Ι,
620 2985 785 3037 facetias
805 2989 960 3038 saepius
977 2989 1105 3038 praelo
1123 2989 1284 3026 iteratas
1299 2992 1372 3026 etc.

483 3047 722 3098 Lndolplzns.
752 3050 836 3086 sive
861 3049 1054 3100 Lupoltlus
1081 3050 1129 3087 ab
1158 3050 1373 3100 Eglosstein

432 3109 804 3149 {iiiiii-Lxssliliiiit's
822 3110 975 3159 vossio,
997 3113 1081 3150 aliis
1099 3112 1374 3151 BABENBER-

431 3170 567 3215 aits,
593 3172 628 3208 il.
653 3184 685 3209 e.
713 3173 1010 3223 Banibergensis
1039 3175 1281 3225 Episcopus,
1305 3174 1371 3224 qui

433 3230 523 3266 obiit
548 3232 618 3268 An.
643 3235 753 3272 1341.
779 3236 921 3274 Exstat
944 3235 1030 3285 ejus
1050 3237 1145 3276 liber
1160 3237 1290 3276 editus
1304 3238 1373 3274 Ba-

433 3290 548 3327 sili-ui·
580 3294 674 3330 1107
707 3295 775 3333 hoe
806 3298 940 3335 titulo:
965 3300 1250 3340 Germanorum
1273 3301 1372 3338 vete-

1248 207 1615 251 BEBELlUS

1469 289 1559 317 rum
1579 278 1807 332 Principum
1824 281 1855 319 Z
1859 280 1943 320 elus
1961 292 2009 319 ac
2021 279 2159 333 servor
2173 281 2213 320 in
2228 280 2418 321 Christia-

1466 351 1557 378 nam
1577 340 1812 393 Relz'yionem
1830 371 1838 391 ,
1851 354 1927 393 per
1945 342 2165 393 Lupoldum
2175 341 2416 394 Bebenbury.

1465 401 1611 441 Deinde
1632 414 1802 442 recusus
1827 404 1985 454 saepius
2002 435 2011 452 ,
2028 405 2145 447 etiam
2167 406 2339 444 insertus
2357 404 2418 444 Bi-

1464 464 1666 503 bliothecis
1689 466 1849 503 Patrum
1873 465 2031 503 edition.
2062 466 2194 506 Colon.
2217 470 2323 504 tomo
2344 466 2416 505 XV

1463 530 1503 564 et
1519 525 1694 576 Ludgun.
1710 529 1815 563 tomo
1838 526 1978 564 XXVI.
2004 528 2139 565 Simon
2160 539 2254 566 vero
2276 527 2417 566 Sohar-

1464 587 1553 626 dius
1573 587 1790 626 collectioni
1814 597 1908 625 suae
1931 587 1980 625 de
2003 592 2198 638 potestate
2222 588 2415 639 Imperiali

1463 653 1503 686 et
1518 649 1792 687 Ecclesiastiea
1811 659 1887 686 non
1904 648 2010 686 hunc
2030 649 2144 687 modo
2158 648 2228 687 sed
2247 649 2415 689 alterum
2486 650 2498 661 ⁸

1464 721 1620 760 quoque
1642 708 1820 759 ejusdem
1845 709 2006 760 Lupoldi
2038 709 2182 749 librum
2221 711 2413 759 inseruit,

1467 771 1580 810 Basil.
1619 772 1719 810 1566
1744 770 1804 808 fol.
1838 781 1924 822 pag.
1949 769 2024 810 167
2047 770 2094 809 de
2118 771 2216 823 jure
2237 771 2361 822 Requi
2379 774 2416 809 et

1467 832 1636 884 Imperii.
1660 832 1755 871 Vide
1779 832 1988 880 vossium,
2013 832 2226 883 Sandiique
2249 832 2298 872 ad
2322 844 2414 872 eum

1466 901 1590 933 notas.
1626 895 1681 933 De
1712 894 1799 932 aliis
1840 894 2076 934 editionibus
2111 893 2413 934 Hendreichium

1467 968 1551 1008 pag.
1573 956 1659 995 372.
2190 979 2196 990 ι

1521 1016 1865 1058 BEBENllUSANl
1880 1015 2051 1056 Annales
2066 1017 2114 1056 ab
2133 1016 2246 1057 Anno
2262 1018 2412 1059 CHristi

1468 1081 1567 1119 1160
1588 1079 1633 1118 ad
1661 1081 1759 1119 1400
1778 1081 1815 1118 in
1839 1085 1945 1118 tomo
1960 1079 2111 1118 decimo
2130 1083 2315 1118 veterum
2332 1091 2412 1118 mo-

1467 1146 1744 1180 numentorum
1754 1153 1797 1180 ac
1813 1141 2073 1193 diplomatum
2087 1141 2316 1180 nobilissimi
2331 1141 2411 1180 Viri

1466 1205 1626 1243 Joannis
1651 1205 1751 1242 Petri
1775 1203 1976 1254 Ludewig.

1522 1267 1773 1305 BEBIANUM
1792 1267 1948 1304 Po'etam
1964 1265 2138 1316 Gangius
2151 1269 2311 1304 annotat
2332 1264 2412 1303 edi-

1462 1332 1546 1367 tum
1562 1339 1653 1366 cum
1676 1328 1828 1367 Victore
1850 1327 2066 1366 Massilensi
2082 1326 2154 1366 An.
2173 1326 2274 1366 1560
2291 1338 2326 1378 p.
2343 1327 2405 1365 96.

1463 1390 1571 1428 Illam
1580 1390 1789 1427 editionem
1803 1390 1970 1428 Victoris
1985 1393 2139 1428 curavit
2154 1389 2256 1428 Guil.
2273 1389 2410 1428 Morel-

1465 1452 1525 1491 lus
1544 1453 1683 1490 Parisis
1707 1453 1743 1489 in
1769 1451 1840 1501 8'0,
1861 1462 1961 1501 quae
1975 1462 2065 1490 cum
2082 1450 2175 1490 mihi
2198 1450 2247 1490 ad
2267 1461 2409 1490 manus

1465 1525 1538 1552 non
1565 1515 1633 1562 sit,
1655 1513 1782 1564 qualis
1807 1514 1858 1552 sit
1880 1513 1945 1551 ille
1966 1513 2176 1563 Bebianus,
2205 1525 2282 1552 non
2323 1524 2411 1564 pos-

1464 1587 1553 1615 sum
1577 1576 1725 1623 dicere,
1748 1587 1839 1614 cum
1861 1574 2148 1614 Hendreichius
2169 1585 2325 1625 quoque
2345 1574 2412 1613 de-

1465 1638 1589 1686 ludat,
1612 1639 1680 1688 qui
1704 1650 1739 1688 p.
1779 1638 1852 1675 469
1891 1638 1944 1676 ait
1977 1635 2232 1687 Anonymum
2254 1641 2410 1688 poetam

1463 1698 1510 1737 (le
1531 1698 1698 1738 Bebiani
1717 1698 1926 1751 baptismO,
1949 1701 1986 1737 et
2005 1698 2149 1737 uoeori's
2167 1699 2252 1750 ejus
2277 1697 2411 1749 Aprae

1463 1759 1570 1799 obitu
1589 1762 1775 1810 Carmen,
1801 1766 1957 1800 exstare
1978 1762 2017 1798 in
2046 1762 2206 1799 Patrum
2232 1760 2410 1799 Biblioth.

1514 1824 1791 1863 BECCENSIS
1813 1823 2000 1861 Abbatiae
2023 1821 2243 1862 Chronicon
2263 1822 2312 1862 ab
2336 1823 2410 1862 An.

1461 1885 1699 1925 fundationis
1728 1885 1822 1925 1031
1857 1884 1906 1924 ad
1942 1883 2016 1923 An.
2059 1883 2159 1924 1467
2180 1883 2230 1924 ad
2258 1885 2407 1924 calcem

1459 1958 1621 1997 operum
1646 1947 1848 1985 Lanfranci
1885 1946 2180 1986 Cantuariensis
2195 1946 2412 1986 “editorum

1459 2020 1481 2047 a
1506 2010 1609 2047 Luca
1628 2008 1834 2054 Dacherio,
1859 2008 1975 2045 Paris.
1999 2007 2112 2046 1648.
2138 2007 2201 2046 fol.

1512 2069 1532 2092 *
1552 2068 1611 2107 Ad
1651 2068 1870 2108 Chronicon
1907 2068 2012 2106 istud
2049 2069 2247 2107 Beccense
2284 2069 2413 2109 varias

1459 2130 1646 2168 lectiones
1669 2134 1709 2168 et
1731 2128 1950 2167 additiones
1972 2140 2022 2168 ex
2040 2129 2116 2168 MS.
2134 2129 2227 2170 Cod.
2244 2131 2335 2170 olim
2353 2133 2414 2171 Bi-

1459 2190 1590 2236 blioth.
1615 2191 1786 2241 Reginae
1812 2191 1975 2229 Sveciae
1993 2201 2115 2230 nunc.
2130 2191 2328 2242 Vaticano,
2344 2193 2413 2233 de-

1458 2252 1514 2290 dit
1534 2254 1571 2291 P.
1596 2254 1767 2291 Martene
1792 2253 1875 2291 Vet.
1898 2252 2067 2292 Monum.
2089 2253 2143 2292 IX
2166 2264 2251 2305 pag.
2277 2255 2363 2294 105.

1514 2314 1675 2353 Thomas
1710 2315 1928 2364 BECKET,
1951 2313 2279 2367 Archiepiscopus
2308 2317 2411 2356 Can-

1457 2380 1556 2416 tuar.
1578 2376 1674 2415 Vide
1699 2375 1910 2416 TIIOMAS.

1511 2439 1565 2477 De
1590 2438 1739 2478 BEDAE
1778 2439 1929 2489 patria,
1962 2437 2183 2479 conditione
2211 2444 2252 2479 et
2279 2444 2408 2480 aetate

1456 2500 1549 2538 nihil
1573 2502 1722 2539 certius
1755 2501 1892 2539 afferre
1925 2500 2031 2549 licet,
2049 2512 2168 2551 quam
2196 2501 2300 2552 quod
2324 2503 2407 2553 ipse

1451 2562 1498 2600 ad
1529 2563 1675 2601 calcem
1712 2563 1902 2601 Historiae
1930 2560 2087 2613 Anglor.
2111 2567 2206 2602 tom.
2236 2564 2288 2602 ΙΙΙ
2318 2566 2406 2604 151.

1450 2626 1555 2662 llaec
1585 2624 1743 2662 Domino
1772 2623 1986 2677 adjuvante
2007 2623 2155 2676 diqessi
2180 2623 2289 2664 Beda
2315 2626 2411 2664 DEI

1445 2685 1620 2737 famulus
1664 2689 1701 2724 et
1743 2685 1956 2737 Presbyter
2002 2685 2235 2725 monasterii
2277 2684 2406 2725 beato-

1446 2760 1536 2787 rum
1571 2747 1840 2800 Apostolorum
1875 2746 1984 2786 Petri
2000 2752 2035 2786 et
2064 2746 2200 2798 Pauli,
2221 2747 2325 2800 quod
2348 2752 2407 2787 est

1447 2809 1500 2848 ad
1523 2809 1810 2851 Wirimundam
1833 2811 1873 2858 a)
1897 2813 1936 2848 et
1955 2809 2173 2861 Inqiruum.
2192 2809 2400 2860 Quinatus

1451 2873 1488 2911 in
1509 2871 1706 2911 territorio
1727 2871 1900 2924 ejusdem
1921 2871 2167 2922 monasterii,
2181 2872 2225 2921 b)
2241 2883 2330 2912 cum
2344 2883 2403 2912 es-

1499 3015 1532 3056 a)
1549 3015 1595 3046 Ad
1611 3016 1731 3047 ostium
1747 3015 1824 3045 Wiri
1841 3014 1958 3044 amnis.
1973 3012 2048 3045 vide
2060 3017 2189 3045 tomum
2202 3015 2241 3044 Vl
2258 3020 2335 3054 pag.
2346 3013 2404 3047 51.

1498 3065 1533 3104 b)
1557 3067 1670 3104 ltaque
1699 3072 1763 3095 non
1794 3066 1876 3094 Saxo
1902 3065 2081 3094 Germanus
2102 3061 2165 3094 ruit
2194 3063 2299 3102 Beda,
2326 3063 2402 3097 licet

1441 3115 1503 3146 hoc
1518 3121 1537 3145 a
1553 3114 1721 3146 Friderico
1744 3115 1895 3152 Langen,
1919 3115 1952 3143 et
1981 3111 2185 3151 Engelhusio
2219 3113 2401 3154 traditum,

1440 3172 1581 3204 quorum
1596 3164 1784 3195 testimonia
1799 3163 1916 3192 merito
1934 3161 1968 3192 in
1991 3159 2132 3192 dubium
2150 3166 2248 3193 vocat
2278 3163 2403 3195 Meibo-

1439 3216 1524 3245 mius
1540 3217 1628 3244 tomo
1647 3214 1672 3245 Ι.
1690 3214 1811 3243 Rerum
1827 3211 2096 3244 Germanicarum
2115 3218 2189 3251 pag.
2208 3211 2282 3244 809.
2298 3215 2400 3246 Natus

1439 3267 1549 3295 autem
1572 3264 1675 3303 possit
1704 3261 1806 3293 videri
1838 3263 1898 3291 An.
1922 3259 1984 3290 072
2013 3260 2191 3292 Historiam
2214 3262 2401 3302 Anglorum

1437 3313 1616 3346 absolvisse
1638 3314 1731 3343 Anno
1748 3311 1874 3343 curisti
1907 3308 1965 3342 751
1986 3311 2019 3343 et
2035 3310 2069 3343 ln
2099 3310 2162 3343 hoc
2183 3310 2256 3344 loco
2275 3319 2400 3346 annum
