2500 3841
885 207 1211 247 CONRADI

87 289 177 328 tatis
202 296 326 335 usque
340 284 652 330 amantissimuS,
670 282 765 321 adeo
786 293 861 321 non
882 282 1033 334 perdito

87 350 234 391 amavit
256 359 340 395 sua,
357 350 401 385 ut
424 344 610 397 quoniam
635 343 713 384 ista
734 343 813 383 sibi
838 355 1035 396 nusquam

85 412 183 452 satis
200 409 434 462 placerent,
459 407 542 446 ideo
564 406 678 446 malle
699 419 740 446 se
755 406 844 460 frui
860 407 1035 446 auorum

87 473 259 514 stultitia
278 505 288 523 ,
312 476 541 522 arroganter
565 471 628 509 vel
653 470 859 509 commode
884 472 1034 521 magis,

84 549 205 588 quam
229 537 394 575 humani
419 535 515 573 nihil
539 545 559 572 a
585 545 628 572 se
652 534 828 573 alienum
859 537 1005 583 putans
1025 564 1033 583 ,

80 599 328 650 judicaverit.

137 660 357 700 CONRADI
379 658 425 697 de
449 658 590 710 Nyzza
613 657 873 709 Congregatio
891 658 1034 696 multa-

85 735 174 763 rum
212 734 434 773 aquarum,
473 723 558 760 sive
597 731 804 759 sermones
846 721 944 758 varii
984 720 1032 758 de

85 786 265 833 Sanctis,
291 786 394 824 inter
412 784 541 823 MStos
574 783 738 823 Codices
771 783 1033 821 Bibliothecae

83 848 269 887 Paulinae
292 848 510 899 Lipsiensis
535 858 621 898 pag.
647 847 736 885 449.

136 909 404 950 CONRADUS
429 908 685 960 Pereyrz'nus,
708 909 946 956 Tolosanus,
964 908 1036 947 Or-

83 972 187 1011 dinis
219 972 562 1020 Praedicatorum,
591 974 694 1011 circa
715 971 877 1010 Annum
902 971 1002 1010 4290
1024 1000 1032 1020 ,

83 1033 200 1085 cujus
219 1035 426 1074 Sermones
445 1047 467 1073 a
487 1034 725 1084 quibusdam
747 1036 1030 1071 memorantur.

137 1096 404 1137 CONRADUS
414 1096 675 1147 Peutinyerus
691 1095 883 1134 Patricius
898 1093 1033 1143 Augu-

84 1163 224 1198 stanus
239 1164 358 1198 natus
374 1159 447 1198 An.
465 1162 478 1199 4
492 1160 579 1207 465
595 1158 835 1201 saeculiXV.
847 1167 1032 1207 magnam

81 1225 234 1272 partem
257 1221 386 1260 adhuc
410 1221 582 1260 vivendo
611 1221 765 1270 attigit,
802 1221 892 1258 licet
923 1229 1026 1257 anno

82 1285 223 1322 aetatis
246 1284 461 1322 LXXXIII.
493 1282 568 1321 An.
594 1284 642 1321 45
648 1281 708 1320 47.
730 1282 892 1321 demum
911 1281 1030 1320 rebus

82 1345 269 1384 humanis
283 1345 472 1384 valedixit
488 1346 552 1384 28.
572 1344 813 1383 Decembris.
835 1344 1029 1390 Quoniam

91 1411 132 1446 et
168 1409 298 1459 ipsum
327 1408 430 1446 inter
469 1408 758 1446 instauratores
780 1408 1030 1445 nascentium

82 1470 304 1510 litterarum
342 1470 431 1520 jure
468 1473 699 1521 computare
733 1468 828 1507 mihi
868 1467 1030 1517 videor,

83 1534 202 1584 igItur
223 1533 272 1572 de
301 1531 389 1583 ejus
419 1533 458 1571 in
496 1533 649 1571 litteras
686 1532 837 1570 meritis
876 1530 1031 1569 dicendi

79 1596 328 1634 occasionem
352 1595 454 1635 hanc
477 1595 582 1634 nolui
606 1595 938 1646 praetermittere.
961 1595 1032 1632 Po-

81 1662 165 1696 tero
180 1661 313 1697 autem
330 1658 518 1697 brevibus
537 1657 716 1707 defungi,
738 1657 925 1706 quoniam
947 1657 1030 1695 vita

82 1718 170 1769 ejus
205 1724 246 1758 et
267 1720 391 1770 elogia
411 1721 556 1771 scripta
580 1724 674 1758 sunt
697 1730 719 1758 a
743 1719 905 1763 multis,
928 1719 1032 1757 Hen-

83 1784 162 1820 rico
178 1783 434 1830 pantaleone,
451 1782 658 1821 Melchiore
674 1780 843 1828 Adamo,
859 1779 1027 1818 Antonio

85 1844 279 1882 Teisserio
303 1845 340 1881 in
365 1844 500 1894 elogiis
524 1843 737 1890 Thuaneis,
757 1843 895 1881 Vossio
913 1872 921 1889 ,
940 1843 1032 1881 Sec-

84 1905 309 1955 kendorfio,
333 1905 557 1945 Christiano
580 1904 776 1943 Junckero
801 1905 873 1953 (im
897 1905 1030 1943 Ehren

83 1967 326 2006 Gedachtnis
347 1968 508 2007 Lutheri
531 1980 568 2019 p.
595 1968 684 2014 483)
707 1971 747 2005 et
773 1978 793 2005 a
819 1967 1029 2005 Nisserone

83 2034 177 2068 tom.
202 2031 320 2079 XIII,
344 2031 621 2069 Memoriarum
652 2041 738 2080 pag.
771 2029 869 2076 328,
900 2032 940 2067 et
963 2040 1032 2067 no-

84 2093 250 2131 vissime
265 2104 286 2132 a
303 2093 346 2132 V.
365 2093 408 2132 C.
428 2093 607 2131 Johanne
631 2092 795 2142 Georgio
815 2092 971 2129 Lottero
992 2092 1030 2128 in

85 2155 263 2206 Epistola
297 2155 345 2194 ad
385 2154 527 2194 Virum
571 2154 773 2204 egregium
809 2153 1029 2191 Johannem

84 2216 296 2269 Georgium
321 2217 626 2257 Schelhornium
650 2216 698 2255 de
719 2214 890 2266 junctim
910 2215 1030 2253 eden-

83 2278 145 2318 dis
155 2281 378 2331 Peutingeri
389 2279 739 2327 lucubrationibus,
751 2279 902 2330 Lipsiae
913 2281 926 2318 4
939 2278 1007 2318 734
1021 2308 1028 2327 ,

84 2342 119 2378 ,4.
143 2341 240 2380 Acta
253 2342 511 2382 Eruditorum
528 2340 562 2380 A
581 2341 696 2391 4734,
720 2352 806 2392 pag.
830 2340 1028 2380 496.Acta

84 2404 341 2443 Eruditorum
373 2405 606 2444 Germanica
645 2405 748 2442 Sect.
796 2403 865 2441 461
884 2434 895 2451 ,
934 2407 1027 2441 tom.

83 2467 190 2515 XIV,
227 2478 263 2517 p.
303 2465 390 2505 377.
429 2468 485 2506 De
514 2467 661 2505 Tabula
700 2467 826 2504 veteri
860 2465 1030 2515 Geogra-

84 2529 198 2580 phica
230 2530 532 2580 Peutingeriana
556 2530 594 2566 in
622 2527 861 2566 Bibliotheca
894 2528 1029 2565 Latina

84 2592 214 2630 dicere
236 2603 300 2630 me
323 2591 498 2629 memini.

138 2653 404 2693 CONRADUS
425 2651 683 2703 Philosophus
697 2683 708 2700 ,
734 2651 832 2689 infra
850 2680 858 2698 ,
882 2650 1032 2690 Conra-

84 2715 159 2756 dus
200 2714 439 2756 Schz'rensis.

135 2778 400 2820 CONRADUS
436 2775 680 2828 Praqensis,
720 2774 836 2825 cujus
868 2774 1031 2813 Postilla

82 2840 322 2881 studentium
366 2840 442 2879 MS.
482 2842 521 2877 in
563 2838 805 2878 Bibliotheca
842 2838 879 2875 S.
927 2838 1029 2876 Petri

82 2903 202 2954 hujus
225 2904 340 2942 Urbis
363 2901 685 2952 HamburgensiS.
709 2899 806 2938 Vide
830 2900 872 2937 B.
906 2901 1028 2938 nostri

80 2967 226 3006 Nicolai
239 2966 474 3018 Staphorstii
485 2965 693 3003 Historiam
704 2962 904 3001 Ecclesiae
916 2963 1030 3000 ilam-

81 3030 290 3080 burgensis
314 3033 407 3067 tom.
435 3027 512 3075 111,
541 3039 577 3077 p.
603 3026 678 3064 272
703 3055 710 3071 ,
735 3023 835 3072 284,
860 3024 949 3061 380.

135 3091 403 3132 CONRADUS
424 3088 653 3140 Presbyter,
675 3099 793 3138 snpra
814 3090 853 3124 ct
879 3086 1028 3125 Com-a-

83 3153 157 3194 dus
176 3167 202 3193 a
225 3155 350 3194 Mure.

134 3216 402 3258 CONRADUS
411 3215 457 3254 cle
473 3211 745 3264 Roncleizbery,
764 3211 894 3251 Abbas
909 3214 1025 3250 Joan-

82 3282 144 3319 nis
153 3281 350 3331 Baptistae
363 3277 649 3328 Rinaugiensis,
662 3277 908 3325 Moguntinae
923 3274 1026 3313 dioc-

82 3345 185 3382 cesis
206 3342 419 3382 defunctus
456 3340 529 3379 An.
556 3339 677 3387 4486,
702 3338 750 3376 de
773 3349 851 3388 quo
875 3338 1026 3376 Trithc—

1986 208 2061 253 387

1108 283 1304 333 miuscap.
1324 281 1473 331 860,de
1489 282 1527 320 S.
1544 282 1588 320 F..
1605 285 1645 320 et
1661 281 1873 321 illustrium
1895 284 2060 322 Benedi-

1108 345 1201 381 ctin.
1240 345 1290 392 ll,
1332 345 1427 392 442,
1467 345 1625 395 scripsit
1663 343 1709 382 cte
1742 345 2056 397 praeparatione

1109 405 1334 446 Sacerdotis
1356 410 1445 445 ante
1472 406 1664 455 Missam,
1691 408 1822 446 varias
1850 408 2057 448 Orationes

1109 467 1299 519 collectas,
1317 480 1417 520 quas
1433 471 1470 507 in
1485 470 1667 520 capitulis
1685 470 1732 509 ad
1751 471 1893 510 fratres
1909 471 2058 517 habuit,

1108 536 1148 570 ct
1170 531 1396 570 Orationem
1435 530 1482 569 de
1514 531 1636 570 ruina
1673 532 1829 582 cordis,
1862 533 2059 584 aliamque

1107 594 1156 632 de
1179 593 1313 632 causis
1335 593 1479 631 ruinae
1493 624 1504 642 ,
1529 599 1569 632 et
1592 595 1710 632 aliam
1732 594 1778 633 de
1801 607 1903 633 cura
1920 597 2058 634 Pasto-

1104 656 1196 695 ralt'.
1227 654 1527 695 Eaeercz'tiorum
1544 687 1554 704 ‚
1587 660 1628 693 ct
1676 656 1721 695 (le
1753 657 1870 696 vinea
1903 658 2062 696 Domini

1107 717 1298 759 Sabaoth.

1159 780 1426 820 CONRADUS
1446 779 1534 830 Rufi
1559 779 1871 829 EsterIIngensis
1890 782 2032 821 Scotus
2050 814 2057 831 ,

1107 842 1266 880 Ordinis
1279 841 1600 880 Praedicatorum
1624 842 1726 879 circa
1747 841 1909 881 Annum
1931 845 2052 891 4349,

1107 902 1223 953 cujus
1253 907 1496 942 memoratur
1527 903 1767 941 abbreviatio
1797 906 2052 954 expositionis

1108 966 1282 1004 Thomae
1305 965 1515 1015 Aquinatis
1534 967 1578 1002 in
1602 966 1832 1016 Evangelia.

1160 1027 1426 1068 CONRADUS
1447 1028 1492 1066 (le
1509 1027 1709 1076 Ξααῑοηία,
1728 1028 1886 1067 Ordinis
1902 1030 2057 1067 Praedi-

1105 1094 1302 1139 catorum,
1320 1090 1435 1141 cujus
1454 1090 1674 1131 Chrom'con
1689 1090 1737 1128 ab
1752 1091 1901 1141 origine
1925 1103 2057 1130 reruni

1106 1153 1155 1191 ad
1179 1154 1453 1192 Innocentium
1478 1154 1540 1193 VI.
1567 1152 1611 1191 A.
1635 1153 1763 1199 4360,
1796 1153 1875 1192 MS.
1913 1165 2061 1192 memo-

1107 1220 1167 1254 rat
1195 1217 1277 1255 Jac.
1305 1216 1441 1262 Quetif
1470 1220 1564 1254 tom.
1597 1216 1639 1264 I,
1664 1215 1844 1254 Biblioth.
1882 1217 2058 1255 Domini-

1107 1289 1296 1317 canorum
1325 1290 1411 1329 pag.
1444 1279 1532 1317 640.

1160 1339 1427 1380 CONRADUS
1447 1340 1492 1379 cle
1512 1340 1720 1389 Saaeom'a,
1748 1340 1907 1379 Ordinis
1936 1343 2056 1379 Mino-

1106 1415 1208 1450 rum,
1223 1402 1339 1453 cujus
1353 1404 1660 1442 commentarios
1682 1404 1721 1440 in
1747 1404 2057 1453 librosBiblicos,

1106 1467 1144 1503 in
1174 1466 1293 1504 libros
1317 1466 1379 1504 IV.
1418 1466 1592 1516 Magistri
1616 1466 1914 1504 Sententiarum
1934 1497 1941 1515 ,
1967 1467 2057 1504 Scr-

1107 1539 1246 1566 mones
1269 1528 1317 1566 de
1332 1528 1537 1578 Tempore.
1558 1526 1928 1577 Quadragesimales
1944 1534 1984 1567 et
2006 1529 2055 1567 de

1108 1592 1264 1630 Sanctis
1282 1622 1291 1640 ,
1315 1601 1436 1641 super
1459 1590 1687 1628 Orationem
1721 1590 1964 1628 Dominicam
1985 1620 1992 1638 ,
2017 1595 2057 1629 et

1107 1654 1156 1692 de
1182 1653 1426 1692 Salutatione
1451 1651 1640 1703 Angelica
1659 1651 1795 1690 laudat
1815 1652 2062 1703 Waddingus

1105 1728 1191 1768 pag.
1218 1717 1281 1755 93
1305 1715 1402 1753 Bibl.
1428 1715 1677 1753 Franciscan.

1154 1777 1420 1818 CONRADUS
1436 1777 1721 1827 Philosophus,
1739 1778 1955 1817 Monachus
1975 1779 2054 1818 Cu-

1107 1844 1215 1889 stoS,
1251 1841 1358 1878 Prior
1385 1839 1569 1878 Coenobii
1598 1838 1847 1887 Schi'renszs,
1873 1840 2063 1879 dioecesis

1103 1904 1385 1954 Frisingensis,
1411 1901 1633 1950 (Aventino
1657 1902 1696 1950 a)
1729 1900 2026 1941 Scheurnensis.
2048 1904 2057 1950 )

1103 1966 1261 2005 Ordinis
1285 1964 1513 2012 Benedicti,
1538 1962 1753 2002 defunctus
1776 1962 1890 2002 Anno
1923 1965 2016 2003 4244
2040 1996 2051 2013 ,

1104 2030 1263 2080 scripsit
1280 2026 1502 2068 Chronz'con
1518 2024 1726 2065 Schz'rense
1742 2026 1790 2064 ab
1802 2026 1916 2064 Anno
1937 2028 1948 2065 4
1962 2027 2050 2076 496,

1103 2091 1151 2130 ad
1187 2091 1302 2130 4226.
1323 2089 1474 2128 editum
1498 2099 1519 2126 a
1544 2089 1583 2125 P.
1610 2089 1648 2125 F.
1672 2087 1885 2138 StephanO,
1903 2088 2054 2126 Abbate

1104 2153 1329 2198 Schirensi,
1350 2162 1443 2190 cum
1463 2150 1729 2189 additionibus
1750 2154 1790 2187 et
1808 2150 1912 2187 notis
1936 2149 2051 2188 Anno

1106 2216 1225 2264 4624,
1242 2216 1278 2253 in
1298 2215 1359 2253 fol.
1375 2218 1415 2252 et
1433 2213 1649 2252 novissime
1664 2211 1916 2263 Argentorati
1937 2211 2002 2251 474
2015 2213 2051 2258 6,

1104 2280 1138 2317 4.
1177 2289 1271 2317 cura
1310 2276 1466 2327 Georgii
1503 2275 1718 2315 Christiani
1741 2274 1955 2320 Johannis,
1986 2277 2055 2325 qui

1100 2345 1258 2393 praeter
1279 2339 1616 2378 continuationem
1641 2340 1681 2375 et
1708 2336 1914 2387 privilegia
1945 2337 2056 2375 Schi-

1102 2404 1234 2442 rensia
1267 2401 1449 2452 adjunxit
1477 2399 1669 2438 Johannz‘s
1705 2398 1892 2437 Aventini
1922 2399 2056 2437 Anna-

1104 2466 1161 2504 les
1187 2464 1422 2503 Schirenses
1443 2492 1451 2511 ,
1473 2463 1522 2501 de
1546 2463 1691 2512 quibus
1731 2461 1881 2499 dictum
1907 2472 2027 2511 supra
2044 2492 2056 2509 ,

1103 2526 1333 2565 desinentes
1375 2526 1414 2562 in
1452 2524 1526 2563 An.
1553 2525 1655 2563 4505
1675 2553 1682 2570 ,
1721 2527 1760 2560 et
1805 2523 2057 2560 continuatos

1102 2588 1243 2626 deinde
1275 2587 1324 2626 ad
1370 2586 1531 2625 Annum
1575 2584 1690 2624 4708.
1734 2585 1802 2621 Hic
1844 2582 2052 2621 Conradus

1106 2661 1227 2689 manu
1252 2660 1348 2696 sua,
1374 2652 1513 2697 rogat-u
1536 2646 1735 2684 Abbatum
1763 2655 1927 2684 suorum
1961 2645 2051 2694 plus

1106 2723 1226 2762 quam
1264 2709 1523 2760 quadraginta
1566 2707 1740 2756 ingentia
1775 2706 1978 2744 volumina
2016 2708 2056 2744 in

1107 2773 1349 2812 membranis
1373 2772 1554 2821 scripsit,
1580 2780 1750 2819 quorum
1781 2768 1968 2818 pleraque
2006 2769 2055 2807 ab

1105 2836 1303 2875 Aventino
1328 2846 1414 2885 pag.
1439 2834 1528 2872 222.
1554 2843 1636 2881 seq.
1661 2834 1958 2870 enumerantur.
1992 2831 2055 2868 In-

1104 2903 1164 2937 ter
1188 2902 1365 2936 caeteros
1395 2896 1513 2934 libros
1531 2894 1739 2944 descripsit
1755 2904 1912 2943 quoque
1927 2894 2056 2930 Histo-

1104 2963 1201 3000 riam
1240 2948 1561 3000 Ecclcsiasticam
1581 2988 1588 3005 ,
1629 2956 1677 2995 ad
1714 2967 1833 3006 quam
1873 2955 2051 3005 depinxit

1102 3029 1255 3075 septem
1297 3028 1403 3061 artes
1442 3021 1648 3064 liberales,
1683 3023 1722 3056 et
1753 3018 2050 3057 Astrononiiam

1103 3087 1261 3137 quidmn
1279 3085 1566 3130 Ptolemaeum,
1588 3080 1921 3131 contemplantem
1944 3084 2051 3118 astra

1102 3155 1141 3188 et
1162 3148 1298 3186 stellas
1323 3158 1390 3197 per
1415 3146 1554 3184 tubum
1589 3145 1763 3194 opticum
1788 3147 1958 3192 quatuor
1978 3141 2050 3181 du-

1099 3218 1189 3253 ctus
1227 3211 1451 3249 habentem.
1482 3206 1577 3246 Vide
1608 3206 1799 3244 Johannis
1834 3205 2044 3243 Mabillonii

1146 3347 1178 3385 8)
1203 3344 1284 3377 Vide
1307 3345 1458 3376 vossium
1483 3348 1556 3381 pag.
1574 3340 1644 3371 --456
1667 3345 1698 3371 et
1721 3338 1792 3370 453,
