2500 3841
901 234 1293 274 ALBERTUS
2043 237 2095 278 47

106 309 311 356 virtutem,
343 303 481 344 humili
517 303 596 343 loco
624 304 753 353 misci.
790 305 894 345 MSS.
927 307 1061 345 habuit

111 371 370 420 Waddingus.

156 429 370 471 *Albertus
379 429 428 468 de
441 428 640 469 Sartiano.
651 429 810 468 Praeter
822 428 918 467 haec
935 432 1063 469 omnia

109 495 268 545 scripsit
296 492 531 543 opusculum
559 491 615 528 De
645 489 829 530 laudibus
858 490 1065 542 Reliyioso-

108 568 201 595 rum
223 555 265 594 in
279 552 483 605 Poyyium,
509 554 576 603 qui
596 564 723 603 genus
743 553 838 592 illud
862 554 1064 593 hominum

106 621 416 669 vituperaverat.
445 617 590 655 Exstat
620 615 855 665 opusculum
886 615 980 654 illud
1010 618 1068 653 in-

105 686 166 720 ter
194 679 379 731 epistolas
403 678 573 716 selectas
601 676 779 715 eiusdem
807 676 957 716 Alberti
981 679 1068 717 vul-

105 746 217 794 gatas
245 752 268 779 a
295 741 481 779 Martene.
503 740 588 778 Vct.
614 749 718 777 mon.
742 742 770 776 t.
795 739 859 777 III.

154 802 419 842 ALBERTUS
442 800 490 839 de
511 800 718 850 Saoeonia,
750 800 1064 851 August-inianus

101 865 204 904 circa
213 863 258 902 A.
274 865 315 904 C.
335 863 449 903 4332.
466 861 593 912 Hujus
606 862 916 902 Commentarios
926 861 1067 901 inAri-

104 924 276 965 stotelem
295 924 341 965 de
366 924 479 965 Coelo
504 928 542 963 et
559 924 704 965 Mundo
727 924 801 964 An.
825 923 926 964 4497
947 935 1067 963 excu-

105 999 189 1026 sos:
208 976 456 1038 ineditosque
478 986 518 1024 in
535 985 657 1026 libros
677 986 723 1026 de
732 986 894 1038 physico
911 984 1063 1034 auditu,

106 1052 143 1087 et
163 1049 204 1087 in
237 1047 357 1087 libros
382 1047 428 1087 de
459 1048 708 1100 yeneratione
733 1051 770 1087 et
791 1046 1062 1098 corruptione,

105 1122 178 1149 nec
197 1122 274 1149 non
295 1121 415 1162 super
431 1108 576 1148 tabulis
597 1109 787 1161 Alphonsi
801 1107 916 1159 Reyis
935 1107 1066 1159 adju-

107 1170 212 1210 dicia
227 1170 514 1221 Astronomiae,
532 1175 752 1209 memorant
763 1170 963 1221 Philippus
978 1170 1067 1208 Els-

107 1235 190 1272 sius
211 1234 250 1271 in
273 1234 550 1273 encomiastico
581 1243 666 1283 pag.
688 1232 738 1271 22
762 1232 916 1282 aliique.
946 1231 1063 1282 Apud

106 1286 366 1335 Possevinum
387 1295 494 1347 legas
514 1295 620 1332 hunc
643 1293 850 1332 Albertum
879 1293 924 1332 A.
957 1294 1051 1333 4034

107 1359 409 1396 commentarios
437 1353 692 1406 astrologicos
728 1356 768 1393 in
805 1356 961 1395 tabulas
997 1355 1065 1394 Al-

109 1419 323 1470 phonsinas
355 1417 635 1467 composuisse.
665 1417 744 1456 Sed
781 1417 936 1456 tabulae
975 1418 1064 1457 illae

110 1492 210 1532 quae
258 1481 352 1530 Regi
401 1478 587 1517 dicuntur
632 1479 859 1518 constitisse
907 1490 1064 1519 summa

117 1541 271 1580 400000
300 1551 530 1588 aureorum⁷
554 1552 632 1579 non
670 1542 940 1592 promulgatae
969 1546 1066 1580 sunt

111 1607 202 1642 ante
224 1602 270 1642 A.
291 1602 405 1642 4270;
426 1603 564 1653 ltaque
587 1604 829 1642 Possevinus
853 1604 1065 1655 scripserat

116 1666 282 1704 fortasse
312 1665 426 1704 4304.

160 1726 181 1749 ³²²
195 1727 280 1766 Non
295 1726 450 1775 dubito,
475 1728 571 1777 quin
591 1727 640 1766 ad
655 1727 862 1767 authorem
878 1728 986 1767 hunc
1006 1739 1068 1765 re-

112 1788 297 1827 ferendus
320 1789 372 1827 sit
394 1789 490 1827 liber
508 1790 564 1826 De
580 1788 922 1839 proportionibus,
947 1800 1066 1839 quem

112 1852 153 1889 F.
182 1849 356 1888 Isidorus
378 1849 426 1888 de
449 1850 648 1889 Insulanis
669 1852 705 1888 in
727 1853 924 1902 epitomen
955 1850 1066 1889 reda-

94 1916 220 1951 ‘ctum
247 1912 427 1962 vulgavit
455 1914 540 1951 sine
563 1914 798 1963 ascriptione
829 1914 900 1952 loci
930 1918 969 1952 ct
998 1924 1067 1952 an-

112 1975 150 2011 ni
174 1975 214 2010 in
237 1974 272 2011 8.
294 1973 349 2011 lbi
369 1977 502 2012 tamen
526 1974 700 2013 Isidorus
723 1975 930 2014 authorem
960 1976 1066 2014 hunc

109 2035 391 2083 Dominicanis⁷
412 2046 490 2073 non
513 2047 608 2074 vero
631 2035 932 2086 Augustinianis
961 2049 1069 2076 asse-

112 2098 179 2146 rit3
207 2100 410 2147 totamque
439 2098 524 2136 eius
553 2100 681 2149 operis
710 2098 928 2138 doctrinam
958 2111 1069 2138 acce—

113 2163 220 2210 ptam
243 2158 292 2197 ab
314 2157 475 2198 Alberto
498 2161 552 2198 ait
580 2171 629 2199 ex
660 2161 808 2200 Thoma
837 2161 1069 2200 Berduerdi-

118 2232 178 2259 no.
201 2221 314 2260 Hunc
336 2232 431 2260 vero
455 2222 646 2261 Thomam
670 2228 714 2262 ut
738 2224 789 2262 ibi
810 2225 895 2276 lego
924 2227 962 2264 in
993 2225 1069 2263 fine

112 2282 283 2333 opuscoli
308 2282 554 2323 Raimundus
577 2283 623 2323 de
646 2284 821 2324 Suisetlzi
843 2286 1071 2326 Calculator

115 2343 156 2382 in
183 2347 358 2383 tractatu
379 2345 512 2396 primo
540 2346 586 2385 cle
614 2346 846 2396 intensione,
871 2352 909 2388 et
933 2348 1073 2388 remis-

118 2404 225 2444 sione
244 2409 361 2445 vocat
378 2407 641 2448 venerabilem
663 2410 911 2462 mussistrum.

163 2467 425 2508 ALBERTUS
433 2470 739 2523 Styeberyen32'87
755 2474 857 2524 apud
868 2474 1069 2513 Coloniam

108 2527 364 2579 Agrippinam
387 2531 573 2571 Coenobii
595 2535 810 2574 Monachus
841 2536 1000 2575 Ordinis
1029 2537 1066 2574 S.

110 2589 310 2628 Benedicti
329 2593 432 2630 circa
459 2593 533 2631 An.
565 2596 606 2634 C.
633 2596 743 2634 4450.
770 2597 894 2647 Cujus
924 2598 1069 2636 inedita

112 2652 294 2690 feruntur
334 2651 627 2694 commentaria
663 2660 700 2695 et
743 2657 991 2697 Glossarium
1029 2658 1068 2697 in

111 2714 324 2763 utrumque
357 2713 658 2765 Testamentum,
688 2719 793 2767 quod
829 2722 906 2759 MS.
937 2725 1068 2759 exstat

113 2774 260 2824 Lipsiae
287 2775 327 2812 in
347 2775 525 2815 Paulina:
561 2782 601 2815 et
634 2778 813 2818 Historia
836 2781 1066 2833 Pontificum

108 2836 374 2874 Romanorum
399 2838 560 2877 collecta
585 2851 606 2877 e
629 2843 761 2889 variis,
782 2847 822 2880 et
841 2854 862 2880 a
882 2844 1066 2893 Gregorio

112 2898 165 2936 {X
184 2899 412 2938 continuata
431 2900 479 2938 ad
502 2902 703 2941 Nicolaum
722 2904 764 2941 V.
791 2903 886 2942 Vide
901 2893 1067 2944 'Lambe-

112 2959 217 2997 cium
235 2963 342 2999 tomo
362 2962 395 3000 lI
419 2962 680 3002 Bibliothecae
705 2964 864 3003 vindeb.
886 2977 971 3016 pag.
990 2967 1058 3006 874

115 3023 233 3070 atque
257 3021 458 3062 Oudinum
480 3028 583 3063 tomo
625 3027 674 3064 Ill
719 3025 766 3064 de
805 3027 1067 3077 Scriptoribus

114 3081 262 3120 Eccles.
284 3094 320 3133 p.
342 3085 456 3124 2586.

164 3141 427 3187 ALBERTUS
446 3148 756 3201 Spaldinyensis,
774 3151 862 3190 vide
878 3151 1068 3191 'Adclbcr-

117 3208 193 3243 ius.

169 3265 446 3322 ALBERTUS,
472 3287 589 3324 quem
614 3278 797 3316 Pisanum
827 3278 1062 3315 ileu-oscum

115 3327 282 3378 ali1,alii
314 3344 404 3373 cum
436 3337 538 3376 Luca
569 3338 786 3390 Waddingo
826 3332 861 3377 et
894 3338 1064 3377 ,λι-00100

1135 309 1251 346 Wion
1275 307 1517 346 Germanum
1539 309 1686 347 rectius
1711 308 1885 357 faciunt,
1915 312 1955 347 et
1984 321 2005 348 a
2035 311 2094 348 Pi-

1137 381 1251 419 sano7
1280 370 1471 409 ‘Generali
1507 371 1682 410 Ministro
1717 372 2095 420 Franciscanorum‚

1139 433 1413 483 distinguunt:
1455 432 1659 472 stadensis
1696 432 1814 485 vulgo
1852 434 2095 486 appellatur⁷

1139 496 1230 544 quia
1253 495 1477 533 Monasterii
1500 496 1542 532 B.
1562 497 1702 534 Mariae
1727 497 1766 533 in
1790 496 1977 535 suburbio
2007 497 2095 536 Sta-

1140 556 1251 595 densi
1267 557 1424 596 Ordinis
1443 556 1685 595 Benedictini
1709 557 1840 596 Abbas
1864 559 1936 598 fuit
1951 560 2000 598 ab
2016 557 2095 597 An-

1143 632 1192 658 no
1212 619 1358 659 Christi
1384 619 1485 658 4232
1505 618 1553 657 ad
1576 620 1676 658 4240
1697 631 1745 658 ex
1770 632 1847 670 quo
1867 633 1944 660 non
1966 622 2096 661 ferens

1141 683 1281 721 fratres
1305 681 1501 731 religionis
1524 681 1815 721 observantiam
1832 684 1870 721 in
1886 685 2097 734 postremis

1142 743 1348 790 habentes,
1370 742 1418 780 ad
1438 743 1719 781 Franciscanos
1737 744 1951 784 Stadenses
1965 758 2097 785 acces-

1141 806 1217 852 sit⁷
1244 804 1399 853 illisque
1428 804 1653 854 adscriptus
1682 805 1805 843 vitam
1834 807 2019 855 produxit
2047 808 2095 847 ad

1138 866 1301 905 Annum
1320 866 1422 904 4260
1437 870 1477 904 et
1493 866 1658 905 fortasse
1674 867 1840 918 longius.
1858 868 1956 919 Ejus
1974 871 2098 911 Chro-

1138 927 1253 966 nicon
1273 925 1324 965 ab
1347 926 1452 965 Orbe
1474 926 1624 967 condito
1661 928 1715 967 ad
1748 928 1904 968 Annum
1935 931 2099 970 CHristi

1140 990 1241 1029 4256
1265 991 1418 1040 primus
1454 1003 1476 1030 e
1512 990 1653 1029 Codice
1677 991 1884 1031 chartaceo
1927 993 2097 1032 illustris

1137 1052 1293 1090 Henrici
1308 1053 1496 1091 Ranzovii
1511 1053 1631 1092 edidit
1648 1055 1839 1093 Reinerus
1854 1055 2096 1097 Reineccius.

1139 1114 1426 1165 Steinhemius‚
1447 1115 1679 1154 Helmstadii
1710 1115 1829 1165 4587,
1853 1117 1887 1165 4,
1912 1129 2097 1156 recusum

1139 1177 1406 1228 Wittebergae
1432 1179 1554 1226 4608,
1577 1179 1598 1216 4
1619 1183 1738 1229 atque
1764 1180 1865 1218 inter
1882 1179 2099 1230 Scriptores

1137 1239 1287 1277 Joanne
1310 1239 1474 1290 Georgio
1512 1242 1690 1292 Kulpisio
1717 1246 1881 1280 curante
1911 1253 2002 1281 cum
2034 1240 2101 1279 AE-

1140 1312 1211 1339 nea
1233 1301 1369 1351 Sylvio
1393 1301 1441 1340 de
1465 1304 1583 1342 rebus
1606 1303 1790 1342 Friderici
1810 1305 1861 1343 III
1879 1304 2005 1343 editos
2028 1303 2101 1343 Ar-

1138 1364 1332 1414 gentorati
1362 1365 1375 1402 4
1388 1365 1463 1402 685
1475 1365 1535 1403 fol.
1548 1377 1633 1416 pag.
1647 1367 1661 1405 4
1673 1366 1734 1404 23.
1744 1389 1794 1394 -
1806 1365 2028 1405 Editionem
2041 1378 2101 1405 re—

1137 1427 1335 1476 cognitam
1356 1426 1404 1464 ab
1424 1426 1596 1466 Arnoldo
1613 1429 1772 1478 Wiono,
1795 1428 1910 1480 cujus
1930 1441 2041 1480 spem
2060 1432 2099 1467 in

1137 1492 1328 1538 apparatu
1348 1499 1419 1527 suo
1444 1489 1535 1527 fecit
1557 1491 1815 1541 Possevinus,
1832 1503 1909 1530 non
1930 1496 2024 1542 puto
2041 1493 2103 1531 lu-

1136 1561 1223 1588 cem
1239 1549 1400 1589 vidisse.
1412 1551 1597 1591 Codicem
1613 1553 1958 1605 membranaceum
1975 1554 2096 1605 hujus

1137 1611 1337 1662 Chronici,
1365 1612 1481 1663 cujus
1522 1614 1789 1665 apographum
1821 1616 2096 1655 Ranzovianus

1139 1672 1314 1723 videtur,
1340 1679 1475 1714 servat
1498 1676 1736 1715 Bibliotheca
1755 1677 2097 1725 Helmstadiensis‚

1141 1746 1190 1773 ex
1215 1747 1293 1785 quo
1318 1747 1396 1773 non
1419 1749 1544 1787 pauca
1573 1743 1738 1789 possent
1777 1740 1816 1777 in
1844 1740 2100 1778 Reinecciana

1140 1795 1310 1836 editione
1332 1798 1552 1847 emendari,
1575 1804 1619 1838 ut
1639 1800 1813 1838 ostendit
1829 1800 2008 1840 Andreas
2027 1803 2102 1840 Ho-

1136 1857 1263 1908 jerus,
1285 1861 1350 1909 qui
1377 1871 1426 1898 ex
1456 1860 1593 1899 eodem
1618 1862 1924 1901 Helmstadiensi
1959 1863 2100 1901 Codice

1140 1920 1319 1971 vulgavit
1345 1920 1681 1961 Continuationem
1704 1922 1918 1962 Annalium
1945 1922 2102 1962 Alberti

1140 1981 1343 2021 Stadensis
1372 1982 1423 2021 ab
1442 1983 1553 2023 Anno
1580 1985 1682 2024 4264
1706 1984 1760 2024 ad
1784 1987 1898 2026 4324.
1933 1987 2096 2025 Hafniae

1142 2043 1260 2091 4720,
1284 2045 1318 2095 4,
1344 2045 1555 2096 subjuncta
1583 2047 1856 2097 disquisitione
1881 2047 1928 2085 de
1951 2049 2099 2098 origine

1142 2106 1309 2156 Sophiae
1334 2108 1654 2159 Langelandicae.
1672 2108 1918 2148 UtAlbertus
1939 2113 2100 2147 strenue

1142 2179 1241 2207 usus
1265 2173 1326 2207 est
1351 2171 1619 2220 superioribus
1648 2171 1923 2222 Scriptoribus⁷
1939 2172 2100 2219 Orosi‘o,

1142 2231 1329 2278 Miscella.
1353 2232 1595 2282 Eginhardo‚
1610 2232 1761 2272 Adamo
1777 2235 1993 2276 Bremensi.
2014 2234 2103 2272 Hel-

1144 2293 1289 2341 moldo⁷
1313 2294 1498 2333 Cunrado
1523 2296 1796 2347 Urspergensi7
1821 2295 1993 2334 Arnoldo
2028 2297 2103 2333 Lu-

1144 2354 1325 2405 becensi7
1364 2357 1589 2395 Hermanno
1613 2358 1822 2396 Contracto
1851 2362 1925 2395 etc.
1956 2358 2008 2395 ita
2037 2357 2103 2395 Al-

1144 2415 1255 2455 berto
1284 2417 1357 2455 hoc
1385 2417 1574 2457 Albertus
1597 2419 1696 2458 alter
1719 2420 1932 2457 Krantzius
1961 2420 1999 2456 in
2029 2430 2102 2457 sua

1143 2480 1360 2529 metropoli.
1391 2481 1446 2518 De
1488 2480 1673 2519 Stadensr
1698 2480 1788 2519 vide
1826 2482 1880 2518 sis
1917 2480 2101 2530 Casparis

1142 2541 1338 2590 Sagittarii
1368 2541 1697 2580 introductionem
1727 2543 1765 2579 in
1794 2543 1936 2580 Histor.
1965 2541 2101 2579 Eccle-

1141 2604 1248 2640 siast.
1273 2606 1366 2640 tom.
1393 2604 1407 2641 l
1432 2614 1518 2653 pag.
1546 2604 1596 2641 65
1621 2614 1706 2652 sqq.
1723 2607 1764 2641 et
1781 2603 1940 2641 Tobiam
1956 2603 2102 2641 Erkar—

1141 2665 1236 2703 dum
1258 2667 1296 2702 in
1320 2666 1400 2702 vita
1422 2663 1906 2712 Alberti,editaGoslariae
1932 2666 2045 2712 47:26,
2064 2666 2097 2703 4.

1141 2727 1238 2766 Acta
1262 2725 1449 2765 Eruditor
1471 2730 1564 2763 tom.
1581 2727 1613 2763 II
1632 2726 1894 2776 supplementi
1916 2727 2098 2776 pag.4⁹29.

1193 2787 1456 2826 ALBERTUS
1470 2785 1683 2833 Suhovius,
1700 2787 1882 2825 Decanns
1897 2788 2098 2828 Osnabru-

1140 2849 1273 2899 gensis
1296 2849 1398 2886 circa
1421 2847 1495 2885 An.
1513 2848 1554 2886 C.
1579 2848 1681 2886 4445
1703 2847 1818 2897 cujus
1836 2848 1930 2887 nihil
1952 2861 2099 2888 memo-

1141 2912 1215 2949 rari
1240 2910 1354 2947 video
1374 2914 1529 2960 praeter
1552 2910 1889 2949 Commentarium
1914 2912 1951 2948 in
1977 2912 2098 2962 Hym—

1141 2984 1254 3011 num:
1281 2970 1418 3011 Lauda
1441 2970 1536 3009 Sion
1559 2970 1825 3019 Salvatorem,
1848 2978 1888 3011 et
1928 2974 1963 3011 in
2001 2975 2098 3013 alte-

1141 3045 1248 3072 rum:
1268 3032 1349 3072 Ave
1372 3031 1498 3071 muris
1522 3031 1648 3071 stella.

1192 3095 1453 3133 ALBERTUS
1474 3095 1634 3145 Riccus,
1659 3096 1817 3135 Ordinis
1840 3098 2030 3137 Minorum
2047 3100 2096 3139 ab

1140 3155 1253 3195 Anno
1302 3156 1402 3195 4255
1439 3157 1655 3208 Episcopus
1701 3158 1732 3195 T
1728 3157 1953 3207 (trivisinus,
1992 3165 2095 3199 teste

1140 3217 1361 3267 Waddingo
1384 3228 1579 3256 summam
1603 3219 1845 3269 PontefiCic'im
1861 3225 2090 3273 composuit.

1139 3280 1192 3317 lio
1215 3279 1285 3316 hoc
1309 3278 1467 3318 Albcrto
1488 3280 1598 3330 plura
1621 3281 1808 3332 Ughcllus
1829 3286 1933 3321 tomo
1950 3284 1980 3323 V
2006 3297 2089 3336 pag.

1138 3342 1159 3378 5
1170 3341 1212 3378 1-3
1237 3352 1281 3390 sq
