2500 4009
389 227 400 251 1

359 304 396 337 et
421 298 634 350 praemissa
664 295 838 333 Goldasti
863 293 949 331 Vita
974 291 1074 330 4730
1106 279 1173 328 l'ol.
1194 291 1309 328 unico

361 362 587 400 volumino.
614 360 699 397 licet
732 358 768 394 in
793 361 874 393 tres
905 359 1033 392 tomos
1062 353 1149 391 sive
1177 356 1310 403 partes

363 424 500 462 diviso.
528 423 567 460 ln
594 421 654 458 his
677 419 946 456 continentur:

757 516 864 554 Tom.
891 515 919 554 1.

429 604 650 657 llepidanni
666 602 1092 653 CoenobitaeiAnnales
1111 604 1159 642 ab
1175 602 1248 642 An.
1266 604 1294 642 C

360 672 435 710 708
472 670 520 710 ad
568 669 668 710 4050
709 678 800 706 cum
824 665 1020 705 additione
1043 665 1240 716 Anonymi
1260 665 1307 704 ad

361 734 593 847 Λιῖἰαὶεὲῗῗὶὶ
602 792 867 843 TuregiensiS,
884 790 919 828 E
922 787 1114 828 Idi-ekardi?
1130 789 1308 840 junioris,

359 856 592 896 Bnrltkardi
609 854 784 895 Monac-hi
804 857 845 891 et
870 851 1052 893 Cnnradi
1064 852 1309 890 Fabariensis

361 920 581 972 presbyteri
614 918 783 957 Historia
805 920 846 954 ct
868 926 988 954 casus
1023 914 1246 953 Monasterii
1271 914 1309 952 S.

363 983 607 1094 (mliijlusdem
630 1040 804 1080 Cunradi
825 1039 1035 1090 Catalogus
1055 1037 1253 1077 Abbatum
1274 1036 1312 1075 S.

363 1108 611 1219 GdAliionymi
636 1167 684 1206 de
708 1164 939 1205 officiliabus
966 1162 1142 1201 Dominis
1171 1160 1315 1199 Princi-

365 1234 425 1284 pis
447 1234 485 1269 S.
506 1231 617 1269 Galli.

309 1342 311 1345 .
416 1293 618 1332 Ber-tholdi
646 1290 822 1331 Mon-achi
850 1288 1050 1328 annotatio
1078 1286 1127 1326 de
1155 1285 1315 1325 Abbati-

368 1358 442 1396 bus
467 1358 504 1394 S.
530 1355 641 1393 Galli.

413 1417 546 1456 Joach.
573 1415 742 1456 Vadiani
757 1414 1016 1464 Chronologia
1028 1411 1226 1452 Abbatum
1240 1411 1319 1449 Mo-

368 1481 528 1520 nasterii
553 1480 592 1519 S.
617 1479 729 1518 Galli.

418 1544 462 1583 N.
487 1542 536 1581 de
563 1541 753 1591 Tiufburg
790 1537 1075 1590 Ephcmerides
1097 1535 1320 1575 Monasterii

371 1606 410 1643 S.
527 1606 547 1642 '.

423 1605 687 1715 JsgiiiihGeorgii
712 1664 862 1704 Tibiani
886 1662 1152 1713 panegyricon
1177 1660 1225 1699 de
1245 1660 1326 1699 lau—

373 1730 490 1769 dibus
512 1730 668 1768 Acronii
692 1727 813 1766 lacus.

428 1793 470 1830 ln
490 1790 773 1842 praecedentes
784 1789 1004 1839 Scriptores
1023 1785 1202 1825 Goldasti
1224 1785 1337 1824 Glos-

372 1866 439 1893 sae
463 1859 503 1891 et
528 1857 642 1891 notae
667 1864 751 1903 pag.
776 1851 851 1890 402
875 1861 957 1899 seq.

428 1913 647 1966 Walasricli
675 1911 814 1952 Str-abi
847 1911 1058 1964 Augiensis
1099 1909 1147 1949 de
1175 1910 1258 1949 vita
1287 1909 1324 1948 S.

368 1980 467 2017 Galli
493 1979 578 2016 libri
603 1977 638 2015 Ξ).

422 2040 610 2090 Ejusdem
622 2039 670 2076 dc
680 2039 760 2075 vita
772 2037 811 2075 S.
820 2036 998 2075 Otlimari
1009 2034 1131 2074 Abbat
1140 2036 1184 2083 is7
1193 2033 1278 2072 libri
1289 2033 1324 2071 2.

423 2101 549 2140 Isonts
578 2100 750 2151 Magistri
774 2099 823 2137 dc
852 2097 1053 2136 miraculis
1077 2098 1116 2135 S.
1147 2096 1326 2135 Otbmari

373 2165 457 2202 libri
489 2163 525 2200 2.

425 2227 465 2264 S.
494 2222 683 2262 Theodori
703 2223 901 2261 Eremitae
926 2219 1256 2271 Campidonensis
1280 2218 1328 2257 dc

373 2289 453 2325 vita
478 2287 515 2325 S.
538 2287 662 2332 Mafzni
697 2285 781 2323 libri
806 2284 842 2322 2.

426 2349 461 2386 E
464 2347 667 2386 rmemrici
679 2346 981 2394 Elcuangensis
993 2344 1329 2395 supplementum.

426 2412 466 2449 S.
488 2411 520 2448 F
523 2408 660 2448 imlani
677 2408 922 2448 confessoris
943 2407 1112 2444 Historia
1132 2406 1217 2443 sive
1232 2405 1330 2443 Vita.

427 2471 650 2523 Hepztlanni
663 2470 830 2520 junioris
854 2468 902 2508 de
926 2469 1008 2507 vita
1033 2469 1071 2507 S.
1098 2466 1333 2506 wiboradae

374 2535 542 2581 viminis
562 2533 646 2572 libri
672 2532 708 2571 2.

428 2594 656 2635 Elckehardi
672 2595 819 2634 Minimi
843 2594 986 2632 Decani
1007 2591 1056 2631 dc
1076 2592 1159 2630 vita
1177 2593 1219 2630 B.
1239 2591 1333 2630 Not-

380 2661 457 2698 keri
483 2658 630 2698 Balbuli
657 2657 765 2695 liber.

432 2724 470 2759 S.
487 2718 682 2758 1‹'r1'‹lolim·
699 2720 780 2757 Con
788 2717 1123 2757 fessorisllistoria
1139 2717 1223 2754 sivc
1237 2716 1330 2754 vita.

380 2783 554 2821 (ioldasti
583 2787 695 2821 notae
719 2794 804 2832 pag.
830 2781 907 2819 248
931 2791 1012 2829 seq.

769 2881 876 2917 Tom.
899 2879 943 2916 ll.

435 2974 514 3010 Lex
543 2970 849 3009 Alamannorum
884 2967 1126 3017 temporibus
1161 2964 1330 3003 Lotharii

387 3035 509 3079 liceis.

438 3097 672 3134 chartarum
686 3096 1120 3141 instrumentorumque
1131 3089 1329 3129 Centuria.

440 3157 567 3194 Joacli.
595 3157 753 3194 vadiani
778 3155 953 3206 Epistola
974 3153 1022 3191 de
1045 3152 1223 3191 obscuris
1247 3161 1336 3188 ver-

391 3219 525 3256 borum
550 3217 908 3267 significationibus.

443 3278 676 3329 Iluodeperti
692 3281 860 3331 Magistri
884 3278 1080 3330 Epistolae
1104 3276 1246 3315 breves
1268 3275 1335 3314 IX.

447 3339 600 3381 naham·
627 3342 759 3380 Mauri
784 3341 945 3380 Abbatis
978 3339 1185 3380 Fuldcnsis
1220 3337 1336 3377 libelli

359 230 411 267 ὂψ
855 223 857 225 ’
1156 214 1536 256 ALDRICUS

1382 290 1459 328 (luo
1482 300 1505 328 a
1536 289 1747 330 Walafrido
1775 291 1915 331 Strabo
1939 291 2027 342 ejus
2050 293 2242 346 discipulo
2263 294 2342 333 col—

1383 352 1489 398 lecti,
1509 363 1676 403 quorum
1700 354 1827 404 priore
1848 366 1932 405 pag.
1956 356 2005 393 6-4
2026 355 2179 405 glossae
2203 356 2343 395 latino-

1384 414 1604 454 barbaricae
1647 416 1694 455 de
1735 417 1911 466 partibus
1953 417 2115 457 humani
2157 418 2342 468 corporis⁷

1385 477 1587 516 mensibus
1607 482 1646 516 et
1669 479 1812 526 ventis,
1839 480 2055 528 posteriore
2079 491 2116 530 p.
2144 479 2194 517 66
2217 480 2266 519 de
2287 480 2346 518 in-

1384 541 1570 580 ventione
1599 541 1824 591 linguarum
1849 540 1896 579 ab
1939 541 2113 580 llebraea
2143 551 2271 591 usque
2294 541 2343 580 ad

1384 602 1632 641 Theotiscam
1657 607 1697 641 et
1721 607 1836 640 notae
1861 602 2059 652 antiquae.

1435 664 1603 703 liei-onis
1643 663 1819 702 Monachi
1862 663 1900 702 S.
1930 663 2030 702 Galli
2069 664 2337 715 interpretatio

1382 725 1591 764 verborum
1617 725 1964 764 Alamannicorum
1986 736 2023 776 p.
2049 725 2196 766 69-92.
2303 768 2306 771 .

1432 786 1629 837 Anonymi
1640 787 1852 838 Catalogus
1864 788 2078 828 Nominum
2094 788 2339 840 propriorum

1383 849 1484 901 apud
1506 848 1759 888 Alamannos.

1437 910 1614 952 Remedii
1634 911 1836 951 Cui-iensis
1858 911 2040 963 Episcopi
2064 922 2237 952 canones
2256 910 2347 952 Ala-

1389 974 1559 1013 mannici
1603 984 1652 1012 ex
1702 972 1915 1012 Pontificiis
1957 971 2144 1024 Epistolis
2172 975 2348 1026 excerpti

1383 1037 1500 1088 jussu
1524 1037 1647 1076 Caroli
1673 1036 1720 1075 M.

1442 1097 1602 1150 Notinqi
1623 1098 1941 1138 Constantiensis
1961 1097 2146 1149 Episcopi
2165 1108 2349 1138 canones.

1438 1162 1637 1212 Anonymi
1647 1160 1872 1211 symbolum
1880 1159 2241 1212 Apostolicumpag.
2259 1162 2275 1201 4
2289 1160 2352 1200 34.

1440 1225 1609 1272 Litania,
1632 1223 1844 1271 confessio,
1870 1221 2047 1270 Boiohae,
2069 1233 2156 1274 pag.
2182 1222 2270 1262 435.

1440 1288 1531 1325 Dies
1549 1284 1818 1325 Annivcrsarii
1839 1283 2119 1325 Alamannieao
2133 1284 2347 1327 Ecclesiae..

1442 1347 1641 1398 Anonymi
1687 1347 2015 1395 benedictiones,
2058 1346 2354 1398 fraternitates,

1395 1424 1482 1464 pag.
1513 1411 1587 1449 452
1611 1422 1720 1461 seqq.
2244 1423 2247 1427 ·

1447 1474 1624 1513 Goldasti
1645 1473 1857 1522 Catalogus
1883 1471 2121 1522 scriptorum
2141 1471 2207 1522 qui
2229 1471 2267 1510 in
2296 1470 2359 1515 his

1397 1536 1551 1576 duobus
1588 1536 1706 1574 tomis
1742 1534 2019 1574 desiderantur
2056 1537 2097 1572 et
2133 1531 2355 1573 eorundem

1380 1603 1618 1657 *temporum
1643 1596 1848 1636 historiam
1873 1597 2134 1636 illustrarunt.

1450 1659 1685 1709 Genealogia
1726 1658 2048 1710 Kyburgensium
2075 1657 2278 1698 Comitum
2317 1657 2356 1695 in

1402 1721 1648 1762 Alamannia.

1784 1819 1893 1860 Tom.
1924 1818 1989 1885 111.

1453 1909 1641 1949 Joachimi
1661 1908 1930 1950 Vadiani'Cos.
1963 1908 2272 1961 Sanctgallensis
2287 1907 2361 1946 far-

1400 1983 1491 2025 rago
1510 1973 1792 2023 antiquitatum
1815 1972 2161 2012 Alamannicarum
2176 1981 2208 2009 s.
2219 1969 2268 2008 de
2282 1969 2361 2008 col-

1400 2036 1511 2085 legiis
1537 2039 1578 2074 et
1605 2035 1852 2073 Monasteriis
1874 2033 2106 2072 Germaniae
2135 2020 2377 2079 veteribus,'

1400 2102 1444 2137 ut
1463 2099 1498 2135 in
1520 2108 1639 2147 regno
1654 2098 1893 2135 Francorum
1908 2099 1950 2133 et
1964 2095 2232 2134 insecutorum
2247 2094 2356 2132 Prin-

1400 2160 1533 2210 cipum
1556 2159 1709 2208 aliquot
1733 2157 1877 2196 seculis
1901 2157 2141 2203 habuerunt,
2165 2155 2252 2194 libri
2277 2154 2324 2194 ΙΙ.
2365 2154 2368 2158 ’

1456 2219 1626 2258 Barthol.
1658 2219 1910 2269 schobingeri
1949 2218 2035 2258 JCti
2063 2216 2284 2256 additiones
2311 2215 2361 2255 ad

1397 2281 1566 2321 ,Vadiani
1588 2281 1834 2330 farraginem.
1865 2292 1901 2331 p.
1927 2281 1989 2319 85.

1456 2343 1542 2382 Joh.
1565 2342 1774 2382 Comandri
1802 2342 2002 2393 Epistolae
2026 2341 2049 2380 3
2073 2340 2122 2380 ad
2140 2340 2361 2380 Vadianum

1407 2406 1456 2444 de
1481 2404 1782 2455 antiquitatibus
1821 2405 1961 2444 Curiae
1990 2405 2030 2442 in
2057 2403 2197 2443 Rhetia
2224 2403 2361 2454 prima.

1407 2479 1443 2518 p.
1477 2467 1565 2507 444.

1459 2528 1592 2567 Joach.
1612 2528 1775 2568 Vadiani
1798 2528 1895 2567 liber
1922 2527 1971 2566 dc
1995 2527 2285 2567 Christianismi
2301 2537 2366 2566 ae-

1406 2592 1555 2631 tatibus
1583 2602 1718 2641 aurea,
1743 2594 1948 2643 argentea,
1972 2589 2069 2629 liber
2097 2584 2364 2641 imperfectus.

1408 2666 1442 2705 p.
1476 2653 1563 2693 447.

1457 2714 1648 2765 Ejusdem
1667 2715 1843 2766 Epistola
1867 2714 1916 2754 de
1945 2712 2126 2764 conjugio
2159 2723 2364 2752 servorum

1406 2778 1510 2829 apud
1546 2778 1790 2818 Alamannos
1814 2777 1863 2816 ad
1891 2776 1977 2815 Joh.
2019 2774 2235 2816 Zwickium
2262 2773 2364 2813 Con-

1407 2842 1681 2880 stantienscm.
1704 2852 1740 2891 p.
1769 2840 1856 2880 439.

1457 2903 1542 2941 Joh.
1565 2902 1724 2943 Zwickii
1754 2902 1840 2941 JCti
1872 2899 2072 2951 Epistulae
2092 2897 2192 2936 duae
2206 2906 2366 2947 respon-

1406 2966 1530 3004 soriae
1550 2964 1598 3003 ad
1618 2963 1850 3003 Vadianum.
1876 2974 1913 3013 p.
1936 2961 2024 3000 452.

1460 3027 1601 3066 Lconis
1619 3027 1638 3063 J
1646 3025 1744 3064 udae
1767 3023 1966 3075 Epistolac
1990 3021 2015 3060 2
2032 3020 2081 3060 de
2104 3019 2290 3058 divortio:
2320 3031 2370 3059 an

1411 3099 1507 3127 uxor
1535 3100 1557 3126 a
1588 3087 1782 3125 sceleroso
1818 3085 1957 3123 marito
1993 3082 2163 3132 separari
2184 3085 2224 3120 ct
2247 3081 2367 3121 alium

1410 3150 1555 3189 ducere
1576 3149 1710 3200 possit.
1736 3159 1771 3198 p.
1800 3147 1886 3185 453.

1463 3211 1653 3250 Johannis
1682 3209 1832 3248 Kcsleri
1856 3206 2082 3256 Alloquium
2106 3203 2367 3244 Bibliothecae

1414 3272 1680 3324 Sangcllensis
1721 3269 1769 3310 ad
1804 3268 2052 3309 Joachimum
2081 3263 2300 3306 Vadianum
2330 3276 2366 3315 p.

1417 3334 1613 3376 457-465.
