2500 4009
413 214 489 253 536
855 251 858 253 .

412 285 458 322 ad
491 284 731 333 Mai·t)rolo;:.
765 282 980 318 Romanum
1014 279 1061 316 26
1092 277 1352 328 Septembrls.

466 345 707 384 Et‘sfflnt‘s
735 343 880 386 Biwao,
910 340 1131 389 Episcopus
1161 339 1209 377 ab
1238 338 1353 376 Anno

414 407 527 446 ⁴057.
557 405 604 443 ad
651 403 761 441 4081.
801 399 1120 451 .—1ii‹leyave›1s1's,
1160 400 1208 438 de
1237 399 1354 450 cujus

412 468 585 519 Epistola
614 464 661 502 ad
701 463 1009 512 Berengarium‚
1040 461 1121 499 dixi
1163 473 1282 512 supra
1315 462 1352 499 in

413 527 638 581 1311&pr
669 531 762 562 tom.
801 526 810 562 l
849 535 884 574 p.
918 524 1007 562 268.

464 588 706 628 Et‘SEBIL'S
738 585 1092 637 Carthaye'm'ensis.
1115 586 1210 625 Vide
1236 598 1352 637 supra

412 665 448 703 p.
478 652 563 689 3530.
595 649 863 688 EcuEMUs.

466 714 481 733 ⁸*
511 712 757 750 EL'SEBIL’S
800 710 1008 750 Corradus
1053 709 1357 749 ,llccliolanensis

411 775 632 814 Canonicus
663 773 867 824 Regularis
897 786 965 824 pro
995 773 1210 812 asserendo
1233 774 1358 812 Cano-

413 839 530 874 nicor.
559 847 721 874 suorum
743 835 832 886 jure
870 835 1065 874 adversus
1107 836 1359 874 Eremitanos

412 900 578 946 fratres,
622 904 661 936 et
704 897 980 936 Benedictinos
1018 898 1229 937 Monaclios
1258 898 1360 936 cala-

414 972 523 998 mum
539 961 712 998 strinxit.
731 962 830 998 Cum
848 961 951 998 enim
975 965 1144 1010 quatuor
1158 960 1360 999 Ecclesiae

418 1023 627 1060 Doctorum
659 1026 814 1060 statuae
841 1023 876 1059 in
902 1023 1075 1072 principe
1103 1021 1364 1060 Mediolanen-

414 1086 443 1120 si
473 1084 650 1122 Ecclesia
688 1082 937 1122 collocandae
962 1089 1099 1121 essent
1118 1114 1126 1132 ‚
1146 1084 1363 1134 Regulares

414 1147 597 1184 tlanonici
635 1145 738 1196 apud
776 1145 940 1183 fabricae
966 1145 1186 1194 praefectos
1212 1146 1366 1184 instite—

422 1214 513 1247 runt
535 1238 542 1254 .
566 1213 606 1246 ut
630 1210 668 1246 S.
690 1208 938 1258 Augustinus
958 1208 1145 1246 canonica
1174 1213 1286 1246 veste
1311 1209 1368 1246 in-

415 1270 536 1308 dutus
560 1270 826 1319 effingeretur,
845 1270 1022 1307 vicissim
1042 1270 1259 1309 Eremitani
1285 1281 1366 1308 mo-

417 1344 456 1370 re
476 1343 547 1370 suo
562 1332 799 1370 cucullatam
825 1331 1023 1369 volebant.
1047 1331 1247 1370 Eusebius
1269 1343 1366 1370 non-

418 1395 523 1434 nulla
552 1406 596 1432 ea
632 1395 837 1432 occasione
884 1394 1070 1444 scripsit,
1118 1395 1220 1432 inter
1262 1405 1363 1444 quae

418 1456 616 1508 responsis
629 1467 705 1506 pro
720 1453 941 1494 venerabili
953 1459 990 1494 et
1003 1456 1155 1494 erudito
1166 1456 1240 1495 Dei
1246 1468 1366 1507 prae-

416 1521 588 1558 ‹liccitore
614 1519 759 1555 Domno
784 1517 983 1556 Dominico
1001 1520 1245 1567 (Tarvisino)
1267 1518 1363 1558 Can.

418 1581 632 1633 Ileyzilari,
671 1580 808 1628 clara,
840 1584 959 1632 atque
1000 1580 1227 1619 verissima.
1269 1581 1366 1619 Item

418 1644 549 1683 brevis
573 1643 772 1681 annotatio
792 1642 846 1680 ad
868 1655 1028 1682 errores
1047 1642 1166 1681 Pauli·
1184 1644 1363 1691 (Lulmei)

418 1706 709 1758 Bei·9oiiieiise'8‚
731 1709 768 1744 et
787 1704 993 1745 Coriolani
1013 1707 1176 1754 (Coroni)
1203 1705 1257 1743 acl
1271 1705 1368 1745 Sicc-

421 1775 500 1808 tnm
523 1770 583 1808 Il'.
611 1770 711 1807 llaec
737 1768 814 1806 duo
839 1779 955 1818 opera
988 1769 1247 1807 innotuerunt
1271 1768 1366 1806 mihi

419 1846 466 1871 cx
492 1831 862 1871 Pennottollistoria
887 1829 1034 1868 ordinis
1051 1830 1236 1868 Canonici
1254 1830 1366 1868 Lib.3

420 1906 506 1944 pag.
537 1894 625 1931 791.
657 1893 713 1931 Ea
742 1893 887 1942 pariter
924 1893 1129 1930 occasione
1172 1893 1366 1942 scriptum

419 1955 535 1994 «fredo
558 1954 794 2006 opusculum
816 1953 918 2003 quod
941 1953 1019 1991 vidi
1043 1955 1080 1991 in
1098 1952 1270 1992 Archivo
1290 1953 1367 1991 Ab·

420 2019 545 2056 batiae
574 2018 612 2055 S.
646 2018 745 2054 Petri
779 2017 813 2054 in
847 2016 962 2054 Caelo
1005 2027 1124 2054 aureo
1155 2017 1278 2066 Papae
1311 2017 1368 2052 in-

428 2081 642 2129 scriptum:
675 2076 840 2116 Eusebii
875 2077 1049 2116 corradi·
1069 2076 1368 2115 Mediolanenses

430 2145 525 2179 (Ῑιιη.
553 2143 643 2190 Rey.
667 2141 853 2190 Conqrey.
880 2141 1114 2177 Lateranen.
1149 2139 1203 2177 ad
1221 2139 1369 2178 Sistum

431 2205 481 2240 ll'
503 2205 607 2241 Pont.
645 2204 757 2240 Mace.
791 2201 988 2238 adnotatio
1012 2201 1220 2240 verissima
1247 2201 1284 2238 in
1308 2212 1369 2238 er-

428 2277 556 2302 rorem
589 2263 843 2302 scribentium
879 2264 918 2299 S.
951 2262 1216 2312 ,tuqustinum
1245 2261 1371 2314 fuisse

429 2327 654 2364 lii-emitum.
678 2327 788 2363 Forti·
808 2330 940 2362 tamen
964 2325 1064 2362 idem
1083 2330 1144 2363 est
1163 2336 1262 2375 opus
1279 2336 1368 2363 cum

430 2390 618 2440 superiori
657 2390 847 2426 l‘ennotto
889 2387 990 2425 liaud
1036 2388 1176 2437 ignoto.
1222 2388 1370 2424 Vicisse

431 2453 676 2489 l-21·‹·mitanos
720 2454 827 2487 notat
858 2450 1002 2487 Saxius
1034 2450 1069 2486 in
1102 2449 1268 2487 Historia
1297 2449 1370 2497 Ty-

429 2512 612 2563 lmjsrapli.
640 2511 794 2549 Mediol.
826 2522 910 2561 pag.
944 2512 956 2549 4
969 2512 1029 2547 83.

484 2577 606 2612 l.item
645 2574 758 2611 aliam
799 2574 899 2611 inter
929 2573 1148 2610 Canonicos
1173 2573 1373 2622 regulares

431 2643 469 2673 vt
506 2635 779 2674 llencdictinos
809 2634 1017 2672 Monachos
1047 2635 1231 2684 agitatam
1264 2635 1300 2672 in
1332 2645 1375 2672 se

433 2700 607 2749 suscepit
636 2698 857 2743 Eusebius;
890 2698 965 2734 utri
992 2708 1082 2734 nam
1114 2697 1375 2747 praestantior

437 2776 470 2798 ιιι
502 2761 744 2799 solemnibus
765 2759 1056 2797 Ecclesiasticis
1086 2759 1376 2809 supplicationi-

437 2826 507 2860 luis·
539 2823 646 2860 locus
684 2820 838 2859 dandus
882 2825 990 2857 esset
1035 2819 1299 2857 Benedictinis
1329 2831 1376 2857 ne

439 2887 496 2923 wl
527 2885 737 2922 canonicis.
782 2884 857 2921 llac
889 2883 990 2920 forse
1019 2883 1224 2920 occasione
1254 2882 1378 2920 Euse-

440 2949 524 2985 bius
567 2947 709 2984 librum
739 2943 847 2981 dedit
875 2942 921 2981 (le
950 2942 1084 2981 ordine
1112 2954 1160 2981 ac
1188 2942 1378 2992 diqnitate

442 3011 586 3046 sarion.
609 3005 732 3058 requl.
759 3007 872 3044 cuius
898 3007 1121 3043 meminerit
1147 3007 1376 3044 pennottus

442 3072 500 3107 λιι
520 3072 590 3107 iste
609 3071 659 3107 sit
676 3068 831 3107 libellus
846 3067 1004 3106 Eusebii
1024 3079 1044 3104 e
1061 3067 1378 3106 MediolanoCan.

445 3133 631 3175 1‹·5;1Jlaris
649 3131 686 3168 in
705 3141 780 3180 quo
797 3129 997 3181 impuqnat
1015 3128 1230 3181 opinionem
1246 3130 1379 3167 Docto-

446 3205 532 3228 rum
552 3205 692 3238 ignoro.
706 3194 745 3230 ln
765 3192 836 3229 hac
853 3202 970 3229 causa
990 3203 1056 3241 pro
1072 3191 1271 3230 Monachis
1286 3193 1381 3229 scri-

449 3258 609 3302 pserunt
626 3255 769 3302 plures,
787 3263 953 3303 quorum
971 3253 1132 3291 consilia
1151 3253 1275 3291 habes
1292 3257 1380 3304 post

447 3314 604 3351 «nmilia
639 3315 829 3351 francisci
864 3313 1082 3352 Zabarellae
1105 3313 1285 3364 Lugduni
1316 3326 1379 3353 an.

1203 208 1578 247 EUSEBIUS

1429 278 1530 316 4552
1546 289 1718 326 excusa,
1746 280 1847 318 unde
1873 282 1990 320 verba
2010 281 2073 320 illa
2095 282 2248 332 accepi,
2272 292 2373 332 quae

1428 339 1489 377 hie
1507 339 2040 382 deEusebiodedi.P1·odiisse
2052 345 2158 394 typis
2175 353 2373 382 excusum

1428 401 1603 440 libellum
1626 402 1736 441 illum
1755 403 1914 441 Eusebii
1935 410 2072 445 contra
2093 405 2372 445 Benedictinos

1427 463 1534 501 disco
1563 475 1610 502 ex
1641 463 1791 513 dialogo
1820 475 1889 514 pro
1918 467 2185 506 Benedictinis
2229 465 2373 505 ibidem

1427 537 1603 573 excuso⁷
1636 526 1698 564 ubi
1729 526 1824 565 haec
1854 526 1964 576 lego3
1994 526 2146 568 libellus
2189 527 2252 568 vlle
2294 526 2378 580 fuit

1430 587 1644 638 impressus
1665 590 1810 628 Romae
1833 591 1929 627 sunt
1952 589 2049 627 anni
2072 591 2134 630 46.
2161 590 2224 631 vel
2251 590 2373 629 circa.

1481 651 1731 699 EUSEBIUS
1763 650 2067 700 Cremonensis,
2097 653 2248 692 amicus
2290 653 2378 692 Hie*

1432 715 1612 764 ronymi,
1643 715 1681 751 in
1711 713 1827 763 cujus
1856 715 2023 764 gratiam
2055 713 2119 753 ille
2139 715 2263 765 Epist.
2287 716 2374 754 404.

1431 775 1479 814 de
1508 777 1654 825 optimo
1696 787 1840 825 genere
1883 775 2166 826 interpretandi
2207 780 2378 816 testatur

1434 849 1475 876 se
1504 838 1724 888 Epistolam
1753 838 1962 889 Epiphanii
1992 837 2041 876 ad
2059 838 2116 876 Jo.
2140 837 2271 889 Episc.
2292 839 2379 878 Hie·

1435 900 1547 938 rosol.
1579 911 1600 938 e
1623 900 1772 938 Graeco
1802 901 1840 938 in
1872 901 2058 939 Latinum
2087 901 2273 939 vertisse.
2302 901 2381 940 Hu-

1433 963 1499 1012 jus
1514 962 1632 1012 aliqui
1657 973 1745 1001 esse
1767 966 1910 1013 put-ant
1928 961 2033 1013 quod
2047 961 2280 1001 Gennadius
2295 972 2378 1012 cap.

1437 1026 1499 1063 34.
1524 1029 1564 1063 et
1599 1036 1648 1062 ex
1678 1036 1722 1063 eo
1753 1025 1950 1063 Honorius
1979 1025 2025 1063 ll.
2065 1024 2128 1062 34.
2158 1026 2382 1063 memorant

1438 1087 1598 1125 Iiusebii
1618 1084 1664 1124 cle
1685 1086 1829 1126 Crucis
1850 1085 2007 1124 Domini
2023 1084 2210 1137 mysterio
2231 1088 2269 1124 et
2283 1084 2383 1136 Apo-

1438 1148 1652 1196 stolorum,
1672 1148 1968 1200 praecipueque
1998 1147 2111 1187 Petri
2136 1146 2382 1195 constantia,

1439 1211 1584 1251 virtute
1627 1210 1769 1251 Crucis
1812 1209 1980 1262 indepta.
2028 1209 2271 1250 Trithemius
2298 1220 2382 1260 cap.

1441 1276 1527 1313 426.
1565 1275 1599 1313 ei
1630 1274 1766 1312 tribuit
1808 1271 2028 1324 Epistolam
2068 1276 2159 1323 post
2187 1271 2225 1311 S.
2255 1272 2385 1311 Hiero-

1441 1338 1549 1386 nymi
1579 1348 1693 1387 opera
1724 1337 1883 1387 saepius
1922 1335 2068 1374 editam
2102 1333 2149 1374 de
2187 1332 2383 1382 transitu,

1440 1400 1524 1437 sive
1555 1399 1662 1438 obitu
1703 1398 1849 1437 laudati
1881 1397 2138 1449 Hieronymi,
2167 1396 2236 1436 sed
2265 1406 2384 1447 quam

1442 1461 1554 1511 longe
1584 1461 1814 1500 recentioris
1843 1460 2047 1511 scriptoris
2070 1469 2160 1498 esse
2189 1459 2385 1498 Erasmus

1440 1527 1480 1561 et
1507 1524 1569 1561 alii
1600 1524 1671 1560 viri
1702 1522 1803 1561 docti
1830 1520 2070 1572 jampridem
2100 1531 2302 1560 monuere.
2329 1520 2386 1559 De

1441 1584 1618 1637 Epistola
1647 1584 1701 1623 ad
1730 1583 1926 1636 Cyrillum
1953 1582 2072 1622 Alex.
2102 1593 2222 1633 quam
2263 1581 2386 1622 edidit

1441 1649 1632 1686 Baronius
1660 1647 1707 1686 ad
1738 1647 1899 1686 Annum
1931 1647 2018 1685 449.
2050 1656 2160 1684 num.
2192 1645 2241 1684 45
2295 1655 2387 1683 con—

1441 1709 1635 1748 sulendus
1664 1710 1941 1748 Tillemontius
1971 1712 2065 1747 tom.
2102 1707 2207 1746 XIII.
2238 1716 2387 1745 memo-

1441 1773 1587 1810 riarum
1618 1783 1703 1821 pag.
1736 1771 1852 1810 4042.
1880 1771 1947 1820 qui
1978 1771 2098 1809 etiam
2127 1769 2176 1808 de
2205 1768 2280 1808 hoc
2306 1768 2388 1808 Eu-

1443 1833 1550 1871 sebio
1579 1833 1773 1882 quaedam
1820 1832 2028 1870 annotavit
2069 1835 2164 1869 tom.
2194 1830 2269 1869 XII
2297 1840 2385 1881 pag.

1443 1895 1532 1933 208.
1570 1895 1632 1934 cui
1658 1893 1804 1945 junges
1833 1894 1997 1945 Pagium
2026 1893 2074 1932 ad
2103 1892 2264 1932 Annum
2296 1891 2384 1932 447.

1440 1968 1549 1995 num.
1582 1958 1641 1995 40.
1680 1961 1720 1995 et
1750 1957 1880 1995 Vitam
1923 1955 1993 1994 sed
2022 1955 2164 1994 dubiae
2194 1954 2283 1993 fidei
2307 1952 2389 1992 edi-

1439 2026 1518 2058 tam
1545 2031 1566 2058 a
1586 2021 1795 2058 Francisco
1817 2020 1991 2057 Ferrario
2007 2049 2019 2066 ‚
2044 2017 2249 2057 Mediolani
2271 2016 2385 2056 4642.

1443 2083 1476 2120 li.
1507 2086 1547 2120 et
1577 2083 1614 2119 in
1644 2081 1754 2119 Actis
1797 2082 2032 2119 Sanctorum
2078 2084 2172 2118 tom.
2203 2081 2217 2119 4
2262 2079 2385 2118 Martii

1442 2144 1483 2181 V.
1514 2154 1598 2193 pag.
1630 2143 1716 2180 369.
1748 2154 1830 2192 seq.
1865 2141 2063 2180 Francisci
2087 2140 2206 2180 Arisii
2226 2141 2388 2181 Cremo-

1443 2216 1532 2242 nam
1563 2205 1774 2242 litteratam
1806 2209 1899 2242 tom.
1927 2205 1940 2243 4
1980 2215 2065 2255 pag.
2097 2203 2158 2242 46.
2183 2214 2267 2253 seq.
2300 2202 2388 2241 Dia—

1443 2267 1543 2304 rium
1572 2265 1829 2305 Eruditorum
1860 2265 1993 2304 ltaliae
2021 2269 2116 2304 tom.
2146 2265 2182 2304 X
2212 2276 2248 2316 p.
2279 2265 2370 2304 268.

1493 2330 1510 2349 ⁴*
1540 2329 1598 2366 Ex
1623 2329 1785 2378 antiquo
1823 2326 2082 2366 Ambrosiano
2123 2326 2268 2366 Codice
2311 2328 2390 2366 MS.

1444 2391 1566 2428 vitam
1591 2390 1628 2428 S.
1653 2390 1878 2439 Hieronymi
1904 2401 1973 2440 per
1991 2389 2210 2428 Eusebium
2233 2389 2393 2428 Cremo-

1445 2462 1674 2489 monensem
1700 2452 1804 2490 edita
1828 2452 1990 2502 vulgata
2025 2456 2088 2491 est
2108 2462 2131 2490 a
2155 2451 2214 2491 Cl.
2246 2450 2394 2491 Vallat-

1445 2514 1502 2551 sio
1527 2515 1562 2550 in
1589 2514 1805 2552 novissima
1838 2513 2008 2552 editione
2039 2523 2204 2563 operum
2234 2512 2273 2552 S.
2307 2513 2394 2552 Hie—

1446 2576 1600 2625 ronymi
1639 2576 1856 2614 Veronensi
1887 2577 1924 2613 in
1955 2575 2147 2614 mantissa
2182 2585 2270 2626 pag.
2303 2572 2394 2614 297.

1448 2638 1550 2675 inter
1579 2639 1802 2676 testimonia
1832 2641 2030 2676 veterum.

1500 2701 1530 2738 E
1540 2700 1746 2740 USEBIUS
1765 2698 1816 2738 ab
1837 2698 1998 2738 Emissa
2014 2729 2023 2737 .
2054 2699 2140 2738 sive
2164 2696 2392 2745 Emesenus,

1448 2767 1709 2811 cognomento
1733 2763 1916 2810 Pittacas,
1945 2762 1979 2809 a)
2003 2759 2220 2799 concitatus
2244 2761 2392 2808 orator,

1450 2824 1546 2862 Galli
1570 2825 1822 2875 Imperatoris
1856 2823 1973 2874 jussu
2011 2823 2244 2861 interfectus
2279 2820 2395 2860 Anno

1451 2886 1538 2924 3534.
1561 2886 1656 2925 Vide
1685 2886 1941 2925 Ammianum
1974 2885 2243 2924 Marcellinum
2277 2883 2393 2932 XIV,

1452 2948 1487 2986 7.
1520 2949 1630 2987 Ilunc
1666 2950 1714 2987 ab
1750 2948 1922 2988 Eusebio
1956 2948 2157 2987 Emeseno
2200 2946 2394 2996 Episcopo

1446 3009 1534 3059 jure
1551 3012 1770 3060 meritoque
1787 3011 1995 3062 distinguit
2009 3009 2285 3049 Tillemontius
2299 3011 2392 3046 tom.

1451 3072 1511 3109 Vl.
1534 3084 1619 3122 pag.
1644 3072 1734 3111 757.

1504 3135 1750 3174 EUSEBIUS
1772 3135 1987 3174 Emesenus
2010 3135 2048 3172 in
2074 3132 2279 3172 Phoenicia
2301 3130 2393 3180 Epi-

1507 3274 1540 3313 ει)
1558 3276 1682 3306 Vitiose
1699 3276 1732 3306 in
1750 3275 1823 3306 aliis
1841 3269 2246 3307 editionibuszEuwbius
2263 3268 2302 3301 in
2317 3268 2398 3309 Mu·

1448 3324 1521 3354 siae
1537 3348 1545 3362 ‚
1563 3324 1707 3363 pietatis
1727 3327 1970 3363 coqnemenw.
