2500 3841
856 206 1345 247 DIOCLEATES

125 277 301 326 Baptista
339 275 388 313 de
426 275 638 325 Gazulupis
672 286 758 326 pag.
797 277 884 315 503.
917 278 1080 317 Fallitur

119 343 254 377 autem
298 338 426 377 Julius
463 338 581 387 Niger
603 349 695 376 cum
723 349 808 389 pag.
837 340 925 378 447.
961 340 1083 379 histo-

119 402 201 439 riae
225 401 464 450 scriptorum
496 399 812 440 Florentinorum
843 405 897 441 ait
934 404 1081 443 Dinum

119 473 189 501 sex
223 461 342 500 libros
372 461 573 512 Lugduni,
597 463 783 512 Parisiis,
822 465 1006 504 Coloniae
1042 471 1081 503 et

118 525 295 563 Venetiis
314 525 442 564 editos
466 526 675 576 scripsisse
703 527 740 564 in
766 528 928 567 titulum
953 528 1001 567 de
1022 541 1082 566 re-

119 587 223 639 gulis
250 588 382 637 Juris,
418 588 527 626 illum
574 600 717 639 nempe
756 590 918 629 titulum
948 592 1081 629 animo

119 651 322 700 cogitans,
346 651 414 701 qui
438 651 535 689 libro
562 651 701 691 ultimo
729 653 982 703 Digestorum
1014 652 1082 691 ha-

119 712 247 751 betur.
273 712 351 752 Sed
371 714 499 753 Dinus
524 715 684 764 scripsit
707 716 744 753 in
769 716 958 754 Bonifacii
981 716 1080 754 VIII.

120 775 279 826 regulas
302 776 412 815 Juris
434 777 688 816 LXXXVIII.
707 790 808 829 quae
825 778 968 818 librum
995 790 1085 817 sex—

120 843 207 877 tum
240 839 509 878 Decretalium
540 839 748 879 claudunt.
780 841 946 879 Caetera
977 840 1082 879 illius

119 901 207 939 JCti
225 902 385 953 scripta,
402 906 447 941 ut
462 901 508 941 cle
517 901 918 954 praescriptionibus,
932 901 979 941 de
994 913 1084 940 suc-

120 962 366 1003 cessionibus
389 969 464 1003 etc.
504 964 608 1015 apud
631 964 806 1004 eundem
835 966 1001 1016 Nigrum
1026 965 1084 1001 vi-

121 1026 292 1066 deantur
308 1039 317 1076 3
335 1031 375 1066 et
388 1027 494 1078 apud
519 1027 783 1066 Trithemium
804 1039 888 1079 cap.
915 1028 991 1066 545
1007 1031 1081 1065 etc.

178 1090 241 1139 (92
260 1091 388 1129 Dinus
413 1089 461 1128 de
486 1090 634 1141 regulis
655 1091 757 1138 juris
782 1090 874 1139 (Lib.
898 1091 961 1139 Vl)
977 1087 1085 1127 novi·-

123 1154 182 1189 ter
205 1150 426 1202 castiyacus
463 1154 532 1190 etc.
559 1153 642 1202 (per
671 1152 741 1190 Th.
774 1151 1083 1203 Diplobatatium

126 1213 192 1263 qui
215 1212 359 1252 librum
385 1212 474 1251 ded.
500 1213 697 1252 Altobello
716 1213 914 1253 Averoldo
929 1214 1000 1264 Ep.
1017 1214 1088 1251 Po-

123 1275 202 1314 len.
219 1286 240 1313 e
259 1275 402 1314 Leonis
422 1276 471 1314 X.
491 1275 564 1326 leg.
585 1274 633 1313 de
650 1276 772 1314 latere
787 1276 1001 1327 apostolico
1017 1286 1087 1326 per

123 1339 321 1377 Venetum
338 1339 621 1390 Principatum)
643 1340 768 1377 Venet.
785 1351 810 1377 a
829 1338 984 1377 Pitzcioi
997 1339 1038 1377 54
1050 1338 1086 1385 8,

125 1401 164 1438 8.
177 1404 218 1439 et
235 1412 267 1439 c.
284 1399 408 1439 addit.
442 1401 528 1440 Nic.
550 1400 819 1453 BoeriiLuycl.
844 1401 957 1450 4556,
987 1401 1023 1438 8.
1048 1405 1088 1438 et

130 1464 218 1502 Ven.
233 1464 395 1513 l585‚8.
416 1465 473 1503 De
489 1475 535 1503 eo
553 1471 688 1504 autem
707 1469 748 1503 et
769 1465 818 1503 de
832 1465 878 1504 D.
903 1462 967 1502 del
985 1463 1089 1501 Gar-

127 1525 186 1564 bo.
204 1525 302 1566 Vide
323 1524 462 1579 Philip.
483 1525 628 1566 Villam·
649 1528 707 1566 De
730 1526 898 1580 famosis
920 1525 1085 1566 civibus.

177 1587 509 1638 DIOCLEATES‚
534 1589 757 1641 Presbyter,
782 1588 830 1628 de
858 1599 979 1640 regino
999 1587 1089 1629 Sla—

125 1663 270 1692 vorum
320 1651 452 1691 editus
499 1653 640 1691 Latine
685 1652 723 1690 in
765 1653 940 1691 Joannes
980 1652 1088 1692 Lucii

125 1726 244 1766 opere
260 1713 309 1753 de
325 1726 445 1765 regno
461 1714 680 1754 Dalmatiae
695 1718 736 1753 et
752 1715 931 1754 Croatiae
951 1726 974 1753 a
996 1726 1090 1765 gen-

126 1779 180 1815 tis
193 1778 342 1829 origine
357 1776 406 1816 ad
426 1776 588 1816 Annum
608 1776 955 1816 4480.A1nstelod.
975 1777 1090 1816 4666.

130 1839 193 1878 fol.
218 1843 259 1877 et
278 1851 328 1878 ex
351 1839 486 1878 Italica
510 1840 721 1888 versione,
744 1840 783 1877 in
806 1840 930 1878 Mauri
954 1838 1089 1876 Orbini

130 1913 272 1953 opere,
308 1902 372 1940 cui
401 1901 567 1940 titulus:
608 1901 632 1938 il
668 1911 789 1952 regno
828 1900 920 1939 delli
963 1900 1089 1948 Slavi,

130 1964 245 2015 hoggi
263 1963 360 2002 detti
391 1963 617 2003 Schiavoni.
643 1963 794 2002 Pisauri
819 1964 934 2002 4604.
960 1962 1022 2001 fol.

187 2025 267 2065 Odo
294 2025 342 2065 de
368 2025 600 2072 DIOGILO,
627 2026 726 2075 (aliis
749 2024 796 2064 de
821 2023 936 2077 Dejil')
959 2024 1092 2064 Abbas

133 2090 172 2128 S.
195 2088 367 2127 Cornelii
392 2086 742 2138 Compendiensis,
773 2087 989 2126 deinde-ab
1017 2087 1092 2125 An.

133 2150 251 2190 4453.
274 2150 312 2189 S.
329 2150 509 2200 Dionysii
531 2150 569 2187 in
591 2149 728 2199 Gallia,
749 2150 918 2200 scriptor
939 2148 1092 2187 itineris

131 2211 400 2251 transmarini
412 2210 489 2251 An.
513 2210 628 2251 4447.
656 2213 830 2263 suscepti
857 2224 877 2251 a
899 2211 1093 2250 Ludovico

134 2274 216 2314 VII.
226 2275 331 2326 Rege
345 2275 585 2313 Francorum
604 2275 643 2312 in
653 2273 857 2313 Orientem
874 2272 990 2313 libris
1009 2274 1063 2313 VI
1064 2274 1092 2312 I.

131 2338 224 2376 editi
249 2351 271 2378 a
293 2340 410 2377 Petro
439 2338 650 2377 Francisco
679 2337 862 2377 Chissetio
895 2338 933 2377 S.
964 2339 999 2376 J.
1031 2339 1095 2376 Di-

129 2402 246 2439 vione
265 2400 381 2440 4660.
399 2401 434 2449 4,
451 2412 530 2439 una
545 2411 637 2439 cum
655 2401 694 2440 S.
711 2400 930 2439 Bernhardi
951 2401 1094 2439 illustri

131 2473 276 2511 genere
306 2467 472 2500 asserto.
509 2461 606 2501 Vide
636 2461 839 2501 Oudinum
862 2463 921 2508 II,
946 2463 1060 2501 4443.

187 2523 444 2563 DIONOTUS
461 2554 469 2573 ,
490 2535 611 2574 supra
629 2555 637 2573 ,
657 2524 923 2563 DINOTIIUS.

187 2585 460 2625 DIONYSIUS
490 2586 618 2636 patria
651 2585 839 2634 Calaber,
875 2586 1097 2637 Episcopus

133 2650 337 2688 Romanus
357 2647 481 2686 fuisse
494 2646 727 2698 perhibetur
747 2647 779 2695 a)
801 2659 871 2697 per
885 2658 1011 2686 annos
1031 2647 1099 2687 de-

139 2722 226 2750 cem
246 2740 255 2760 ,
275 2722 297 2749 a
317 2710 380 2750 22.
403 2709 497 2749 Julii
517 2708 632 2748 Anno
653 2709 806 2748 Cllristi
829 2709 918 2748 259.
949 2709 997 2748 ad
1018 2709 1099 2749 An-

136 2785 233 2813 num
253 2773 344 2812 269.
366 2773 430 2812 26.
462 2771 704 2810 Decembris.
739 2770 837 2810 Vide
870 2772 973 2809 Petri
997 2773 1099 2811 Cou-

136 2840 246 2875 stant
263 2834 464 2887 Epistolae
484 2834 718 2873 Pontificum
756 2845 841 2884 pag.
875 2832 965 2873 270.
986 2844 1096 2883 seqq.

139 2898 206 2938 ubi
225 2902 315 2949 post
335 2898 555 2948 fragmenta
585 2897 734 2935 Graeca
767 2897 944 2946 Dionysii
974 2898 1099 2947 Papae

139 2964 180 2999 et
205 2959 356 3011 Synodi
374 2961 575 2998 Romanae
595 2958 642 2998 ab
658 2970 703 2997 eo
726 2957 882 2997 habitae
902 2957 1099 3008 Epistola-

140 3033 311 3074 rumque
338 3020 386 3061 ad
408 3022 641 3073 Dionysium
665 3020 775 3059 Alex.
811 3019 1008 3059 adversus
1030 3022 1101 3059 Sa-

143 3085 332 3125 bellianos
353 3116 362 3135 ,
382 3088 424 3124 et
456 3084 634 3135 Dionysii
662 3082 917 3122 Alexandrini
948 3082 1100 3121 elenchi

143 3152 183 3185 et
199 3148 412 3199 apologiae.
425 3147 511 3186 sive
526 3145 792 3197 Epistolarum
810 3143 856 3182 ad
869 3144 1099 3193 Dionysium

203 3250 236 3289 a)
259 3251 346 3282 Alias
370 3253 554 3282 sententias
587 3251 661 3282 vide
685 3252 718 3281 In
743 3248 882 3280 diversis
904 3248 1106 3279 emtionibus
1179 3277 1183 3280 .

141 3299 345 3333 rontifieaiis
365 3303 488 3332 veteris
511 3299 598 3340 apud
623 3299 904 3332 schelstratcnuin
929 3307 1002 3338 pag.
1027 3298 1105 3331 455.

143 3351 215 3383 435.
243 3349 355 3382 Tornil
386 3351 604 3389 ,antiquitatis
631 3350 795 3382 Ecclesiae
820 3348 1012 3380 illustratae.

2009 207 2087 247 ht?

1152 281 1370 319 Romanum
1394 290 1483 330 pag.
1501 279 1579 317 292
1598 282 1708 318 notat
1730 279 1778 318 ab
1801 279 1948 318 Isidoro
1968 280 2114 319 Merca-

1154 349 1237 383 tore
1257 344 1358 383 duas
1377 344 1564 394 Dionysio
1586 344 1710 394 Papae
1741 344 1968 394 suppositas
1989 343 2113 382 fuisse

1153 405 1354 457 Epistulas
1369 438 1379 455 ,
1404 418 1525 445 unam
1545 405 1600 444 ad
1621 403 1826 445 Urbanum
1846 405 2113 457 praefectum,

1154 469 1319 507 alteram
1339 467 1395 506 ad
1429 469 1622 508 Severum
1656 469 1910 520 Episcopum.
1942 467 2116 507 Easdem

1155 531 1338 570 salsitatis
1359 532 1565 570 convictas
1594 530 1730 569 videre
1762 535 1826 569 est
1854 532 1893 569 in
1923 530 2116 570 Blondelli

1154 592 1478 633 Pseudo-isidoro
1499 604 1587 643 pag.
1619 593 1708 631 349.
1731 604 1813 643 seq.
1846 592 1957 639 Quod
1980 598 2116 632 autem

1155 656 1382 695 Ludovicus
1415 655 1588 694 Jacobus
1623 666 1708 705 pag.
1755 656 1816 695 62.
1852 655 2117 695 Bibliothecae

1156 718 1383 757 Pontificiae
1395 717 1488 756 huic
1500 718 1687 766 Dionysio
1698 729 1746 756 ex
1764 718 1998 768 fragmentis
2013 729 2121 757 com-

1156 780 1338 819 mentarii
1378 779 1609 829 Luitprandi
1649 780 1870 818 Ticinensis
1900 791 1986 832 pag.
2027 780 2117 820 295.

1155 841 1344 881 adscribit
1374 839 1522 879 librum
1546 839 1591 879 de
1626 840 1706 879 situ
1747 840 1890 891 Orbis,
1912 854 2021 881 error
2057 847 2120 881 est

1156 905 1479 952 manifestarius,
1510 915 1602 942 cum
1641 908 1723 941 toto
1759 904 1867 941 coelo
1903 909 1943 941 et
1972 904 2120 955 majore

1156 978 1277 1017 quam
1309 966 1456 1005 saeculi
1502 966 1714 1005 intervallo
1759 965 1915 1004 differat
1951 966 1998 1004 ab
2030 967 2122 1017 Epi-

1156 1040 1275 1080 scopo
1305 1029 1379 1067 hoc
1398 1029 1589 1080 Dionysio
1624 1029 1841 1079 Dionysius
1868 1029 2092 1079 periegetes
2114 1057 2122 1076 ,

1158 1092 1372 1142 ethnicuS,
1402 1090 1520 1141 cujus
1544 1102 1706 1130 carmen
1728 1091 1925 1130 Graecum
1966 1092 2122 1142 insigne

1159 1154 1279 1206 hujus
1304 1155 1529 1205 argumenti
1561 1154 1756 1193 habemus
1802 1154 1993 1193 Similiter
2032 1154 2121 1192 ferri

1160 1229 1237 1256 non
1268 1222 1427 1268 potest⁷
1458 1217 1562 1268 quod
1593 1217 1733 1256 eodem
1763 1218 1847 1256 loco
1879 1217 2125 1256 Commenta-

1159 1280 1248 1319 rius
1271 1280 1468 1320 adversus
1501 1279 1681 1318 Arianos
1719 1278 1903 1318 haereses
1931 1280 2121 1330 Dionysio

1160 1345 1287 1394 Papae
1317 1343 1521 1392 tribuitur,
1550 1341 1667 1392 cujus
1697 1347 1875 1393 tempore
1889 1374 1900 1390 s.
1918 1342 1998 1380 Arii
2032 1342 2124 1381 hae-

1162 1406 1273 1444 retici
1294 1416 1439 1443 nomen
1462 1404 1639 1443 nondum
1661 1410 1747 1443 erat
1775 1404 1958 1444 auditum
1977 1434 1985 1450 ,
2021 1404 2125 1455 quod

1161 1469 1243 1507 fieri
1264 1469 1393 1518 coepit
1420 1467 1469 1506 ab
1490 1467 1605 1506 Anno
1635 1467 1724 1506 346.
1760 1468 1895 1518 Neque
1924 1466 2125 1506 adversus

1163 1529 1336 1569 Paulum
1377 1532 1683 1570 samosatenum
1720 1531 1880 1581 scripsit
1909 1531 2127 1580 Dionysius

1162 1596 1283 1645 Papa,
1309 1593 1379 1632 sed
1398 1594 1616 1644 Dionysius
1636 1593 1935 1633 Alexandrinus
1966 1594 2129 1644 Episco-

1162 1668 1251 1709 puS,
1270 1659 1374 1696 sicut
1393 1668 1415 1695 a
1433 1658 1564 1696 Cavco
1578 1655 1659 1706 jam
1679 1656 1780 1695 bene
1801 1660 1983 1696 notatum
1999 1656 2130 1694 video.

1217 1719 1492 1759 DIONYSIUS
1511 1717 1648 1758 Abbas
1667 1749 1675 1767 .
1698 1719 1797 1758 infra
1819 1750 1827 1769 ,
1858 1719 2130 1759 DIONYSIUS

1165 1782 1369 1833 Eocz'gyuus.

1218 1846 1489 1885 DIONYSIUS
1509 1844 1556 1883 de
1584 1845 1737 1896 Bur90‚
1759 1846 1798 1884 S.
1825 1842 2040 1895 Sepulchri
2066 1844 2129 1883 Ci-

1165 1917 1290 1954 vitate
1328 1917 1507 1954 Ducatus
1546 1915 1739 1966 Spoletini
1769 1916 1808 1953 in
1839 1915 1977 1963 Italia,
2008 1916 2129 1954 frater

1162 1978 1433 2017 Eremitarum
1455 1978 1492 2016 S.
1510 1976 1742 2029 Augustini,
1763 1978 1897 2017 clarus
1920 1979 2024 2016 circa
2048 1979 2129 2017 An-

1167 2052 1263 2079 num
1287 2041 1402 2080 4442.
1443 2041 1476 2078 si
1518 2040 1705 2079 audimus
1739 2041 2005 2079 Trithemium
2045 2052 2130 2092 cap.

1165 2102 1257 2143 728.
1282 2103 1358 2142 Sed
1379 2108 1420 2142 et
1440 2103 1535 2142 illud
1558 2103 1855 2142 emendandum
1881 2108 1922 2141 et
1941 2103 2045 2153 quod
2064 2115 2133 2142 su-

1166 2177 1237 2217 pra
1253 2170 1350 2204 tom.
1370 2166 1410 2214 l,
1432 2177 1523 2216 pao.
1540 2165 1631 2204 284.
1654 2166 1794 2216 scripsi
1811 2177 1904 2204 eum
1926 2166 2000 2204 An.
2018 2167 2132 2204 4380.

1166 2228 1372 2267 claruisse.
1398 2229 1498 2267 Nam
1519 2228 1656 2266 verius
1672 2232 1748 2277 est,
1769 2229 1988 2279 gratiosum
2012 2229 2135 2267 fuiss(¹

1168 2290 1274 2342 apud
1290 2290 1528 2339 Robertum,
1550 2291 1696 2340 Regem
1723 2291 1881 2330 Siciliae
1901 2321 1908 2339 ,
1929 2291 2135 2330 laudatum

1172 2364 1196 2391 a
1217 2352 1430 2391 Petrarcha
1465 2354 1605 2391 vivum
1628 2357 1938 2403 mortuumque,
1965 2359 2004 2391 et
2033 2354 2137 2392 diem

1168 2415 1314 2453 obiisse
1352 2415 1511 2466 Neapoli
1532 2414 1607 2454 An.
1642 2415 1757 2454 4339.
1796 2415 1893 2454 Vide
1916 2415 2135 2466 Josepliuni

1170 2477 1420 2527 Pamphilum
1456 2489 1542 2529 pag.
1587 2478 1648 2516 49.
1675 2479 1737 2517 50.
1773 2482 1814 2516 et
1849 2478 2026 2516 Elssium
2048 2489 2133 2528 pag.

1174 2540 1260 2577 469.
1297 2540 1364 2589 qui
1408 2544 1565 2589 praeter
1606 2541 1696 2579 alibi
1738 2543 1961 2579 memorata·
1986 2552 2006 2577 a
2041 2551 2133 2587 me,

1170 2592 1353 2631 Postillas
1391 2591 1479 2642 ejus
1514 2593 1554 2631 in
1591 2592 1810 2644 Epistolam
1847 2592 1902 2631 ad
1937 2594 2134 2631 Romanos

1172 2655 1306 2694 laudat
1321 2660 1362 2693 et
1383 2656 1724 2695 Commentarium
1743 2654 2016 2694 inAristoielis
2037 2657 2132 2694 Poe-

1172 2715 1284 2755 bicen.
1310 2718 1378 2755 His
1398 2716 1625 2756 addendum
1645 2717 1748 2767 quod
1772 2715 2031 2769 tropoloyicae
2047 2716 2134 2767 ejus

1171 2778 1448 2818 enm-raciones
1473 2779 1513 2817 in
1538 2778 1672 2818 Ovidii
1689 2778 2023 2831 metamorphosin
2038 2791 2127 2830 pro-

1174 2841 1361 2880 hibentur
1389 2842 1426 2879 in
1451 2841 1577 2880 indice
1610 2842 1831 2881 Clementis
1852 2842 1947 2880 VIII.
1971 2847 2010 2881 ut
2039 2843 2131 2880 Pos-

1174 2905 1340 2943 sevinus
1359 2904 1608 2953 observavit,
1626 2904 1744 2954 idque
1765 2906 1965 2955 sapienter
1978 2903 2131 2953 judica—

1176 2970 1260 3004 tum
1290 2966 1339 3004 ab
1367 2966 1597 3006 auctoribus
1631 2966 1771 3005 indicis
1789 2997 1798 3015 ,
1827 2978 1943 3005 nemo
1973 2968 2036 3005 cui
2065 2978 2133 3005 cor

1176 3029 1278 3079 sapit
1294 3030 1510 3079 negaverit.
1532 3029 1589 3068 Ac
1611 3030 1780 3068 fortasse
1798 3029 1902 3067 idem
1925 3029 1986 3067 vel
2004 3031 2130 3080 magis

1175 3101 1334 3140 quoque
1355 3091 1428 3129 hoc
1450 3091 1706 3131 merebantur
1742 3092 1981 3143 tropologiae
2010 3102 2133 3142 quae-

1175 3151 1267 3190 dam
1293 3153 1588 3203 frigidissimae,
1613 3154 1759 3204 quibus
1783 3164 1918 3193 sacros
1941 3155 2062 3192 etiam
2090 3154 2133 3192 li-

1175 3214 1267 3252 bros
1285 3216 1557 3254 contaminare
1574 3216 1781 3254 vaecordia
1799 3217 2133 3255 maleferiatorum

1179 3281 1438 3326 interpretum
1456 3277 1954 3330 quorundamjampridem
1974 3291 2049 3319 non
2062 3279 2132 3320 du-

1180 3338 1331 3377 liituvit.
