2500 3841
878 185 1347 229 ALEXANDER
2056 186 2104 224 61

95 263 233 305 stivale
243 269 362 316 atque
374 263 458 302 Hor
464 270 585 300 arum
605 258 900 300 canonicarum
909 260 1064 299 seriem.

99 327 225 366 Vitam
247 336 405 376 quoque
434 325 474 364 S.
499 321 678 374 Afflictis,
702 332 791 361 eam
835 323 979 372 ipsam,
1010 326 1055 361 ut

91 387 294 438 judicabat
320 386 534 435 Daumius,
567 395 689 434 quam
727 383 802 422 sub
840 383 1056 422 Hildeberti

97 451 256 488 nomine
279 449 464 488 Barthius
483 451 524 486 et
545 447 714 484 Rivinus
754 444 923 484 edidere.
956 447 1058 483 Tum

96 512 208 551 Vitas
230 511 500 550 Eremitarum
522 506 745 556 Bertellim',
770 517 816 545 ac
850 506 1032 557 Lunyari
1049 519 1058 543 .-

96 573 216 611 Prosa
238 577 396 623 praeter
417 572 627 610 Ser-mones
655 573 696 608 et
717 566 920 621 Epistulas
957 579 1063 606 com-

96 634 230 684 posuit
244 632 451 683 Epitomen
461 630 665 671 Historiae
680 631 885 681 speciatim
902 628 1063 667 Britan-

95 694 188 732 niae
210 705 311 744 quae
336 694 528 744 incipiens
551 704 572 731 a
598 696 690 730 nato
715 693 879 731 CHristo
913 690 1062 729 desinit

97 756 136 794 in
160 754 235 794 An.
259 755 374 794 4263.
398 755 532 793 Etiam
554 752 840 805 Compendium
862 751 1062 792 Historia-

96 827 189 855 rum
211 814 461 854 szlicarum
479 817 630 854 Frisius
654 816 689 854 ei
709 815 859 854 tribuit.

149 876 462 917 ALEXANDER
483 876 687 925 Halensis,
713 878 799 916 sive
840 875 887 914 de
914 874 1062 921 Hales,

99 941 335 979 Monasterio
359 939 581 979 Comitatus
615 937 995 978 Claudiocestrensis
1023 936 1063 973 in

99 1000 240 1052 Anglia
253 1001 269 1049 (
276 999 492 1049 Glocester)
509 999 669 1039 Ordinis
687 1000 901 1046 Minorum,
922 996 1065 1035 defun-

99 1067 190 1102 ctus
207 1062 366 1101 Parisiis
380 1061 495 1100 Anno
518 1062 632 1101 4245.
654 1061 838 1110 Magister
856 1060 1064 1097 Bonaven-

99 1129 212 1164 turae
235 1128 276 1162 et
303 1123 494 1162 Johannis
517 1125 646 1170 Duns,
683 1123 768 1160 sive
806 1120 923 1159 Scoti.
953 1119 1063 1157 Inter

100 1185 366 1226 Scholasticos
398 1185 543 1223 Doctor
583 1179 902 1235 irrefraqabilis,
939 1183 1060 1230 atque

100 1251 146 1286 ut
168 1251 231 1286 est
250 1247 290 1285 in
310 1245 399 1296 ejus
425 1244 654 1297 Epitaphio:

155 1324 267 1358 Gloria
280 1328 474 1363 Doctorum,
485 1324 586 1357 decus
601 1327 635 1356 et
648 1322 710 1356 flos
723 1320 1020 1361 Philosophorum,

152 1379 278 1408 Auctor
298 1376 501 1414 scriptorum
522 1375 574 1406 vir
595 1373 778 1405 Alexander
799 1372 972 1404 variorum

150 1427 275 1456 Non-ma
295 1423 547 1462 modernorum,
573 1422 646 1455 sons
671 1423 758 1461 veri,
782 1421 840 1454 lux
862 1420 1019 1452 aliorum.

98 1491 196 1532 Vide
218 1489 489 1540 Waddingum
505 1491 545 1528 in
558 1489 802 1528 Bibliotheca
821 1487 983 1527 Ordinis
998 1486 1068 1525 Mi-

100 1563 264 1598 norum‚
303 1554 345 1590 et
377 1555 486 1590 tomo
515 1551 533 1589 1
568 1549 786 1589 Annalium
824 1549 873 1588 ad
902 1547 1067 1587 Annum

100 1615 217 1654 4245.
241 1615 444 1652 Busaeum
473 1616 580 1651 tomo
600 1612 653 1651 III
677 1610 916 1650 Academiae
945 1610 1069 1649 Paris.

99 1686 188 1726 pag.
213 1674 290 1714 200
309 1685 420 1724 seqq.
442 1677 483 1713 et
507 1672 584 1711 673
607 1683 691 1722 seq.
711 1672 896 1723 Elogium
922 1682 944 1710 a
961 1672 1074 1709 Jaco-

101 1736 151 1774 bo
171 1735 338 1784 Gaddio,
357 1735 637 1781 Possevinum,
654 1731 870 1779 Oudinum,
883 1732 1071 1782 aliosque.

105 1797 167 1836 Ex
197 1795 284 1846 ejus
313 1794 488 1835 Postillis
511 1795 553 1834 in
575 1794 766 1834 universa
788 1792 945 1843 Biblia,
974 1803 1073 1842 quo-

101 1869 192 1897 rum
214 1857 342 1908 potior
363 1868 456 1908 pars
476 1858 515 1894 in
539 1856 661 1895 variis
680 1854 933 1894 Bibliothecis
955 1855 1065 1893 MSta

101 1922 344 1966 asservatur,
360 1917 592 1968 prodierunt
610 1915 898 1957 commentarii
905 1915 944 1954 in
955 1913 1065 1954 Psal-

101 1990 200 2028 mos,
217 1979 293 2018 sub
306 1981 629 2028 Bonaventurae,
650 1983 691 2017 et
707 1980 880 2017 maxime
896 1978 971 2025 sub
985 1979 1067 2017 Hu-

105 2042 218 2092 gonis
240 2040 290 2079 de
309 2039 410 2080 Caro
445 2039 667 2079 Cardinalis
706 2041 882 2089 nomine,
907 2041 1065 2091 saepius

104 2102 201 2142 editi
221 2103 398 2144 Venetiis
436 2102 552 2141 4496.
590 2102 744 2152 Lipsiae
788 2103 904 2141 4554.
924 2103 1065 2141 Venet.

105 2163 221 2203 4575.
242 2163 377 2204 Colon.
417 2163 512 2203 4624
551 2163 613 2201 fol.
637 2163 690 2202 Et
713 2162 755 2201 in
775 2162 1065 2215 Apocalypsin,

104 2225 263 2263 Parisiis
284 2223 386 2264 4647
406 2224 469 2263 fol.
494 2225 660 2264 Summa
680 2224 894 2265 universae
915 2224 1069 2264 Theolo-

99 2285 191 2336 9iae
213 2285 515 2337 quadripartita,
539 2287 580 2324 in
603 2299 681 2338 qua
716 2289 829 2327 visus
859 2293 922 2327 est
950 2300 1068 2327 omne

103 2352 300 2398 punctum
333 2348 494 2398 tulisse,
534 2349 714 2389 absoluta
733 2361 755 2389 a
779 2350 974 2389 Gvilelmo
1019 2349 1068 2388 de

104 2409 288 2448 Melitona
323 2414 364 2449 et
393 2411 480 2450 aliis
515 2411 716 2450 sodalibus
737 2417 827 2463 post
851 2411 1066 2451 Alexandri

106 2474 275 2508 mortem
294 2469 369 2509 An.
395 2472 499 2512 4252
522 2472 645 2523 edita,
669 2474 846 2513 Basileae
868 2475 970 2513 4502
990 2475 1066 2513 No-

105 2529 323 2581 rimbergae
340 2532 442 2572 4482
449 2534 624 2572 Venetiis
635 2536 649 2573 4
661 2534 749 2573 576.
758 2536 944 2575 Coloniae
962 2536 1065 2575 4622

106 2590 169 2628 fol.
188 2591 252 2629 Ex
268 2603 346 2641 qua
360 2591 651 2643 Compendium
666 2597 845 2646 Prosperi
866 2597 1066 2635 Urbinatis

104 2651 313 2690 Summula
334 2653 621 2692 resolutionum
637 2654 869 2706 Alexandri,
886 2659 1068 2695 Possevi—

108 2723 160 2750 no
182 2712 299 2751 valde
321 2712 515 2752 laudatur.
532 2713 593 2753 Ab
617 2716 681 2754 illa
705 2727 861 2756 summa
885 2718 1066 2757 diversae

108 2772 366 2822 Quaestiones
388 2773 430 2812 in
448 2778 621 2826 quatuor
637 2775 759 2816 libros
774 2778 1067 2817 Sententiarum

110 2833 299 2874 dicuntur
320 2835 451 2874 lucem
466 2837 615 2876 vidisse
632 2838 814 2887 Lugduni
828 2841 841 2878 4
853 2841 894 2878 54
906 2841 940 2878 5.
953 2840 1067 2879 Com-

106 2896 330 2936 mentarius
376 2897 417 2936 in
459 2898 768 2951 Melaphysieam
812 2899 1036 2941 Aristotelis
1051 2935 1063 2951 ,

105 2957 245 2996 Venet.
272 2958 375 2998 4572
400 2959 462 2998 fol.
488 2972 608 3010 quem
628 2961 692 2999 alii
721 2961 875 3000 malunt
894 2960 1066 3001 Alexan-

107 3016 177 3056 dro
196 3018 245 3057 de
265 3018 505 3060 Alexandria
523 3021 757 3061 adscribere.
782 3022 830 3060 In
845 3020 966 3061 libros
987 3027 1066 3063 tres

106 3076 154 3116 de
189 3079 343 3131 anima,
381 3082 555 3122 Oxoniae
588 3084 682 3122 4484
726 3083 787 3122 fol.
820 3085 984 3123 Summa
1020 3085 1066 3124 de

110 3138 347 3190 Virtutibus,
373 3144 531 3181 Parisiis
568 3144 668 3183 4509
695 3145 755 3183 fol.
782 3155 830 3182 cx
867 3156 945 3195 qua
974 3147 1066 3185 Vin—

107 3201 283 3240 centium
293 3203 614 3243 Bellovacensem
632 3209 769 3244 notant
786 3206 910 3244 multa
922 3207 958 3244 in
977 3217 1065 3258 spc—

107 3259 242 3301 culum
285 3273 403 3308 suum
434 3267 580 3308 morale
610 3266 824 3309 derivasse.
859 3269 943 3310 Non
973 3281 1062 3310 esse

1130 266 1264 302 autem
1303 261 1578 302 Alexandrum
1617 264 1821 300 auctorem
1844 258 1965 310 hujus
1995 269 2104 298 sum-

1131 335 1237 374 mae,
1258 335 1331 363 nec
1360 324 1551 363 Thomam
1573 334 1623 362 ex
1648 323 1713 362 illa
1748 333 1862 361 suam
1887 321 2105 360 secundam

1132 385 1333 425 secundae
1362 386 1615 437 compilasse,
1653 388 1792 424 contra
1828 383 2097 433 Waddingum

1132 446 1311 498 disputat
1326 448 1346 485 J
1350 448 1498 486 acobus
1515 447 1663 493 Quetif.
1686 451 1793 485 tomo
1807 447 1823 484 I
1839 445 2103 484 Bibliothecae

1136 509 1485 547 Dominicanorum
1506 520 1591 558 pag.
1612 509 1706 555 732l8
1729 520 1811 558 seq.
1844 519 1974 558 neque
2016 506 2108 546 Ale-

1135 569 1334 609 xandrum
1350 574 1649 620 praeceptorem
1667 571 1789 609 fuisse
1804 568 2108 619 ThomaeAqui-

1137 632 1260 680 natis,
1280 631 1433 670 Natalis
1461 629 1690 669 Alexander
1718 636 1825 670 tomo
1856 632 1925 670 VII
1961 631 2105 670 Histor.

1134 693 1365 732 Ecclesiast.
1394 702 1481 741 pag.
1518 691 1598 730 707
1624 703 1706 742 seq.
1732 692 1824 731 edit.
1850 694 1889 731 in
1915 693 2014 732 folio.
2033 693 2109 732 De-

1136 752 1399 792 structorium
1436 751 1652 801 Vitiorum,
1689 754 1970 805 Norimbergae
2001 755 2105 794 4496

1137 814 1276 852 Venet.
1300 814 1403 853 4582
1421 814 1483 852 fol.
1509 814 1616 864 quod
1634 825 1710 852 non
1732 815 1926 863 Halensis‚
1943 816 2012 854 sed
2029 817 2113 855 lon-

1137 887 1185 925 ge
1205 874 1374 924 junioris
1412 876 1498 914 Sec.
1530 876 1620 915 XIV
1662 876 1872 926 Scriptoris
1910 888 1999 915 esse
2022 889 2112 928 pro-

1139 936 1208 974 bat
1228 936 1413 976 laudatus
1436 937 1576 982 Quetif
1608 948 1695 988 pag.
1727 937 1816 976 349.
1850 937 2110 977 Concordiam

1136 996 1348 1050 utriusque
1387 998 1645 1048 Testamenti,
1671 1003 1711 1038 et
1733 998 1904 1039 Mariale
1926 1010 2114 1050 magnum

1136 1060 1245 1099 libris
1261 1072 1352 1111 sex,
1369 1060 1513 1100 librum
1533 1060 1580 1100 de
1615 1059 1756 1100 Verbis
1777 1060 1965 1109 exoticis,
1987 1060 2113 1100 Vitam

1135 1121 1345 1173 Richardi,
1360 1124 1476 1173 Regis
1487 1121 1667 1173 Angliae,
1688 1126 1728 1161 et
1748 1121 1913 1160 Thomae
1928 1121 2110 1162 Cantua-

1135 1183 1299 1233 riensis,
1323 1185 1479 1236 aliaque
1503 1184 1735 1235 Waddingo
1764 1187 2008 1232 memorata,
2038 1195 2114 1222 ne—

1135 1257 1200 1284 mo
1237 1246 1432 1286 hactenus
1466 1248 1505 1284 in
1539 1247 1672 1286 lucem
1718 1246 1904 1297 protulit,
1942 1246 2001 1284 uti
2036 1256 2111 1284 nec

1137 1306 1322 1347 Velamen
1339 1307 1385 1346 (le
1408 1307 1529 1360 factis
1571 1307 1798 1358 Mahometi,
1838 1307 1944 1357 quod
1973 1307 2109 1346 laudat

1136 1369 1239 1408 Gvil.
1256 1370 1468 1420 Eysengre
1479 1369 1585 1409 inius
1599 1370 1637 1407 in
1656 1369 1840 1419 Catalogo
1856 1370 2022 1407 testium
2037 1369 2114 1408 Ve-

1140 1432 1269 1470 ritatis
1290 1442 1377 1482 pag.
1404 1431 1479 1470 443
1505 1441 1578 1469 nec
1603 1429 1866 1471 Concordiam
1887 1429 2109 1470 DiviniJu-

1141 1491 1203 1531 ris
1226 1494 1265 1531 et
1279 1491 1475 1540 Humani,
1502 1490 1622 1542 cujus
1645 1493 1794 1530 mentio
1828 1492 1934 1543 apud
1970 1493 2111 1531 Lelan-

1145 1553 1243 1593 dum
1267 1564 1351 1605 cap.
1372 1554 1462 1593 234.

1197 1615 1511 1656 ALEXANDER
1523 1615 1711 1667 Heckam,
1726 1616 1831 1668 apud
1846 1617 2109 1656 Possevinum

1138 1672 1341 1717 *confictus
1360 1689 1408 1717 ex
1427 1676 1652 1717 Alexandro
1667 1678 1869 1718 Neckham
1883 1709 1895 1728 ,
1912 1677 2109 1728 quomodo

1145 1744 1253 1779 recte
1276 1739 1396 1778 etiam
1430 1739 1535 1790 apud
1566 1740 1900 1790 Eysengreinium
1922 1751 2009 1791 pag.
2032 1738 2108 1779 409

1146 1802 1356 1850 scribitur,
1380 1800 1431 1840 ad
1454 1813 1574 1851 quem
1598 1802 1841 1840 Possevinus
1865 1805 2065 1852 provocat.

1192 1862 1504 1903 ALEXANDER
1541 1863 1692 1902 Hessus
1710 1893 1718 1912 ,
1756 1862 1886 1900 eidem
1919 1863 2106 1902 laudatus

1137 1926 1423 1978 Eysengreinio
1445 1936 1533 1976 pag.
1559 1923 1635 1964 475
1655 1924 1705 1963 ad
1733 1923 1896 1963 Annum
1922 1924 2023 1963 4474
2045 1935 2109 1963 sa-

1138 1999 1228 2027 crae
1247 1988 1413 2039 paginae
1431 1988 1601 2034 Doctor,
1623 1986 1885 2036 Philosophus
1903 2015 1911 2034 ,
1931 1986 2078 2024 Rhetor
2096 2015 2104 2034 ,

1139 2061 1184 2089 ac
1207 2051 1325 2089 Po'eta
1343 2078 1352 2098 ,
1370 2048 1437 2087 ubi
1457 2047 1545 2098 ejus
1568 2048 1689 2086 libros
1704 2048 1755 2086 IV
1775 2047 1824 2086 de
1848 2049 2108 2087 Sacrosancta

1141 2112 1339 2151 CHRISTI
1370 2110 1590 2149 Salvatoris
1618 2110 1893 2148 Incarnatione
1920 2109 2105 2148 celebrat.

1194 2171 1509 2212 ALEXANDER
1529 2172 1766 2221 Tartagnius
1785 2170 1832 2209 de
1852 2169 1978 2209 Imola
1987 2201 1998 2220 ,
2021 2171 2107 2209 sive

1141 2234 1502 2273 Forocorneliensis
1520 2262 1528 2282 ,
1548 2232 1700 2281 JCtus,
1724 2233 1889 2271 Joannis
1912 2233 1961 2271 de
1984 2233 2107 2271 Imola

1142 2296 1363 2347 discipulus
1382 2325 1390 2342 ,
1412 2296 1481 2346 qui
1505 2295 1728 2343 Bononiae,
1753 2296 1929 2345 Patavii,
1953 2298 1994 2333 et
2018 2296 2110 2333 Fer-

1142 2359 1269 2397 rariae
1291 2357 1426 2397 docuit
1450 2360 1541 2408 post
1565 2356 1742 2395 medium
1766 2357 1921 2397 Saeculi
1945 2367 1967 2395 a
1990 2357 2110 2396 CHri—

1141 2424 1203 2458 sto
1227 2423 1320 2458 nato
1342 2420 1415 2459 XV
1437 2419 1614 2469 obiitque
1639 2417 1755 2457 Anno
1780 2418 1894 2458 4487.
1920 2418 2016 2457 Vide
2033 2418 2109 2456 Ca-

1140 2481 1347 2520 tellianum
1373 2481 1530 2520 Cottam
1550 2480 1598 2519 de
1632 2481 1880 2530 Jurisperitis
1903 2490 1988 2529 pag.
2013 2480 2102 2519 528.

1138 2542 1297 2580 Praeter
1316 2541 1536 2580 additiones
1559 2541 1608 2580 ad
1627 2541 1795 2580 Baldum
1813 2569 1822 2588 ,
1843 2541 2001 2590 scripsit
2022 2541 2106 2591 ipsc

1139 2604 1330 2642 Lecturas
1351 2604 1390 2641 in
1414 2604 1574 2653 Digesta
1593 2633 1602 2652 ,
1622 2607 1662 2640 ct
1686 2602 1870 2640 Codicem
1887 2631 1898 2648 ,
1916 2602 2107 2640 Consilio-

1141 2675 1311 2714 rumque
1330 2668 1370 2702 et
1385 2666 1682 2714 Responsorum
1697 2663 1817 2700 libros
1831 2663 1901 2700 VII
1927 2666 1969 2700 et
1988 2663 2107 2702 Com-

1142 2726 1358 2763 mentarios
1381 2726 1419 2762 in
1455 2729 1617 2763 sextum
1648 2723 1915 2762 Decretalium
1939 2727 1980 2762 et
2016 2725 2106 2763 Cle-

1141 2787 1352 2835 mentinas,
1368 2786 1546 2824 Venetiis
1562 2789 1602 2823 et
1618 2784 1801 2834 Lugduni
1816 2785 1975 2835 saepius
1984 2785 2101 2824 edita.

1142 2848 1187 2886 In
1207 2847 1520 2886 CaroliMolinaei
1540 2847 1643 2884 notis
1654 2846 1779 2885 multa
1794 2846 1961 2886 delenda
1977 2847 2104 2886 velint

1138 2908 1292 2947 Indices
1307 2908 1590 2958 expurgatorii,
1607 2918 1708 2957 quae
1724 2907 1860 2946 videre
1875 2908 1966 2947 licet
1981 2910 2101 2947 etiarn

1139 2970 1243 3020 apud
1267 2970 1540 3007 possevinum.

1166 3030 1310 3077 *(Haec
1330 3027 1460 3066 aliena
1483 3033 1575 3068 sunt
1598 3028 1649 3068 ab
1675 3029 1743 3068 hoc
1764 3029 1859 3080 loco)
1880 3032 2101 3082 Disputatio

1139 3089 1315 3129 eiusdem
1337 3094 1502 3129 curante
1525 3092 1622 3131 JCto
1644 3093 1800 3131 Nicolao
1815 3094 2009 3143 Tegrimio
2026 3095 2101 3132 Lu-

1138 3153 1246 3190 censi
1271 3151 1411 3201 prodiit
1436 3154 1561 3191 Lucae
1587 3155 1624 3191 in
1657 3154 1717 3192 fol.
1744 3155 1849 3205 typis
1872 3156 1918 3192 M.
1945 3156 2099 3194 Heni-ici

1138 3214 1192 3250 De
1213 3213 1390 3261 Colonia,
1411 3219 1451 3251 et
1475 3216 1629 3253 llcnrici
1646 3215 1693 3253 dc
1710 3216 1874 3254 llaerlen
1892 3227 1953 3255 au.
1982 3217 2095 3255 4494.

1139 3273 1272 3314 Altera
1295 3276 1380 3316 cius
1402 3275 1623 3327 Disputatio
1639 3276 1819 3317 discussa
1839 3277 2057 3317 Ferrariae
2071 3292 2095 3315 a
