2500 3841
861 214 1372 256 BURCIIARDUS

108 295 390 339 nonnunquam
405 286 602 337 provocat
617 282 673 322 ad
689 289 848 324 veteres
866 286 987 326 libros
1010 299 1075 327 ce-

109 349 372 396 remoniales3
397 350 436 386 et
465 344 678 385 didicimus
709 345 867 386 demum
895 360 952 388 esc
973 352 1078 402 Ray-

107 411 251 461 naldo,
275 402 408 462 ipsum
441 420 595 461 quoque
632 408 711 448 alio
749 421 865 462 opere
898 413 1076 451 Diarium

109 473 437 515 ceremoniarum
458 472 600 511 Curiae
618 472 819 511 Romanae
842 472 1052 525 scripsisse
1065 505 1076 522 ,

109 536 226 588 cujus
258 535 416 575 MStum
453 532 572 572 etiam
602 532 644 572 in
670 534 860 574 Archivio
893 535 1079 575 Vaticano

110 601 231 638 eaetet.
258 597 361 638 Cum
380 595 484 636 enim
503 594 579 634 sub
598 607 702 634 anno
725 598 833 637 4484
857 598 878 649 g
902 599 956 640 28
976 610 1083 649 men-

112 661 256 700 tionem
281 658 384 712 facit
405 657 534 710 le9um
553 671 579 697 a
604 658 891 700 Cardinalibus
911 660 952 699 in
982 661 1082 701 Con-

112 722 223 763 clavi
241 725 333 761 ante
354 720 578 761 electionem
593 722 811 761 Innocentii
830 723 928 762 VIII
939 723 979 761 in
988 735 1085 776 pro-

105 786 205 838 pria
236 783 440 825 commoda
475 783 752 834 conditarum,
789 784 934 838 quibus
967 787 1083 837 Papa

111 860 237 889 novus
251 846 563 899 adstrinqemlus
582 847 660 887 sit:
677 848 789 894 Quae
803 860 918 899 vero,
934 848 1079 900 inquit,

113 913 239 963 Leges
262 912 452 949 inventae
476 911 557 949 sint
580 922 602 949 a
641 910 935 961 Cardinalibus‚
960 911 1082 949 refert

110 974 414 1013 accuratissime
437 972 667 1024 praedictus
687 974 864 1012 Joannes
886 973 1084 1012 Burchar-

113 1036 216 1084 dus,
241 1036 572 1087 Argentinensis,
605 1036 784 1075 Clericus
821 1037 946 1074 sacris
974 1045 1085 1073 cere-

117 1099 261 1137 moniis
275 1099 506 1137 Praefectus
521 1127 529 1143 ,
544 1099 583 1136 in
596 1098 705 1137 MSto
720 1096 863 1137 Codice
883 1096 1083 1135 Tabularii

114 1162 308 1200 Vaticani.
330 1159 440 1199 Idem
458 1159 647 1198 Diarium
665 1157 898 1210 Raynaldus
921 1157 1087 1196 adducit

116 1234 275 1276 quoque
289 1221 364 1261 sub
379 1234 483 1261 anno
504 1223 610 1261 4485
628 1222 649 1272 ἓ
670 1222 724 1260 42
739 1219 813 1259 ubi
824 1219 870 1259 de
886 1220 1084 1260 creatione

115 1284 394 1325 Maximiliani
423 1284 465 1323 in
501 1285 645 1335 Reqem
681 1285 952 1322 Romanorum
988 1282 1084 1333 ayit.

117 1347 306 1387 Diarium
324 1347 372 1387 de
394 1350 550 1386 caetero
565 1345 797 1385 Alexandri
820 1346 874 1385 VI
886 1346 926 1384 in
943 1345 1086 1386 Codice

118 1407 368 1461 Berolinensi
391 1410 538 1449 misere
561 1409 774 1461 trajectum
797 1412 903 1458 erat,
925 1412 964 1447 et
984 1420 1087 1460 quae

119 1484 197 1511 non
212 1471 362 1524 procul
380 1471 433 1511 ab
457 1471 568 1511 initio
598 1475 708 1511 stare
743 1469 960 1520 debebant,
985 1471 1026 1509 in
1042 1470 1090 1522 fi-

119 1546 209 1574 nem
225 1534 313 1588 fere
337 1535 490 1587 rejecta
513 1538 640 1574 erant.
667 1536 716 1574 Ut
731 1533 828 1573 haec
849 1534 890 1572 in
912 1533 1091 1573 ordinem

108 1597 270 1649 justum
290 1596 594 1649 rediqerentur,
620 1597 830 1649 Eoecerpta
853 1596 992 1635 Diarii
1008 1596 1094 1635 Lei-

122 1658 302 1699 bnitiana
318 1658 432 1699 nobis
445 1658 653 1713 profuere.
678 1658 818 1700 Codeoe
841 1670 997 1711 quoque
1019 1660 1093 1697 Be-

120 1720 334 1762 rolinensis
354 1721 498 1761 Literis
513 1721 543 1761 A
552 1721 746 1761 leoeandri
767 1722 821 1761 VI
836 1721 892 1760 ad
913 1724 1094 1761 Savona-

119 1782 252 1822 rolam
283 1782 500 1835 finiebatur
517 1797 528 1833 ,·
547 1795 650 1836 quae
674 1796 771 1824 vero
803 1784 943 1823 deinde
965 1796 1093 1836 usque

121 1844 177 1884 ad
194 1845 313 1897 finem
348 1845 448 1884 anni
480 1846 585 1884 4505
610 1849 858 1898 sequuntur,
881 1846 922 1884 in
951 1846 1093 1886 Codice

123 1905 251 1947 solum
264 1907 567 1959 Eoecerptorum
584 1906 894 1960 Guelferbytano
910 1908 1094 1947 eaetitere.

185 1971 274 2020 (55.
295 1971 470 2010 Diarium
495 1969 713 2009 Burchardi
736 1973 1034 2010 commentariis
1057 1976 1097 2010 et

131 2043 311 2071 monum.
334 2032 500 2071 adiectis
529 2032 578 2071 ab
601 2032 755 2071 Achille
778 2033 1005 2072 Gennarelli
1027 2035 1095 2073 JC.

126 2099 167 2133 et
195 2106 258 2146 eq.
295 2094 520 2134 Florentiae
566 2095 680 2134 4856.
721 2096 757 2134 8.
796 2107 853 2146 gr.
892 2107 979 2147 pag.
1017 2096 1096 2135 huc

125 2168 257 2208 usque
287 2157 404 2207 320.)

130 2242 133 2245 ·
176 2218 528 2267 BURCHARDUS‚
545 2220 632 2259 sive
642 2219 981 2262 BURGHARDUS
996 2223 1098 2262 Dor-

127 2281 299 2322 cestrius
313 2314 324 2331 ‚
345 2281 502 2333 Anglus
517 2311 526 2330 ,
543 2283 762 2322 Monachus
785 2283 948 2324 Ordinis
970 2287 1098 2324 Bene-

125 2345 219 2384 dict.
244 2344 575 2393 Giribennensis,
599 2345 823 2385 Fremundi
842 2347 952 2387 Offae
976 2349 1096 2399 Regis

123 2409 168 2446 F.
185 2419 238 2446 ex
259 2406 528 2447 Occidentalis
552 2406 719 2460 Angliae
744 2408 891 2448 herede
917 2410 1097 2449 Monachi

124 2474 166 2508 et
186 2469 399 2519 Martyris,
420 2469 548 2508 Vitam
567 2473 606 2508 et
619 2469 866 2521 Martyrium
886 2472 1095 2522 scripsisse

123 2529 356 2582 perhibetur
378 2531 482 2569 circa
502 2530 666 2570 Annum
689 2531 780 2571 870.
796 2531 894 2571 Vide
918 2534 1096 2572 Pitseum

125 2603 212 2643 pag.
238 2591 315 2631 166
334 2595 375 2629 et
397 2592 563 2630 Baleum
584 2593 619 2631 II
643 2593 708 2632 22.

181 2654 221 2693 s.
244 2653 581 2693 BURCHARDUS
605 2653 781 2705 Anglus,
803 2647 955 2705 (anei,
975 2669 1097 2708 quem

129 2727 151 2755 a
168 2715 298 2767 priore
314 2715 472 2753 Pitseus
487 2716 637 2754 rectius
656 2715 884 2767 distinguit,
897 2718 1098 2758 Lelandus

128 2776 303 2817 eundem
333 2776 426 2814 facit
454 2787 539 2828 cap.
564 2777 650 2823 99.)
680 2778 898 2817 Monachus
938 2779 1099 2819 Ordinis

126 2840 167 2879 S.
191 2837 415 2886 Benedicti,
440 2837 772 2888 Nuisscellensis‚
802 2841 946 2880 Comes
983 2845 1099 2882 Boni-

128 2902 217 2942 facii
240 2902 456 2940 Frisiorum
490 2899 688 2952 Apostoli,
723 2905 765 2941 et
802 2902 1097 2955 Herbipolensis

127 2965 178 3005 ab
195 2963 312 3004 Anno
330 2962 409 3003 752
437 2962 487 3002 ad
513 2963 603 3003 791.
640 2964 887 3015 Episcopus,
911 2976 934 3004 a
967 2966 1097 3006 Pitseo

127 3038 215 3080 pag.
241 3026 318 3066 164
342 3024 512 3064 traditur
529 3027 740 3077 scripsisse
760 3024 807 3064 de
826 3024 1097 3067 substituendo

127 3099 357 3129 successore
363 3085 576 3139 prolioeam
585 3087 846 3139 eteleqantem
856 3088 1094 3130 Orationem.

127 3153 186 3191 De
205 3151 270 3190 illo
287 3150 404 3202 plura
423 3151 463 3188 in
482 3151 645 3190 Joannis
664 3151 769 3190 Petri
794 3150 982 3191 Ludovici
1002 3154 1098 3192 scri—

129 3213 310 3265 ptoribus
333 3212 745 3265 Wiirtzburgensibus
779 3217 873 3251 tom.
896 3214 910 3252 Ι
929 3243 937 3263 ,
962 3226 998 3266 p.
1020 3216 1096 3254 388

131 3287 215 3326 seq.
235 3279 277 3315 et
299 3275 406 3328 apud
432 3277 595 3315 Surium
622 3276 670 3315 14
694 3274 853 3314 Octobr.

184 3337 522 3380 BURCllARDUS
535 3336 788 3378 Balernensis
802 3341 840 3377 et
858 3337 995 3390 po'stea
1012 3338 1096 3380 Bel-

2041 220 2123 260 273

1149 286 1210 326 lae
1232 286 1351 327 vallis
1372 287 1508 327 Abbas
1542 288 1581 326 in
1612 288 1814 329 Comitatu
1851 289 2120 340 Burgundiae.

1148 349 1277 400 Hujus
1294 350 1630 401 subscriptionem
1649 351 1688 389 in
1707 351 1836 390 Vitam
1853 352 1891 391 S.
1904 352 2124 392 Bernhardi

1150 412 1327 463 Congius
1351 424 1394 451 se
1414 417 1529 452 notat
1549 413 1747 464 reperisse
1771 415 1811 452 in
1845 414 1993 455 Codice
2024 416 2126 455 San-

1150 476 1433 526 germannensi
1457 475 1546 514 584.
1574 476 1770 515 Nimirum
1792 477 1975 529 intelligit
1997 484 2120 530 caput

1153 537 1366 585 ultimum,
1391 536 1498 586 quod
1533 537 1630 575 libro
1667 539 1794 589 primo
1830 540 1937 578 vitae
1963 541 2000 580 S.
2030 541 2126 580 Ber-

1154 597 1297 636 nhardi
1328 609 1400 648 per
1423 598 1668 637 Gvilelmum
1700 600 1739 639 S.
1779 601 2011 641 Theodorici
2033 615 2128 642 con-

1155 661 1303 710 scripto
1338 658 1600 709 subjunctum
1635 661 1782 712 legitur
1810 664 1849 701 in
1883 663 2125 705 editionibus

1155 721 1331 772 Operum
1355 721 1394 760 S.
1432 721 1652 760 Bernhardi
1688 724 1910 765 Horstianis
1930 731 1971 765 et
1992 728 2129 767 Mabil-

1158 784 1325 822 lonianis
1342 812 1350 831 ,
1367 787 1412 822 ut
1427 784 1463 820 in
1486 785 1708 823 novissima
1723 789 1818 824 tom.
1836 788 1887 827 IV
1902 801 1988 840 pag.
2008 792 2125 830 1105.

1156 844 1216 883 Ad
1234 844 1341 883 hunc
1361 844 1640 884 Burchardum
1668 847 1848 898 Epistola
1871 849 1909 889 S.
1938 853 2130 891 Bernardi

1160 906 1250 945 146.

1210 969 1546 1010 BURCHARDUS
1569 971 1878 1013 Dorcestrensis.
1900 985 2033 1026 supra,
2047 976 2128 1016 An-

1151 1029 1257 1082 qius.

1211 1093 1550 1135 BURCHARDUS
1569 1097 1787 1137 Monachus
1803 1100 1842 1139 S.
1859 1099 1979 1150 Galli,
2001 1100 2047 1140 de
2064 1113 2131 1140 ca-

1156 1154 1268 1196 sibus
1292 1158 1529 1197 Monasterii
1544 1160 1584 1199 S.
1617 1159 1726 1199 Galli
1746 1161 1794 1201 ab
1830 1162 1948 1201 Anno
1972 1165 2050 1204 982
2081 1164 2130 1208 ad

1159 1221 1262 1259 1201
1283 1220 1416 1259 editus
1432 1222 1471 1259 in
1492 1222 1669 1261 Goldasti
1686 1222 1959 1264 Alemannicis
1975 1231 2070 1265 tom.
2094 1228 2130 1277 I,

1158 1294 1245 1333 pag.
1267 1284 1356 1322 110.
1377 1284 1434 1322 De
1455 1283 1611 1323 duobus
1625 1297 1720 1324 vero
1738 1287 2031 1337 antiquioribus
2050 1288 2132 1327 Ab-

1160 1342 1319 1383 batibus
1340 1346 1380 1384 S.
1399 1345 1508 1385 Galli
1524 1347 1766 1387 Burchardis
1783 1380 1790 1398 ,
1808 1352 1936 1400 primo
1963 1352 2134 1402 (cogno—

1161 1408 1268 1445 mine
1283 1407 1473 1458 Inqenito,
1491 1409 1596 1459 quod
1614 1421 1664 1448 ex
1679 1415 1793 1449 utero
1812 1413 1952 1451 matris
1970 1416 2134 1453 excisus

1162 1470 1297 1519 esset)
1319 1470 1473 1509 Abbate
1497 1471 1546 1509 ab
1569 1471 1685 1511 Anuo
1709 1474 1786 1512 959
1807 1479 1847 1512 et
1871 1475 2048 1515 secundo
2068 1477 2137 1515 de—

1164 1533 1301 1571 functo
1325 1531 1400 1571 An.
1428 1533 1530 1572 1034
1555 1534 1647 1573 vide
1671 1535 1956 1576 Bibliothecam
1974 1540 2136 1578 Patrum

1164 1594 1257 1634 edit.
1276 1594 1535 1646 Lugdunens.
1555 1600 1580 1634 t.
1600 1598 1747 1636 XXVII
1764 1600 1935 1649 pag.524
1952 1601 2016 1640 ubi
2032 1602 2136 1652 prio-

1165 1659 1220 1695 ris
1236 1656 1418 1708 Epistola
1437 1658 1492 1697 ad
1508 1659 1684 1698 Ottonem
1699 1661 1890 1712 asaqnum
1907 1693 1914 1712 ,
1931 1675 2053 1714 quam
2070 1664 2136 1702 ille

1157 1719 1314 1771 piperis
1331 1731 1506 1771 yranum
1528 1724 1742 1762 consucvit
1770 1725 1968 1776 appellare
1986 1755 1994 1773 ,
2016 1730 2056 1764 et
2080 1726 2136 1765 al-

1166 1784 1292 1821 terius
1315 1783 1462 1834 legitur
1475 1784 1744 1837 Epitaphium.

1218 1846 1557 1887 BURCHARDUS
1579 1848 1905 1900 ..llanyepheldius
1928 1851 2004 1890 sub
2027 1852 2137 1890 initia

1170 1907 1258 1946 Sec.
1282 1909 1389 1947 XlII.
1415 1910 1514 1948 Huic
1532 1909 1727 1961 digestam
1759 1911 2045 1952 Weiclzbiladm
2067 1914 2142 1953 Sa-

1169 1970 1359 2010 oeonicam
1381 1971 1762 2024 Maydeburyensem
1785 1974 1998 2025 debemus,
2023 1974 2141 2026 cujus

1172 2033 1377 2072 meliorem
1393 2034 1608 2074 editionem
1619 2037 2056 2076 Latino-Germanicam
2069 2049 2142 2076 nu-

1170 2106 1242 2146 per
1275 2095 1384 2135 dedit
1419 2098 1594 2137 Joannes
1628 2098 1851 2138 Fridericus
1884 2099 2144 2151 Ludovicus,

1172 2158 1292 2197 Halae
1330 2159 1536 2199 Saxonum
1572 2160 1666 2201 1721
1691 2191 1700 2212 ,
1727 2162 1748 2200 4
1773 2165 1864 2213 post
1894 2163 2144 2213 Lipsiensem

1172 2221 1448 2273 Christophori
1472 2223 1640 2273 Zobelii,
1665 2235 1745 2263 una
1768 2235 1860 2263 cum
1881 2223 1972 2275 jure
1997 2225 2141 2264 feudali

1172 2284 1387 2333 Saxonico,
1404 2286 1506 2325 1589
1525 2287 1587 2325 fol.
1603 2291 1644 2326 et
1659 2288 2036 2327 Francofurtensem
2052 2288 2144 2327 Gol—

1172 2346 1300 2396 dasti,
1326 2348 1430 2387 1613
1456 2349 1519 2387 fol.
1547 2350 1691 2400 in'qua
1707 2349 1872 2400 junctae
1896 2351 2005 2402 leges
2043 2352 2146 2389 Lon—

1170 2409 1455 2461 gobardorum,
1474 2411 1647 2450 Lotharii
1665 2413 1904 2464 Capitulare,
1922 2413 2141 2463 Speculum

1172 2473 1414 2511 Saxonicum
1436 2478 1477 2511 et
1499 2475 1572 2512 Jus
1593 2475 1812 2518 Cameralc.

1225 2534 1562 2575 BURCIIARDUS
1575 2536 1769 2575 Notarius
1789 2538 2045 2587 Imperatoris
2063 2539 2144 2575 Fri-

1172 2595 1293 2634 derici
1309 2596 1590 2646 Barbarossae,
1607 2598 1784 2649 Scriptor
1802 2599 2003 2648 Epistolae
2023 2598 2070 2637 de
2085 2599 2144 2638 vi-

1173 2657 1303 2696 ctoria
1333 2656 1558 2709 Friderici‚
1595 2662 1633 2697 et
1667 2659 1825 2698 eaecidio
1857 2659 2148 2701 Mediolanensi

1171 2718 1247 2758 An.
1273 2720 1376 2759 1162
1397 2719 1445 2758 ad
1466 2721 1671 2760 Nicolaum
1691 2721 2040 2772 Sigebergensium
2065 2724 2145 2762 Ab-

1171 2782 1331 2831 batem,
1355 2786 1451 2820 tom.
1476 2783 1491 2821 Ι
1512 2784 1692 2834 scriptor.
1712 2784 1900 2823 German.
1918 2784 2079 2824 Freheri
2105 2799 2140 2837 p.

1176 2843 1374 2882 330-332.

1224 2906 1354 2946 BURC
1362 2905 1564 2947 HARDUS
1579 2906 1898 2947 Nuisscellensis.
1914 2919 2047 2960 supra,
2062 2909 2092 2948 A
2100 2922 2142 2948 n-

1168 2966 1271 3019 qlus.

1225 3029 1584 3079 BURCHARDUS,
1605 3034 1674 3083 qui
1698 3031 1968 3072 Palaestinam
1992 3033 2142 3074 descri-

1171 3093 1264 3144 psit.
1291 3093 1435 3144 Supra,
1460 3094 1762 3135 BROCARDUS
1780 3107 1868 3147 pag.
1891 3096 1969 3136 262

1226 3155 1562 3197 BURCHARDUS
1581 3158 1835 3209 Praepositus
1858 3157 2008 3210 Augiae
2032 3159 2141 3198 Divi-

1171 3217 1242 3266 tis,
1265 3218 1351 3256 sive
1374 3218 1719 3260 Reiclzemiviensis
1741 3221 1845 3259 circa
1874 3221 2036 3260 Annum
2061 3223 2138 3260 990

1172 3279 1418 3330 temporibus
1452 3282 1612 3321 Ottonis
1636 3283 1702 3323 Ill.
1737 3284 1991 3335 Imperatoris
2014 3285 2140 3323 versi-

1172 3342 1308 3381 ficator
1333 3354 1408 3382 non
1432 3343 1580 3384 infelix.
