2500 3841
86 317 187 357 Vide
202 318 283 356 Jac.
314 315 450 361 Quetif
466 313 515 351 de
540 313 801 364 scriptoribus
816 313 1041 354 Ord.Prae-

86 380 204 419 dicat.
231 383 327 417 tom.
355 379 370 417 4
395 387 511 427 ‚pag
551 375 643 415 425.
666 386 750 426 seq.
776 375 815 414 2.
862 374 1044 431 Valerius

84 439 304 481 Maximus.
317 439 353 478 3.
363 436 520 478 AEliani
528 438 667 477 Variae
679 437 883 485 Historiae,
893 434 1046 475 Graeca

87 563 246 617 Cocceji
280 562 544 603 SABELLICI
579 561 856 612 exemplorum
881 560 970 599 libri
993 561 1043 599 X.

87 628 124 666 5.
163 624 370 677 Baptistae
393 623 780 665 CAMPOFULGOSI
801 623 888 661 libri
913 623 982 661 IX.
1008 621 1044 659 6.

89 686 298 728 Parthenii
317 688 466 726 erotica
488 697 581 725 cum
621 686 807 725 versione
832 685 921 723 Jani
949 683 1047 722 Cor-

17 770 19 786 .
87 750 200 789 narii.
221 748 258 789 7.
288 749 530 790 GUIDONIS
553 746 600 787 de
624 747 744 785 Fonte
776 745 913 797 Nayo,
936 747 1048 784 Bitu-

87 812 282 861 ricensis,
305 811 406 850 liber
428 811 632 850 variorum
653 805 929 859 exemplorum
951 807 1048 846 scri-

87 877 183 925 ptus
210 873 285 914 Α11.
312 873 427 913 4546.
453 874 489 911 8.
513 873 563 912 Μ.
599 871 819 921 MARULI,
842 870 1050 921 Spalaten-

88 936 170 985 515,
195 935 244 974 (16
268 935 352 974 vita
375 935 560 984 religiosa
584 944 656 984 per
679 933 864 983 exempla
885 932 1049 970 institu-

87 997 192 1037 enda
219 997 307 1036 libri
339 996 402 1036 VI.
442 1007 494 1035 ex
531 995 626 1033 edit.
657 995 775 1034 Basil.
807 994 922 1034 4543.
947 995 983 1032 4.
1010 994 1046 1032 9.

89 1056 324 1098 Heraclides
347 1057 398 1096 (16
421 1057 597 1109 politiis,
621 1056 773 1095 Graece
797 1059 839 1094 et
865 1055 1002 1094 Latine
1026 1065 1048 1093 e

16 1152 18 1171 4
88 1121 253 1160 Joannis
273 1120 430 1160 Stobaei
445 1119 646 1170 florilegio.
670 1117 732 1158 40.
752 1115 854 1156 Julii
870 1117 1046 1156 Frontini

17 1176 18 1222 ἕ
89 1185 403 1235 strategematon
429 1181 517 1221 libri
541 1181 606 1220 lV.

145 1244 234 1285 Vita
265 1242 437 1285 Martini
452 1244 498 1283 V.
523 1242 725 1282 Pontificis
749 1243 799 1282 ab
826 1241 901 1281 An.
928 1240 1044 1281 4447.

89 1306 139 1346 ad
167 1307 284 1347 4434.
308 1315 431 1358 quam
454 1305 668 1357 Fulgosius
691 1305 903 1356 scripsisse
927 1304 1048 1343 tradi-

89 1372 156 1408 tur
177 1368 283 1420 apud
307 1368 432 1420 Raph.
458 1369 678 1419 Sopranem
703 1367 752 1406 de
784 1366 1047 1418 scriptoribus

89 1430 411 1482 Liguribus-pag.
436 1430 502 1470 54.
525 1434 566 1469 et
600 1429 875 1480 Augustinum
916 1427 1048 1468 Olodi-

90 1504 187 1533 num
208 1504 296 1544 pag.
323 1494 386 1532 85.
411 1492 591 1532 nondum
610 1492 742 1531 lucem
767 1491 877 1530 vidit.

141 1556 199 1595 De
217 1552 404 1609 foeminis
419 1565 524 1606 quae
544 1553 727 1593 doctrina
746 1552 1048 1602 eoecelluerunt‚

96 1619 201 1656 inter
223 1617 322 1656 alios
346 1616 396 1656 de
416 1617 599 1656 foeminis
618 1616 736 1655 claris
763 1619 804 1655 et
827 1615 1050 1655 illustribus

95 1680 326 1731 scriptores,
341 1680 464 1719 Paris.
481 1679 586 1731 apud
605 1679 702 1719 Sim.
719 1679 927 1719 Colineum
946 1678 1041 1718 4524

97 1742 160 1781 fol.
182 1741 280 1780 nihil
300 1741 405 1781 ahud
423 1745 487 1781 est
502 1752 623 1791 quam
644 1740 732 1780 libri
748 1741 836 1780 VIII
853 1740 1050 1779 factorum

89 1804 370 1854 dictorumque
393 1802 713 1843 memorabilium
732 1806 853 1853 caput
876 1803 912 1841 3.

143 1864 315 1906 Anteros
338 1865 517 1915 dialogus
540 1866 644 1903 inter
677 1865 877 1903 Platinum
912 1864 1046 1914 Bapti-

91 1932 196 1967 stam
217 1931 258 1966 et
272 1927 485 1967 Claudium
498 1927 608 1965 libris
623 1926 779 1966 duobus
797 1926 846 1965 ad
863 1928 1039 1978 equitem

90 1990 149 2028 Jo.
188 1990 448 2028 Franciscum
487 1988 727 2028 Pusterlam.
747 1988 898 2028 Mediol.
925 1989 1039 2028 4486.

92 2050 127 2089 4.
152 2050 186 2100 0)
224 2051 330 2102 apud
359 2050 609 2090 Leonardum
639 2050 808 2099 Pachel⁷
829 2054 869 2089 et
891 2050 1038 2090 Gallice

89 2111 203 2151 deum
235 2111 357 2152 livres
393 2111 449 2151 du
487 2112 756 2153 Contramour
784 2112 831 2151 de
865 2112 1039 2164 Baptisce

88 2172 258 2226 Fulqose
271 2205 283 2224 ‚
304 2185 356 2214 ou
379 2173 412 2213 le
435 2173 618 2226 dialoque
631 2173 678 2213 de
692 2173 872 2225 Baptiste
891 2177 929 2213 et
949 2173 1043 2213 Pla-

24 2282 26 2285 ,
88 2236 166 2275 tine
185 2239 319 2276 contre
343 2235 398 2276 les
415 2235 530 2289 folles
567 2247 758 2285 amours⁷
782 2237 892 2276 Paris
926 2237 1044 2276 4584.

88 2298 124 2337 4.
149 2298 327 2337 Platinus
349 2298 399 2337 ad
413 2300 635 2350 Baptistam
656 2299 1009 2349 Campofulgosum
1027 2311 1037 2335 .·

99 2378 126 2407 0
147 2384 200 2408 me
222 2375 367 2415 felicem,
390 2384 492 2417 quem
515 2380 627 2407 tantus
655 2377 808 2407 nominat
830 2379 950 2408 auctor

141 2429 278 2469 Saepius
301 2429 337 2459 in
360 2427 446 2458 libro
471 2434 533 2458 nec
557 2427 630 2458 sine
655 2426 751 2458 laude
773 2434 847 2458 suo.

99 2480 242 2513 Plenum
261 2476 400 2518 fulgoris
424 2477 631 2508 FULGOSUM
654 2476 758 2507 Gallia
785 2480 936 2508 nostrum

139 2532 233 2562 Nunc
255 2528 369 2566 habet,
394 2535 414 2558 o
437 2530 603 2567 quantum
620 2526 725 2558 Gallia
748 2526 860 2557 lumen
878 2526 991 2557 babet.

136 2605 159 2629 *
182 2605 298 2645 Liber
335 2605 423 2644 eius
453 2602 623 2643 Anteros
655 2603 759 2642 idest
794 2604 831 2641 in
870 2613 1047 2642 amorem

85 2669 303 2720 inscriptus
332 2679 410 2706 non
442 2668 630 2706 Latinum
670 2665 740 2704 sed
771 2665 952 2704 Italicum
985 2668 1047 2703 est

82 2741 183 2782 opus
205 2730 348 2781 dialogi
384 2741 494 2768 more
525 2728 761 2768 deductum.
789 2728 863 2774 Qui
896 2729 935 2765 in
965 2727 1047 2766 dia-

81 2793 214 2844 logum
232 2792 480 2832 inducuntur
496 2792 571 2830 viri
598 2792 746 2842 prioris
769 2789 933 2841 quidem
958 2790 1046 2829 iibri

81 2858 179 2895 sunt
212 2855 393 2905 Baptista
431 2854 632 2904 Fulgosus
670 2857 710 2892 et
734 2853 914 2892 Platinus
937 2852 1046 2891 Plato

80 2917 119 2955 in
149 2917 318 2956 alterum
352 2927 450 2956 vero
483 2916 630 2955 librum
659 2917 804 2955 tertius
840 2914 1044 2954 inducitur

81 2977 272 3018 Claudius
290 2978 339 3017 de
359 2978 571 3018 Sabaudia.
588 2979 799 3030 Epilogum
821 2978 953 3028 operis
971 2989 1040 3016 ex-

22 3062 26 3066 ·
80 3039 190 3079 hibet
205 3041 344 3080 Latina
359 3040 539 3080 authoris
553 3040 791 3092 apostrophe
807 3040 856 3079 ad
879 3040 1035 3079 librum.

79 3102 226 3142 Prodiit
265 3113 361 3141 vero
407 3102 614 3142 Mediolani
653 3114 731 3141 non
767 3102 928 3152 quidem
973 3113 1035 3140 an.

133 3191 168 3231 a)
191 3190 340 3224 Laudant
361 3191 420 3222 alii
444 3191 628 3223 editionem
652 3191 745 3223 1469.
770 3191 864 3231 quod
894 3190 1043 3231 sphalma

74 3239 206 3273 videtur
226 3243 270 3274 M.
287 3244 434 3280 Augusto
456 3243 580 3281 Beyero
611 3243 645 3272 in
683 3243 856 3273 memoriis
883 3240 1042 3272 historico

75 3290 204 3322 criticis
240 3290 403 3322 librorum
437 3292 604 3323 rariorum
628 3300 661 3331 p.
683 3291 735 3322 50.
760 3292 817 3330 qui
849 3290 890 3319 de
916 3290 977 3320 hoc
1004 3288 1041 3317 11-

73 3339 133 3371 bro
159 3340 390 3372 consulendus.

9 3377 13 3547 i
74 3484 82 3489 .

85 514 179 542 cum
199 502 334 541 Herm.
363 499 511 550 Vulteji
532 501 728 539 versione.
752 500 786 537 4.
807 499 860 538 Μ.
884 497 1050 536 Antonii

914 245 1232 288 FULVIUS
1982 256 2059 295 (327

1116 318 1217 356 4486
1243 324 1286 359 ut
1306 321 1368 360 1110
1394 324 1583 363 mendose
1609 325 1810 365 Fabricius
1833 355 1841 375 ,
1868 327 1935 366 sed
1963 339 2066 367 anno

1123 379 1222 418 4496
1248 382 1351 432 apud
1377 384 1624 425 Leonardum
1650 387 1802 426 Pachoi.

1168 443 1482 495 1010011105,
1508 458 1628 498 supra
1652 436 1977 491 Femur-Tus?

1173 503 1454 549 FULQUINUS
1476 535 1485 548 .
1510 509 1600 546 vide
1625 511 1916 552 FOLCUINUS.

1171 561 1354 603 Andreas
1391 568 1602 609 FULVIUS
1623 601 1631 619 ‚
1675 573 1981 623 PraenestinuS,
2023 576 2063 621 b)

1119 623 1240 663 edidit
1260 626 1306 664 de
1325 626 1440 667 Urbis
1455 631 1600 669 Romae
1624 633 1926 684 antiquitatibus
1948 637 2066 675 libros

1119 684 1218 724 duos
1255 689 1364 737 epico
1404 692 1579 729 carmine
1603 693 1651 731 ad
1677 695 1847 733 Leonem
1876 698 1924 736 X.
1955 699 2063 737 Rom.

1121 748 1237 795 4543,
1259 749 1294 787 4.
1318 761 1396 799 quo
1419 751 1607 791 describit
1634 755 1744 794 Urbis
1764 758 1901 807 Reges,
1917 760 2067 799 Consu-

1121 809 1206 858 les,
1236 811 1526 861 Imperatores,
1558 819 1713 865 portas,
1743 819 1853 867 vias,
1883 825 2065 868 montes,

1121 875 1276 921 pontes,
1308 872 1596 923 aquaeductus,
1620 876 1815 926 thermas,
1847 881 1944 928 sora,
1968 887 2067 920 tem-

1122 933 1211 983 pla,
1236 933 1449 973 simulacra
1466 966 1475 982 ‚
1513 937 1745 984 001111111105,
1775 940 1938 990 aliaque.
1968 945 2066 982 Tum

1122 995 1338 1034 illustrium
1363 997 1552 1047 virorum,
1574 1002 1614 1036 et
1635 1000 1858 1049 mulierum,
1882 1002 2069 1053 imagines

1121 1058 1268 1096 Romae
1287 1069 1308 1096 e
1331 1060 1586 1099 numismatis
1614 1072 1636 1099 a
1672 1063 1753 1101 Jac.
1779 1064 1974 1102 Mazochio
2003 1077 2069 1104 ex-

1122 1130 1282 1170 pressas
1321 1131 1423 1159 anno
1473 1121 1540 1162 454
1553 1122 1587 1161 7.
1640 1126 1881 1175 temporibus
1928 1138 2068 1178 nempe

1123 1180 1303 1231 ejusdem
1343 1184 1484 1222 Leonis
1507 1186 1558 1223 X.
1596 1186 1742 1235 quibus
1766 1190 1939 1226 accessio
1968 1189 2069 1228 facta

1122 1248 1185 1283 est
1213 1244 1288 1283 sub
1317 1244 1528 1285 Clemente
1553 1248 1636 1286 Vll.
1675 1252 1794 1298 atque
1825 1250 1965 1289 iterum
1996 1251 2069 1290 sub

1122 1306 1240 1345 Paulo
1274 1307 1339 1345 III.
1378 1308 1458 1346 Hoc
1478 1307 1527 1347 de
1551 1319 1668 1359 opere
1688 1309 1882 1359 judicium
1909 1311 2068 1350 Antonii

1121 1367 1333 1419 Augustini
1376 1370 1466 1408 vide
1510 1370 1599 1410 dial.
1642 1373 1709 1410 XI.
1753 1372 1862 1410 Idem
1906 1373 2069 1413 Fulvius

1121 1432 1241 1469 etiam
1269 1433 1456 1471 orationis
1493 1444 1636 1483 genere
1658 1433 1785 1473 soluto
1809 1436 2068 1485 antiquitates

1120 1493 1237 1532 Urbis
1255 1495 1400 1533 Romae
1421 1495 1529 1534 libris
1543 1496 1586 1534 V.
1609 1497 1841 1547 complexus
1860 1501 1941 1535 est:
1963 1498 2066 1548 quod

1122 1567 1239 1607 opuS,
1263 1567 1354 1595 cum
1377 1558 1462 1595 aliis
1482 1557 1615 1608 ejusce
1644 1558 1804 1607 libellis,
1831 1559 1966 1598 itidem
1995 1562 2068 1598 Ro-

1123 1629 1228 1668 mae⁷
1250 1618 1320 1657 sed
1343 1630 1446 1658 anno
1479 1619 1641 1659 demum
1674 1620 1788 1660 4545.
1820 1622 1856 1659 8.
1880 1633 1902 1660 a
1920 1623 1968 1661 M.
1995 1623 2070 1661 Va-

1122 1681 1219 1721 lerio
1254 1682 1392 1720 Dorico
1421 1693 1616 1722 excusum
1650 1683 1745 1732 fuit,
1766 1684 1898 1723 addita
1944 1686 2064 1723 etiam

1124 1743 1308 1782 Oratione
1336 1743 1385 1783 (16
1410 1745 1524 1784 Urbis
1555 1745 1742 1795 antiquae
1780 1745 1987 1794 laudibus,
2018 1745 2069 1784 ad

1124 1807 1309 1852 Quirites.
1339 1807 1434 1845 libro
1465 1807 1488 1845 5
1519 1808 1703 1845 meminit
1734 1809 1787 1846 rei
1815 1820 1916 1858 quae
1945 1809 2068 1846 conti-

1122 1872 1232 1919 gerat
1246 1880 1279 1907 a.
1299 1869 1401 1908 4525
1416 1868 1477 1907 (116
1497 1868 1563 1908 20.
1578 1869 1691 1908 1111111.
1714 1870 1891 1907 Meminit
1909 1882 2066 1920 quoque

1119 1931 1249 1970 Fulvii
1278 1931 1509 1981 Onuphrius
1533 1932 1735 1970 Panvinus
1756 1932 1874 1982 praef.
1903 1933 1937 1970 in
1963 1943 2069 1970 com-

1133 1994 1347 2033 mentarios
1375 2004 1469 2031 suos
1497 1993 1546 2032 de
1573 1995 1664 2044 Rep.
1687 1995 1794 2032 Rom.
1816 1995 1994 2041 Patrum,
2014 1994 2070 2030 in-

1117 2058 1215 2107 quit,
1231 2055 1422 2094 memoria
1443 2054 1627 2094 Andreas
1654 2054 1821 2095 Fulvius
1849 2053 1981 2094 multis
2018 2054 2063 2092 li-

1115 2118 1200 2158 bris
1229 2118 1406 2157 carmine
1430 2121 1468 2156 et
1493 2116 1621 2156 soluta
1642 2117 1817 2156 oratione
1840 2115 1980 2155 Urbem
2008 2127 2069 2154 ce-

1118 2179 1300 2219 lebravit.

1170 2243 1384 2282 FULVIUS
1410 2241 1637 2293 Asprianus
1662 2270 1670 2287 ‚
1694 2240 1743 2279 de
1767 2251 1845 2290 quo
1874 2241 2064 2289 Vopiscus

1122 2307 1161 2344 111
1187 2306 1331 2345 Carino
1351 2316 1384 2343 c.
1412 2303 1473 2343 47.
1498 2304 1672 2354 Lo729u7n
1696 2305 1755 2341 est
1775 2302 1813 2341 si
1833 2301 1878 2340 de
1902 2302 1986 2354 ejus
2012 2300 2072 2339 Iu-

1120 2366 1250 2406 oeuria
1259 2365 1384 2419 plura
1399 2364 1517 2406 velim
1534 2364 1678 2404 dicere.
1698 2363 1931 2415 Quicunque
1954 2363 2071 2402 ostia-

1123 2429 1191 2468 tim
1225 2428 1334 2480 cupit
1367 2439 1549 2476 noscere,
1590 2426 1692 2478 leyat
1731 2426 1848 2464 etiam.
1885 2426 2069 2464 Fulvium

1122 2492 1392 2542 Asprianum,
1422 2502 1551 2542 usque
1578 2489 1632 2528 ad
1666 2487 1835 2527 taedium
1869 2489 2071 2537 gestorum

1121 2554 1208 2606 ejus
1230 2552 1425 2592 um'versa
1461 2551 1663 2591 dicentem.
1698 2550 1910 2599 Imperium
1946 2549 2069 2598 gessit

1122 2617 1292 2657 Carinus
1312 2614 1355 2654 A.
1381 2615 1426 2654 C.
1457 2615 1553 2662 283,
1584 2625 1666 2663 seq.

1170 2678 1229 2716 Jo.
1258 2676 1396 2717 Vitalis
1418 2689 1444 2716 a
1468 2677 1629 2716 FURNO
1654 2672 1880 2713 vasatensis
1903 2670 2065 2720 Aquita-

1119 2752 1197 2780 nus
1220 2740 1315 2778 Ord.
1344 2741 1480 2779 Minor.
1511 2743 1552 2777 et
1592 2735 1809 2777 Cardinalis
1845 2734 2065 2783 Episcopus

1122 2802 1359 2842 Albanensis
1388 2813 1410 2840 a
1439 2802 1643 2841 Clemente
1669 2799 1725 2844 V,
1761 2800 1919 2834 creatus
1950 2792 2065 2831 Anno

1120 2864 1321 2914 4342,1))
1351 2864 1446 2902 obiit
1480 2862 1682 2901 Avenione
1721 2855 1963 2901 Λ.11-.1327
1997 2856 2062 2892 16

1126 2927 1228 2979 Aug.
1245 2927 1278 2975 c)
1301 2927 1467 2977 Scripsit
1481 2935 1550 2976 pro
1571 2922 1766 2961 sententia
1788 2895 2063 2957 lranciscano-

1121 3002 1224 3038 rum,
1251 2989 1467 3030 CHristum
1489 2985 1695 3025 Dominum
1719 2983 1912 3033 ejusque
1900 2978 2060 3028 iposio-

1166 3086 1199 3123 a>
1224 3086 1356 3115 vossius
1378 3082 1417 3113 dc
1447 3083 1527 3112 Ilis.t
1551 3083 1620 3110 Lat.
1644 3087 1717 3118 pag.
1738 3077 1811 3108 680.
1846 3075 2010 3105 {lanckius
2035 3076 2062 3102 t.

1102 3136 1133 3169 ⁶2.
1158 3135 1196 3165 de
1219 3136 1309 3163 Rom.
1340 3140 1401 3161 rer.
1423 3128 1642 3167 scriptoribus
1665 3135 1696 3165 p.
1722 3125 1792 3156 12.ss

1164 3181 1369 3222 mignonus
1393 3171 1948 3212 10111.111011005100100108.;7.0
1967 3170 2064 3200 wei-I

1102 3236 1181 3273 ding
1187 3243 1222 3265 us
1246 3237 1325 3263 tom.
1350 3231 1368 3261 5
1386 3229 1503 3260 Annei.
1522 3227 1599 3257 Oid.
1624 3227 1741 3255 Minor.
1765 3226 1825 3253 111.
1851 3220 1940 3251 1512.
1960 3228 1994 3251 n.
2014 3218 2063 3251 10.

1162 3283 1193 3319 0)
1220 3280 1436 3321 Epitaphium
1472 3277 1559 3315 apud
1596 3273 1813 3310 wadlinguni
1850 3274 1881 3300 et
1905 3272 1940 3301 G.
1978 3276 2070 3299 sos-e

1102 3334 1203 3373 phum
1227 3333 1250 3361 E
1255 3339 1312 3369 gg.
1338 3334 1504 3367 purpurae
1529 3324 1645 3355 doctae
1669 3320 1731 3353 1.1
1759 3330 1791 3359 p.
1815 3319 1889 3351 505.
