2500 4009
387 258 466 297 342

383 330 484 368 stola
519 332 628 367 extat
665 324 767 375 apud
809 322 1064 362 Ambrosium
1103 324 1152 363 de
1181 326 1346 365 Morales

385 393 449 431 lib.
473 393 518 430 ΙΙ.
543 402 625 439 cap.
650 388 713 424 26.
733 385 1029 435 Antiquitatum
1049 387 1258 437 Hispaniae
1277 418 1284 437 ,
1306 393 1345 427 et

384 455 592 492 Baronium
621 449 668 487 ad
698 446 859 486 Annum
885 448 1039 487 Cllristi
1065 449 1151 488 447.
1178 462 1286 489 num.
1310 454 1344 491 3.

382 521 421 553 et.
452 513 702 552 franciscum
731 510 932 549 Bivarium
963 512 1066 549 notis
1096 511 1145 550 ad
1175 513 1347 553 Pseudo-

382 575 535 615 Maximi
567 573 787 612 Chronicon
811 584 895 624 pag.
918 572 1005 613 457.
1036 576 1195 625 scripsit
1221 575 1348 627 Cepo-

381 640 469 676 nius
513 634 679 674 Genesin
719 637 894 674 carmine
929 636 1187 685 hexametm,
1226 642 1346 689 atque

380 701 417 737 in
447 710 491 736 eo
522 696 704 750 fabulam
735 697 957 738 Phaetontis
991 699 1040 738 ad
1075 700 1264 739 Satanam
1295 701 1343 740 de

378 761 484 799 coelo
507 760 716 800 detrusum
733 761 911 800 relatam.
926 763 1104 801 AEtatem
1121 773 1235 802 suam
1259 765 1341 815 ipse

378 824 437 862 his
462 825 634 873 signavit
658 823 843 862 versibus
870 825 957 863 436.
985 836 1067 875 seq.

372 886 404 935 ,.
429 927 438 934 .
464 927 472 933 .
496 903 632 938 Vincit,
656 905 735 932 ovat
758 901 909 934 Ecclesia
930 903 1058 935 Cflristi
1073 927 1084 942 ,

400 955 492 991 Quae
516 951 771 992 quadringentis
800 954 898 983 toties
922 952 1046 985 luctata
1069 953 1131 985 sub
1152 956 1250 985 annis

403 1004 529 1043 Incipit
551 1003 585 1033 in
607 1003 726 1040 quinto
749 999 814 1032 late
837 1000 1015 1034 florescere
1040 1002 1163 1036 saeclo.

375 1077 512 1115 Plures
537 1087 680 1114 versus
700 1077 859 1127 Coponii
881 1077 1042 1128 protulit
1064 1076 1252 1116 Barthius
1274 1078 1344 1126 (te-

376 1143 437 1177 ste
461 1138 644 1186 Daumio)
666 1138 763 1176 libro
781 1138 883 1177 CIX.
904 1138 1119 1177 Adversar.
1135 1139 1266 1177 Etiam
1287 1140 1346 1176 vi-

374 1202 471 1251 ginti
505 1201 676 1251 amplius
707 1205 801 1239 tom.
827 1202 873 1240 ΙΙ.
895 1201 943 1240 ad
969 1201 1138 1240 Statium
1163 1212 1200 1251 p.
1227 1200 1342 1240 4225.

374 1264 445 1313 qui
470 1262 684 1301 editionem
705 1261 793 1313 ejus
817 1263 855 1301 in
879 1262 1164 1314 posterioribus
1192 1261 1345 1302 Adver-

375 1327 571 1369 sariorum
596 1325 707 1364 libris
732 1324 1012 1364 meditabatur.

425 1388 676 1427 CEREALIS
705 1399 783 1426 non
813 1388 1117 1427 Castulonensis
1143 1388 1180 1426 in
1206 1389 1345 1439 Hispa—

372 1451 455 1499 nia,
482 1450 550 1489 sed
593 1449 864 1499 Castulensz's,
890 1452 975 1489 sive
1010 1449 1265 1490 Castellensis
1303 1455 1343 1489 in

370 1513 603 1552 Mauritania
628 1514 877 1553 Caesariensi
914 1512 1070 1552 Africae
1094 1514 1341 1564 Episcopus:

371 1574 472 1614 Sane
489 1574 719 1614 Africanum
737 1575 859 1614 fuisse
876 1575 1024 1614 diserte
1040 1575 1113 1613 hoc
1129 1575 1343 1614 affirmanti

373 1637 576 1675 Gennadio
599 1648 682 1687 cap.
715 1637 778 1675 96.
808 1649 981 1688 eumque
1012 1638 1163 1676 secutis
1192 1638 1343 1675 auctori

373 1698 603 1750 appendicis
632 1698 681 1738 ad
705 1699 938 1751 Catalogum
962 1699 1146 1739 Ildefonsi
1170 1710 1253 1749 cap.
1281 1699 1343 1738 40.

372 1765 413 1799 et
436 1762 604 1800 Honorio
628 1761 691 1799 lib.
725 1762 760 1800 2.
795 1773 878 1812 cap.
905 1763 969 1800 95.
993 1765 1100 1800 recte
1124 1759 1342 1799 accredunt

372 1823 444 1860 viri
466 1823 570 1861 docti
587 1823 829 1862 Trithemius
845 1835 928 1874 cap.
948 1823 1038 1862 483.
1055 1823 1240 1862 Nicolaus
1256 1821 1338 1861 An-

371 1887 504 1924 tonius
528 1890 635 1924 tomo
659 1887 686 1924 I.
712 1886 976 1925 Bibliothecae
1014 1887 1163 1924 veteris
1199 1886 1338 1936 Hispa-

370 1959 443 1986 nae
467 1959 553 1998 pag.
579 1948 671 1987 204.
697 1947 842 1998 aliique
862 1978 869 1996 ,
886 1948 979 1987 licet
1002 1948 1336 1986 Castulonensem

373 2010 520 2049 faciunt
541 2009 984 2061 Pseudo-Luitprandus
1008 2011 1047 2047 in
1073 2009 1268 2048 Chronico
1289 2008 1339 2048 ad

369 2071 531 2110 Annum
568 2083 681 2110 aerae
714 2072 947 2122 Hispanicae
985 2071 1076 2108 998.
1115 2071 1166 2109 Ut
1203 2075 1338 2108 autem

372 2132 675 2180 Cmtellensem,
701 2135 786 2170 sivo
809 2130 1079 2171 Castellanum
1103 2132 1239 2169 malim
1265 2143 1335 2169 vo-

369 2206 486 2237 care.
511 2207 631 2245 quam
656 2206 748 2234 cum
773 2194 925 2233 Labbeo
945 2194 1111 2243 aliisque
1134 2192 1339 2232 Castulen-

367 2267 462 2304 sem,
479 2256 568 2294 facit
592 2256 696 2306 quod
722 2257 760 2294 in
784 2256 989 2294 collatione
1014 2255 1335 2305 Carthaginiensi

369 2319 483 2357 Anno
510 2319 598 2356 484.
632 2318 764 2357 habita
796 2322 1039 2357 memoratur
1068 2317 1242 2357 Cerealis
1266 2318 1339 2357 Ca-

379 2381 666 2431 stelloripensis
685 2382 967 2432 Episcopus,et
983 2380 1158 2419 Cerealis
1178 2379 1241 2418 hic
1258 2381 1341 2429 ipse

370 2442 642 2481 Castellanum
667 2453 709 2481 se
732 2443 973 2494 Episcopum
996 2442 1214 2493 profitetur.
1235 2442 1338 2481 Con-

370 2504 426 2543 fer
448 2506 683 2544 Ruinartum
707 2505 756 2543 ad
781 2506 978 2544 Victorem
1016 2505 1223 2542 Vitensem
1248 2515 1334 2554 pag.

371 2568 460 2606 375.
490 2571 530 2605 et
559 2568 854 2606 Tillemontium
886 2572 979 2605 tom.
1009 2567 1112 2606 XVI.
1138 2577 1225 2617 pag.
1249 2566 1340 2604 546.

371 2631 535 2681 Scripsit
571 2631 674 2669 circa
708 2629 870 2669 Annum
907 2629 996 2668 [278.
1029 2629 1206 2668 libellum
1236 2628 1340 2667 Con-

369 2694 598 2731 certationis
618 2693 855 2744 Carthagine
876 2692 1033 2731 habitae
1056 2690 1103 2730 de
1126 2689 1222 2729 Fide
1238 2692 1341 2730 San-

373 2760 456 2794 ctae
483 2755 683 2795 Trinitatis
708 2755 905 2795 adversus
928 2755 1219 2794 MAXIMINUM
1248 2754 1341 2804 Epi-

374 2830 538 2870 scopum
561 2818 875 2858 Arimanitarum
894 2818 942 2867 a)
967 2818 1052 2855 sive
1081 2816 1339 2862 Armorum,

431 2977 465 3016 a)
483 2979 521 3009 ln
539 2977 659 3010 Codice
676 2977 832 3010 Fuldensi
851 2978 1049 3010 Maximinus
1067 2978 1123 3009 hic
1140 2977 1345 3008 Arimanita

381 3027 564 3066 appellatur
598 3031 683 3059 teste
719 3030 798 3059 Viro
832 3027 1019 3059 Clarissimo
1054 3027 1203 3058 Johannc
1235 3027 1348 3058 Fride-

380 3078 449 3106 rico
483 3077 649 3108 schannat
680 3079 713 3108 in
745 3077 921 3109 vindemiis
964 3077 1134 3108 litterariis
1172 3084 1246 3116 pag.
1276 3075 1350 3108 ⁶225.

384 3125 461 3155 indo
486 3135 550 3157 non
576 3127 692 3159 dubito
716 3128 802 3168 apud
826 3132 995 3159 auctorem
1019 3126 1211 3167 appendicis
1236 3126 1275 3157 ad
1293 3126 1354 3157 Ca-

386 3174 529 3214 talogum
566 3176 718 3208 ildefonsi
750 3186 823 3218 cap.
849 3177 899 3208 10.
925 3185 985 3216 pro
1011 3177 1187 3216 Episropo
1212 3180 1352 3208 Ammo·

379 3223 536 3255 hilarum
559 3225 734 3265 legendum
759 3228 1045 3258 Arimanitarum
1063 3226 1126 3258 hoc
1144 3230 1192 3258 est
1209 3228 1350 3257 Ariano-

378 3279 467 3302 rum.
490 3274 697 3307 Tralatitium
720 3281 768 3307 est
789 3278 876 3317 apud
900 3276 1126 3317 Epiphanium
1144 3298 1153 3313 ‚
1172 3278 1349 3307 Damasce-

382 3329 462 3351 num
505 3322 649 3362 aliosque
688 3326 840 3358 haeresin
875 3329 1030 3359 Arianam
1062 3328 1176 3358 venire
1214 3328 1348 3358 nomine

382 3366 659 3422 Ἀρὲιομῡνιῗιν.
682 3383 785 3419 Atque
809 3382 892 3421 apud
916 3384 1086 3416 Cerealem
1107 3385 1216 3423 ipsum
1240 3382 1348 3421 capite

1139 253 1579 296 -CEREALIS

1421 339 1540 379 quem
1578 330 1730 380 primus
1766 333 1804 369 in
1842 332 1971 371 lucem
2008 333 2170 384 protulit
2204 332 2377 372 Joannes

1418 390 1638 430 Richardus
1655 421 1664 441 ,
1683 393 1857 434 antidoto
1880 400 2016 434 contra
2039 395 2249 444 haereses,
2268 396 2377 435 Basi-

1421 452 1503 492 leae
1529 454 1659 503 4528,
1682 455 1745 494 fol.
1771 455 1860 495 inde
1895 457 2068 496 Joannes
2106 457 2300 498 Heroldus
2335 459 2374 497 in

1419 515 1700 567 haeresiologia
1717 548 1725 566 ,
1745 519 1920 558 Basileae
1958 521 2086 569 4556,
2112 521 2174 560 fol.
2204 519 2376 570 denique

1420 580 1458 616 in
1482 579 1666 619 omnibns
1687 581 2109 623 BibliothecisPatrum
2129 583 2263 622 recudi
2285 593 2377 622 con-

1419 642 1517 692 tigit,
1535 653 1580 681 ac
1603 644 1642 681 in
1658 645 1874 683 novissima
1891 645 2148 697 Lugdunensi
2165 650 2259 685 tom.
2275 646 2376 685 VIII.

1421 716 1506 757 pag.
1537 703 1626 744 674.

1471 766 1613 805 Daniel
1630 768 1862 808 CERETUS
1875 770 2095 808 Brixiensis
2110 769 2284 810 Medicus
2303 771 2377 809 cir-

1418 841 1463 869 ca
1485 828 1647 868 Annum
1671 832 1684 870 4
1698 830 1771 868 470
1801 830 1918 882 cujus
1946 842 2107 870 carmen
2131 831 2177 870 de
2195 832 2376 884 praecel-

1419 890 1586 930 lentibus
1609 902 1685 930 sua
1707 896 1835 931 aetate
1857 893 1960 932 viris
1983 893 2264 934 Brz'oeiensibus
2288 896 2373 934 lau-

1418 954 1485 993 dat
1508 955 1673 993 Vossius
1697 955 1745 993 de
1769 956 1976 994 Historicis
2000 957 2150 994 Latinis
2173 967 2261 1008 pag.
2285 958 2373 997 840.

1418 1015 1609 1067 Ejusdem
1638 1017 1812 1055 Danielis
1841 1028 2002 1056 carmen
2029 1018 2187 1068 epicum
2217 1017 2266 1057 de
2295 1030 2378 1057 me-

1418 1079 1657 1130 tamorphosi
1695 1079 1866 1129 Virginis
1895 1079 1934 1116 in
1964 1079 2132 1118 Salicem
2169 1082 2303 1119 exstat
2335 1082 2374 1119 in

1417 1141 1573 1180 Gruteri
1600 1139 1751 1179 deliciis
1775 1142 1984 1180 Poetarum
2011 1141 2197 1180 Italorum
2218 1145 2311 1180 tom.
2333 1143 2374 1191 Ι,

1417 1215 1503 1254 pag.
1530 1203 1617 1242 744.
1644 1207 1683 1241 et
1709 1203 1747 1240 in
1773 1202 2027 1242 Carminibus
2048 1203 2262 1243 illustrium
2282 1206 2376 1243 Poe-

1417 1270 1546 1304 tarum
1572 1266 1758 1305 Italorum
1781 1266 1944 1305 Joannis
1967 1265 2151 1304 Matthaei
2172 1267 2339 1305 Toscani
2358 1296 2366 1316 ,

1417 1330 1575 1368 Parisiis
1606 1327 1733 1378 4577,
1770 1328 1832 1368 42.
1871 1327 1949 1368 Sed
1989 1327 2159 1367 Guerim'
2189 1329 2373 1368 CERETI

1417 1392 1639 1440 Chronica,
1672 1391 1850 1430 fabulosa
1880 1401 2064 1442 magnam
2096 1395 2250 1442 partem
2283 1403 2373 1431 esse

1416 1458 1589 1505 arguunt
1606 1457 1789 1493 auctores
1811 1453 2012 1492 dissertat.
2029 1451 2076 1492 de
2089 1452 2372 1506 Martyroloyio

1416 1516 1615 1555 Briaez'ano
1645 1519 1760 1554 aucto
1791 1527 1846 1554 eac
1876 1513 2076 1567 Cataloqis
2099 1514 2302 1555 Ecclesiae
2329 1517 2372 1556 S.

1415 1577 1564 1631 Afrae,
1585 1578 1713 1617 editae
1738 1579 1777 1616 in
1801 1578 1912 1617 Actis
1937 1578 2174 1617 Sanctorum
2195 1578 2369 1630 Aprilis,

1416 1652 1494 1679 non
1525 1640 1640 1680 valde
1666 1644 1913 1692 repugnante
1937 1642 2104 1679 Honorio
2129 1641 2251 1680 Stella
2273 1641 2307 1691 a)
2332 1642 2371 1679 in

1414 1705 1671 1753 responsione
1695 1703 1742 1741 ad
1769 1703 1875 1742 illam
1898 1703 2235 1742 dissertationem.

1467 1763 1618 1803 Fabius
1638 1765 1941 1804 CERILIANUS
1962 1769 2065 1803 teste
2078 1765 2187 1804 Flav.
2202 1765 2370 1816 Vopisco

1414 1828 1450 1865 in
1474 1829 1556 1865 vita
1571 1827 1661 1865 Cari
1681 1839 1766 1877 cap.
1783 1826 1820 1866 [ι.
1841 1830 2019 1878 tempora
2036 1826 2158 1875 Cari,
2178 1825 2323 1866 Carini
2334 1830 2373 1866 et

1411 1889 1651 1928 Numerzani
1671 1890 1964 1942 Imperatorum
1993 1888 2251 1929 solertissime
2274 1901 2371 1942 per-

1411 1955 1569 1991 secutus
1593 1956 1674 2002 est,
1695 1952 1764 1991 sed
1791 1964 1863 1992 nec
1888 1953 2019 2001 illius,
2044 1964 2117 1991 nec
2136 1951 2368 2001 ONESIMI,

1411 2026 1531 2065 quem
1561 2015 1670 2053 Probi
1701 2016 1828 2054 vitam
1862 2015 2166 2065 diligentissime
2194 2015 2248 2054 ait
2277 2015 2373 2054 scri—

1409 2078 1539 2127 psisse
1556 2106 1566 2123 ‚
1589 2077 1810 2115 lucubratio
1833 2076 1881 2115 ad
1907 2087 1978 2114 nos
2008 2077 2204 2126 pervenit.
2229 2077 2272 2114 In
2297 2077 2371 2116 Co-

1412 2138 1497 2176 dice
1545 2138 1719 2176 l’alatino
1760 2137 1957 2176 Gruterus
1993 2141 2166 2176 testatur
2203 2137 2374 2176 Favium

1412 2199 1682 2251 Ceryllianum
1705 2199 1890 2250 appellari
1909 2228 1917 2247 ,
1939 2198 2100 2251 forsan,
2122 2200 2249 2250 inquit
2267 2229 2275 2248 ,
2297 2211 2367 2251 pro

1411 2261 1640 2314 Cyrz'lliano.
1660 2263 1795 2312 Neque
1819 2261 1916 2300 adeo
1939 2265 2096 2301 constat
2120 2263 2258 2301 Latine
2282 2274 2366 2302 am-

1410 2325 1459 2363 bo
1479 2335 1526 2362 an
1552 2325 1700 2363 Graece
1724 2324 1969 2374 scripserint.
2004 2325 2090 2363 Non
2128 2328 2212 2363 tres
2246 2326 2366 2364 simul

1411 2386 1580 2437 Augusti
1612 2387 1763 2434 Carus,
1793 2386 1964 2425 Carinus
2001 2390 2041 2424 et
2078 2387 2369 2436 Numerianus,

1413 2448 1480 2487 sed
1511 2449 1684 2499 primum
1718 2448 1827 2486 solus
1856 2448 1983 2487 Carus
2011 2446 2087 2486 An.
2117 2448 2194 2488 282
2227 2448 2371 2488 deinde

1413 2522 1505 2550 cum
1531 2511 1697 2558 Carino,
1727 2509 1899 2560 denique
1929 2520 2021 2549 cum
2051 2511 2194 2550 Carino
2222 2512 2371 2550 Nume-

1415 2575 1569 2621 rianus,
1600 2573 1745 2624 quibus
1774 2574 1969 2612 successit
1997 2573 2266 2612 Diocletianus
2294 2571 2369 2612 An.

1415 2636 1505 2675 284.
1536 2635 1633 2675 Vide
1661 2635 1915 2675 Ezechielem
1947 2635 2234 2687 Spanhemium
2261 2646 2374 2687 prae-

1415 2699 1510 2737 clari
1533 2699 1673 2750 Operis
1702 2697 1750 2736 de
1776 2699 2067 2738 numismatum
2091 2707 2168 2737 usu
2190 2701 2286 2737 tom.
2308 2698 2370 2746 ΙΙ,

1416 2772 1501 2811 pag.
1527 2761 1616 2799 356.
1642 2759 1732 2798 377.

1467 2823 1637 2862 Joannes
1665 2822 1880 2862 Boccacz'us
1909 2821 1958 2862 de
1987 2820 2270 2863 CERTALDO.
2300 2820 2373 2860 Su-

1416 2897 1484 2937 pra
1509 2897 1595 2936 pag.
1620 2885 1711 2924 230.
1734 2885 2033 2926 BOCCACIUS.

1468 2946 1639 2987 Jacobus
1658 2947 1704 2986 cle
1719 2947 1960 2987 CESSOLIS
1977 2978 1986 2998 ,
2003 2948 2088 2986 sive
2104 2945 2344 2987 CESSULIS
2361 2974 2369 2994 ,

1415 3011 1626 3050 Remensis
1655 3010 1817 3058 GalluS,
1841 3009 2002 3050 Ordinis
2029 3007 2371 3055 Praedicator-um,

1410 3188 1528 3220 ultimo
1550 3188 1774 3221 Maximinus
1797 3185 2025 3218 Ariomam'ta
2047 3183 2244 3224 appellatur.
2266 3185 2379 3216 Diver-

1411 3247 1464 3270 sus
1487 3242 1598 3270 autem
1620 3238 1676 3270 hic
1707 3245 1726 3268 a
1749 3238 1946 3269 ΜΑΧΙΜΙΝΟ
1970 3236 2114 3273 Ariane,
2136 3237 2255 3266 contra
2277 3243 2378 3274 quem

1411 3291 1500 3321 circa
1523 3292 1654 3320 Annum
1678 3287 1757 3320 4921
1782 3287 1916 3326 scripsit
1939 3288 1967 3317 S.
1992 3286 2210 3325 Augustinus.

1470 3340 1503 3378 a)
1528 3339 1680 3371 Giornale
1702 3337 1922 3370 de'Letterati
1958 3337 1993 3368 in
2028 3337 2147 3367 Parma
2183 3337 2244 3367 An.
2274 3334 2370 3367 1687.

1409 3397 1484 3430 pag.
1507 3389 1560 3422 84.
1582 3388 1634 3420 85.
