2500 4009
407 243 483 283 :318

403 317 498 355 clica
518 314 564 354 de
585 315 784 366 Baptismo
797 315 832 349 et
853 312 937 363 ejus
955 308 1098 349 ritibus
1115 310 1161 350 ad
1183 305 1360 351 Odilbcr-

402 383 514 419 tum.
553 376 899 424 Archiepiscopum
929 371 1286 423 Mediolanensem,
1318 378 1358 412 et

402 438 475 477 alia
499 438 545 475 cle
565 436 698 486 qratia
720 432 941 486 septiformi
962 433 1137 486 Spiritus
1152 465 1161 482 ¹.
1184 433 1312 474 editae
1336 447 1359 474 a

401 500 615 538 Mabillonio
641 499 678 534 in
701 496 902 534 Analectis
920 525 927 542 ,
946 507 1032 546 pag.
1059 495 1107 534 73
1133 495 1181 533 74
1206 495 1258 534 75
1277 495 1359 534 edi-

402 562 517 597 tionis
542 563 677 596 novae.

455 619 603 658 Charta
627 619 834 659 divisionis
858 621 1015 671 Imperii
1040 621 1169 676 Caroli
1204 621 1356 672 Magni,

400 684 484 719 sive
510 682 793 720 Testamentum
812 712 819 730 ‚
841 683 944 721 inter
960 683 1000 721 P.
1023 682 1170 720 pithoei
1196 684 1361 733 scripto-

399 754 461 781 res
495 745 565 782 ΧΠ
590 749 824 782 coaetaneos
854 755 938 794 pag.
976 743 1159 781 ⁶283-st
1192 745 1360 782 Franco-

398 807 491 845 furti
515 806 637 852 4594,
659 807 694 844 8.
729 805 840 844 Adde
878 805 1078 844 Nicolaum
1115 806 1293 844 liertium
1320 807 1358 844 in

399 869 539 907 Notitia
573 871 681 919 regni
720 870 960 907 Francorum
1001 869 1147 906 veteris
1177 879 1197 906 a
1230 869 1355 918 prima

396 931 544 981 origine
563 930 609 968 ad
631 941 841 969 excessum
861 929 1047 968 Ludovici
1066 930 1117 968 Pii
1132 961 1138 977 ,
1153 931 1254 967 inter
1277 930 1358 967 lau-

396 992 474 1031 dati
497 993 617 1031 Ilei-tii
637 992 827 1043 opuscula
847 996 940 1029 tom.
968 992 980 1028 1
1002 1022 1010 1040 ,
1031 1002 1116 1042 pag.
1139 991 1214 1029 200
1239 992 1359 1029 Fran-

394 1054 536 1092 cofurti
565 1056 576 1093 4
590 1055 691 1100 700,
719 1054 751 1090 4.

448 1114 647 1166 ΕρίεεοΙαε
670 1119 750 1154 tres
770 1115 895 1154 Caroli
922 1115 958 1151 in
986 1113 1140 1152 Alcuini
1169 1111 1355 1163 oporibus

396 1188 479 1227 pag.
504 1177 596 1215 4611
623 1188 705 1226 seq.
727 1181 767 1213 et
793 1187 868 1214 una
892 1174 939 1213 ad
974 1174 1187 1213 Alcuinum
1213 1172 1259 1211 de
1282 1185 1351 1210 ra-

394 1238 494 1275 tione
525 1237 836 1288 septuaqesimae
851 1268 860 1284 ‚
881 1234 1159 1286 seaeaqesitnae
1180 1238 1215 1273 et
1241 1234 1354 1286 quin-

395 1298 647 1349 quagyesimae
670 1310 754 1349 pag.
784 1297 896 1337 1127.

448 1363 501 1400 Dc
525 1372 619 1399 cura
644 1372 764 1411 quam
795 1361 919 1411 gessit
948 1360 986 1397 in
1011 1358 1179 1398 homiliis
1206 1370 1255 1396 ex
1290 1369 1354 1396 ce-

394 1423 624 1462 lebrioribus
639 1422 871 1461 D‘octoribus
890 1421 938 1460 ad
959 1432 1056 1460 usus
1079 1421 1350 1460 Ecclesiarum

391 1496 460 1535 per
483 1496 631 1523 annum
653 1483 888 1534 seligendiS,
909 1483 1089 1522 tradendi
1107 1483 1217 1521 locus
1235 1483 1352 1530 infra,

393 1546 455 1585 ubi
474 1545 927 1584 d0110311L1.›xR1011iic.
951 1546 1057 1582 enim
1079 1544 1221 1582 titulus
1242 1544 1351 1594 operi

393 1608 640 1655 inscribitur7
656 1609 717 1645 cui
735 1607 951 1658 praefixam
970 1606 1186 1656 Epistolam
1205 1605 1351 1643 editam

387 1669 468 1719 jam
490 1669 568 1708 dixi
594 1682 615 1707 a
631 1669 869 1716 Mabillonio,
887 1669 924 1705 in
947 1678 1022 1717 qua
1041 1667 1206 1706 Carolus
1231 1671 1352 1705 testa-

391 1737 457 1770 tur
480 1729 601 1769 libros
626 1730 773 1769 Veteris
795 1741 842 1767 (tc
863 1729 967 1767 Novi
1001 1727 1257 1776 Testamenti,
1284 1728 1351 1778 qui

391 1794 636 1832 librariorum
653 1794 844 1843 imperitia
857 1791 1060 1842 depravati
1078 1791 1352 1837 fuerant,cura

390 1866 460 1894 sua
485 1854 741 1893 adamussim
765 1856 961 1892 correctos
983 1852 1105 1891 fuisse
1124 1880 1131 1898 ,
1147 1862 1225 1901 qua
1252 1852 1288 1888 in
1309 1861 1350 1888 rc

388 1929 479 1955 eum
502 1917 655 1955 Alcuini
677 1927 794 1955 usum
815 1913 1051 1966 opera,J'am
1077 1913 1211 1951 notavi
1229 1923 1349 1963 supra

389 1990 474 2028 pag.
514 1979 575 2017 50.
614 1977 713 2017 Illud
752 1989 844 2016 vero
883 1975 1131 2024 mirandum,
1156 1973 1261 2024 quod
1291 1974 1350 2012 ul—

392 2041 488 2078 timo
508 2042 626 2078 etiam
650 2041 756 2077 vitae
776 2043 980 2088 tempore,
1003 2040 1092 2088 post
1110 2036 1260 2073 divisas
1278 2037 1350 2074 Tc-

390 2105 588 2138 stamento
614 2102 715 2139 inter
739 2100 881 2139 liberos
905 2109 1020 2147 suos,
1036 2099 1234 2148 regiones,
1256 2097 1346 2134 huic

391 2160 521 2199 studio
553 2172 718 2200 vacasse
743 2162 863 2199 refert
899 2160 1113 2210 Theganus
1147 2160 1250 2196 inter
1273 2156 1346 2196 ΧΠ

391 2223 604 2272 scriptores
637 2223 673 2260 P.
712 2221 858 2259 Pithoei
892 2232 978 2271 pag.
1015 2220 1106 2258 299.
1132 2219 1344 2270 Postquam

391 2282 511 2321 divisi
543 2281 728 2334 fuerant.
766 2281 954 2320 Dominus
991 2280 1213 2332 Imperator
1248 2278 1348 2317 nihil

391 2342 504 2382 aliud
537 2345 659 2395 coepit
690 2355 808 2394 alqere
825 2375 834 2390 ,
859 2342 939 2380 nisi
975 2342 1013 2379 in
1037 2339 1282 2380 orationibus
1311 2344 1345 2379 et

390 2404 639 2457 eleemosynis
656 2417 814 2452 vacare,
831 2408 867 2443 et
881 2402 1003 2442 libros
1016 2401 1229 2453 corriyere.
1247 2403 1346 2440 Nam

391 2470 563 2517 quatuor
588 2468 620 2505 Ε
624 2466 805 2518 vanqelia
828 2464 1005 2512 CHristi,
1027 2475 1130 2516 quae
1148 2463 1349 2502 intitulan-

393 2533 459 2565 tur·
482 2529 634 2567 numine
665 2527 877 2575 Matthaei,
900 2526 1055 2575 Marci,
1079 2527 1207 2564 Lucae
1229 2529 1267 2564 et
1285 2526 1350 2563 Jo-

394 2589 534 2629 hannis
553 2620 560 2637 ,
583 2591 622 2628 in
645 2590 780 2628 ultimo
799 2593 888 2628 unte
909 2587 1037 2626 obitus
1058 2587 1125 2626 sui
1141 2587 1244 2626 diem
1263 2599 1352 2626 cum

395 2651 559 2690 Graecis
584 2656 620 2689 et
642 2653 757 2703 Syris
787 2651 927 2702 optime
961 2654 1212 2688 correoeerat.
1240 2650 1351 2696 Quod

393 2724 487 2750 vero
513 2714 688 2752 nonnulli
714 2713 961 2752 tradiderunt
991 2724 1067 2751 non
1099 2712 1212 2750 modo
1251 2713 1354 2751 Lati-

396 2785 465 2811 nos
504 2786 635 2813 sacros
674 2775 792 2813 libros
818 2774 1046 2819 emendari,
1071 2773 1139 2812 sed
1166 2775 1284 2812 etiam
1316 2775 1352 2812 in

396 2836 619 2874 Francicam
640 2866 648 2883 ‚
675 2842 707 2884 a)
751 2838 836 2874 sive
879 2837 1136 2875 Teutonicam
1179 2836 1352 2886 linguam

397 2898 598 2936 transferri
629 2899 811 2937 Carolum
850 2909 1033 2947 curasse,
1059 2897 1131 2935 hoc
1166 2898 1230 2935 filii
1265 2896 1352 2947 ejus

398 2958 580 2996 Ludoviei
608 2961 659 2998 Pii
697 2965 873 3010 tempore
911 2963 950 2996 et
983 2959 1169 3009 auspiciis
1204 2959 1350 2997 factum

398 3030 485 3057 esse
523 3021 698 3060 referunt
721 3022 802 3071 alii,
827 3032 995 3071 quorum
1027 3022 1249 3059 sentcntiae
1269 3021 1351 3059 suf-

450 3186 482 3222 υ)
504 3187 621 3217 Confer
644 3189 808 3218 &serium
824 3186 863 3217 de
881 3188 1059 3225 scripturis
1077 3187 1264 3218 vernaculis
1282 3196 1356 3227 pag.

400 3233 457 3263 110
482 3243 549 3272 seq.
575 3238 610 3265 υ.
638 3236 844 3267 ΚοτιῑιοΙιυιη
879 3237 918 3267 de
952 3237 1052 3266 variis
1079 3244 1192 3267 sacrae
1216 3239 1361 3276 Scriptu-

398 3290 453 3312 rae
477 3283 678 3313 editionibus
703 3293 777 3323 pag.
800 3285 873 3317 51⁸.
900 3285 1020 3317 Nitanii
1041 3286 1195 3317 carolum
1218 3294 1284 3319 non
1304 3288 1363 3318 Pa·

397 3333 516 3371 pistum
541 3338 612 3368 pag.
641 3331 698 3360 ΥΒ
720 3340 768 3369 sq.

1178 240 1521 282 ‹JAROLL'S
1571 243 1620 282 M.

1432 314 1607 365 fragatur
1626 315 1813 365 praefatio
1829 315 2055 368 paraphrasi
2077 319 2250 369 poeticae
2268 319 2393 359 Theo-

1429 376 1551 415 tiscae
1573 377 1650 416 MS.
1674 377 1868 429 praefixa,
1888 383 1928 418 et
1951 391 1973 418 a
1996 379 2050 419 du
2079 380 2276 431 Chesnio,
2301 383 2387 421 sive

1430 436 1678 483 Quercctano
1711 438 1815 479 edita
1850 444 1944 478 tom.
1970 441 2023 489 ll,
2047 452 2133 492 pag.
2159 443 2235 482 326
2269 447 2389 496 atquc

1430 499 1520 537 inde.
1538 501 1703 550 repetita
1715 501 1763 540 ab
1779 500 1937 541 Usserio
1953 502 2001 540 de
2022 505 2145 542 sacris
2163 505 2388 544 vernaculis

1430 571 1516 611 pag.
1543 562 1630 600 442.
1655 563 1698 600 Ι).
1733 564 1883 602 Joanne
1921 563 2116 603 Friderico
2154 567 2311 616 Mayero
2349 567 2387 604 in

1431 622 1591 661 historia
1616 625 1809 663 versionis
1832 625 2001 664 Biblicae
2023 626 2182 664 Lutheri
2206 638 2292 679 pag.
2310 628 2386 668 452

1431 688 1470 722 et
1490 696 1509 722 a
1524 685 1702 724 lohanno
1718 686 1882 736 Georgia
1899 686 2073 725 Eccardo
2094 685 2141 724 ad
2161 691 2388 737 quaternio-

1434 757 1525 785 nem
1559 752 1906 785 monumentorum
1939 752 2120 786 veterum
2142 758 2227 799 pag.
2251 749 2312 789 44.
2328 750 2388 789 Ex

1433 809 1495 846 illa
1518 809 1756 859 praefatione
1778 812 1934 846 constat
1957 812 2158 846 auctorem
2180 809 2391 860 paraphra-

1432 880 1522 907 seos
1542 880 1563 907 a
1588 869 1720 907 Mundi
1754 870 1952 907 creatione.
1983 873 2096 919 capto
2127 869 2391 920 initio‚juxta

1432 932 1640 968 veritatem
1665 940 1846 979 quaeque
1861 930 2140 969 excellentiora
2159 932 2390 970 summatim

1431 992 1726 1042 decerpentem‚
1742 995 1782 1029 et
1799 991 1998 1030 interdum
2019 991 2234 1041 quaedam,
2250 992 2315 1032 ubi
2332 992 2391 1031 hi-

1431 1054 1574 1092 storiae
1592 1052 1844 1092 commodum
1861 1052 1987 1100 duxit,
1999 1054 2168 1103 mystico
2185 1065 2306 1093 sensu
2322 1053 2391 1094 de-

1429 1117 1656 1165 pingentem
1674 1146 1682 1161 ,
1699 1115 1747 1153 ad
1774 1114 1892 1153 finem
1917 1116 2040 1153 totius
2060 1115 2214 1153 Veteris
2235 1126 2279 1154 ac
2299 1116 2397 1156 Novi

1428 1178 1670 1216 Testamenti
1691 1176 1985 1227 interpretando
2009 1187 2117 1215 more
2137 1178 2305 1227 poetico,
2326 1188 2389 1216 sa-

1427 1241 1478 1276 tis
1511 1238 1614 1277 dulci
1639 1239 1864 1288 eloquentia
1893 1237 2148 1288 perduxisse,
2173 1242 2383 1289 totumque

1427 1312 1526 1351 opus
1543 1312 1611 1351 per
1635 1299 1760 1339 viteus
1780 1300 1815 1348 b)
1832 1298 2080 1347 distinxisse,
2099 1311 2201 1352 quas
2217 1311 2308 1348 nos,
2331 1301 2388 1338 in-

1426 1364 1534 1414 quit,
1562 1361 1740 1400 lectiones
1763 1360 1827 1400 vel
1843 1361 2055 1400 sententias
2076 1372 2289 1414 possumus
2312 1373 2383 1413 ap-

1419 1424 1583 1476 pellare.
1626 1425 1737 1463 Sicut
1773 1428 1907 1462 autem
1932 1423 1980 1461 de
2008 1422 2233 1462 Caedmone
2267 1433 2384 1474 supra

1425 1499 1512 1537 pag.
1536 1487 1612 1525 ⁶289
1635 1491 1770 1524 notare
1795 1497 1858 1524 me
1883 1486 2065 1533 memini,
2088 1496 2181 1524 eum
2197 1484 2388 1535 singulari

1426 1548 1594 1598 quodam
1621 1549 1813 1586 instinctu
1832 1548 2031 1596 Numinis,
2054 1546 2281 1585 facultatem
2299 1550 2389 1596 poe-

1426 1610 1544 1647 ticam
1569 1609 1616 1647 ad
1639 1620 1751 1648 sacra
1775 1607 2021 1648 decantanda
2041 1609 2251 1656 sortitum,
2273 1608 2325 1646 ita
2347 1611 2389 1645 et

1425 1669 1525 1708 hunc
1551 1672 1681 1709 Vatem
1702 1669 1839 1722 ferunt
1859 1669 1953 1708 dum
1976 1668 2105 1708 adhuc
2139 1667 2242 1707 artis
2265 1666 2387 1719 hujus

1425 1735 1527 1771 esset
1535 1732 1693 1783 penitus
1708 1732 1876 1783 iqnarus
1892 1763 1903 1781 ,
1926 1731 1965 1770 in
1984 1729 2130 1769 somnis
2150 1741 2234 1768 esse
2252 1727 2387 1767 admo-

1428 1793 1578 1841 nitum,
1605 1797 1651 1831 ut
1671 1805 1814 1831 sacrae
1837 1792 1950 1843 Leqis
1979 1795 2195 1844 praecepta
2217 1789 2272 1829 ad
2297 1801 2390 1829 can-

1427 1853 1588 1893 tilenam
1607 1855 1800 1907 propriae
1830 1853 1986 1906 linquae
2009 1864 2186 1906 conyrua
2211 1851 2389 1891 modula-

1428 1916 1528 1955 tione
1552 1920 1767 1968 coaptaret.

1477 1978 1651 2018 Litam'ae
1688 1976 1900 2018 Carolinae
1919 1978 1968 2017 ab
2001 1977 2140 2017 eodem
2163 1975 2383 2017 Mabillonio

1424 2040 1609 2090 vulgatae
1633 2045 1727 2078 tom.
1752 2041 1785 2078 11
1810 2039 1988 2078 Analect.
2017 2050 2104 2089 pag.
2135 2038 2212 2077 682
2235 2042 2275 2076 et
2298 2036 2380 2076 edi-

1422 2101 1540 2138 tionis
1560 2111 1686 2138 novae
1710 2111 1796 2150 pag.
1822 2099 1917 2146 470,
1944 2098 2012 2139 474
2043 2098 2205 2137 editoris
2229 2096 2379 2147 judicio

1421 2162 1590 2212 scriptae
1623 2164 1719 2199 sunt
1745 2161 1990 2211 temporibus
2020 2159 2147 2199 Caroli
2186 2159 2313 2211 Magni
2343 2163 2383 2198 et

1422 2221 1604 2260 Hadriani
1630 2223 1656 2260 Ι.
1688 2221 1904 2270 Pontificis‚
1929 2225 2050 2272 atque
2073 2225 2118 2260 ut
2149 2220 2316 2260 Carolus
2347 2220 2383 2258 le

1420 2283 1557 2321 Cointe
1581 2287 1675 2321 tom.
1709 2283 1790 2321 Vll.
1828 2282 2041 2321 Annalium
2073 2292 2158 2333 pag.
2193 2281 2269 2320 308
2291 2285 2382 2332 post

1422 2344 1583 2383 Annum
1608 2345 1760 2384 CHristi
1785 2344 1862 2383 782
1882 2348 1922 2382 et
1945 2347 2038 2382 ante
2057 2342 2147 2382 789.
2170 2343 2302 2382 Etiam
2324 2343 2385 2381 Li-

1422 2407 1549 2444 tanias
1563 2406 1610 2445 ad
1632 2406 1845 2446 Alcuinum
1869 2409 2073 2445 auctorem
2091 2403 2287 2444 referebat
2308 2403 2387 2443 Ge-

1422 2468 1554 2518 orgius
1578 2467 1803 2507 Cassander
1822 2479 1908 2519 pag.
1934 2467 2030 2506 4424
2061 2466 2249 2517 Operum.

1475 2529 1710 2568 Donationes
1729 2529 1855 2569 Caroli
1885 2529 1933 2568 M.
1958 2529 2084 2567 factae
2107 2526 2284 2567 Pontifici
2313 2527 2388 2566 Ro-

1426 2603 1553 2630 mano.
1592 2591 1689 2631 Vide
1719 2591 1906 2630 Carolum
1944 2590 1980 2629 le
2016 2590 2155 2630 Cointe
2193 2594 2288 2628 tom.
2314 2589 2383 2628 VII

1427 2653 1566 2692 Annal.
1595 2665 1682 2704 pag.
1707 2653 1783 2691 303
1813 2663 1896 2702 seq.
1925 2651 2115 2690 Jacobum
2152 2651 2388 2690 Gretserum

1425 2715 1473 2751 de,
1519 2716 1803 2765 Imperatorum
1822 2743 1830 2761 ‚
1874 2715 2025 2764 Regum
2072 2723 2118 2751 ac
2158 2712 2385 2762 Principum

1427 2776 1743 2815 Christianorum
1768 2778 1805 2814 in
1832 2774 1975 2814 Sedem
2009 2773 2274 2825 Apostolicam
2300 2783 2387 2811 mu-

1428 2839 1625 2877 nificentia
1649 2850 1734 2889 pag.
1767 2839 1813 2877 49
1838 2848 1922 2887 seq.
1955 2833 2168 2886 lngolstad.
2207 2833 2334 2882 4640,
2361 2832 2383 2871 4

1426 2904 1466 2936 et
1486 2904 1581 2937 tom.
1605 2900 1652 2938 V1
1676 2899 1851 2950 Operum
1897 2897 2111 2937 Aubertum
2135 2896 2324 2934 Miraeum
2346 2894 2387 2932 in

1425 2962 1565 3000 Codice
1588 2961 1844 3000 donationum
1867 2960 2042 3010 piarum,
2063 2957 2238 2997 Bruxell.
2259 2955 2382 3002 4624,

1425 3024 1460 3061 li.
1484 3024 1552 3062 sod
1577 3028 1617 3062 et
1640 3022 1881 3061 Fridoricum
1904 3019 2188 3071 Spanhemium
2213 3015 2309 3056 tom.
2334 3015 2382 3054 ΙΙ.

1423 3085 1595 3136 Operum
1610 3096 1695 3135 pag.
1713 3084 1790 3123 558
1810 3093 1892 3132 seq.
1910 3081 1958 3119 de
1980 3080 2070 3119 ficta
2080 3079 2287 3118 collatione
2303 3077 2384 3115 Im-

1481 3234 1517 3272 b)
1534 3235 1674 3272 Papias:
1695 3232 1813 3264 Viteae
1830 3229 1946 3260 dictae
1963 3227 2055 3267 quod
2070 3226 2250 3258 vinciant:
2269 3222 2395 3264 quibus

1425 3285 1541 3314 crines
1565 3283 1792 3313 innectuntur
1805 3303 1816 3318 ‚
1834 3277 2050 3318 fluentesque
2068 3276 2229 3316 liqantur
2251 3271 2394 3315 capilli.

1426 3337 1599 3372 perperam
1623 3332 1747 3363 editum
1769 3329 1875 3360 vitae.
