2500 3841
877 239 1382 280 DIETHMARUS

133 312 228 364 psit,
267 316 368 351 teste
397 310 606 362 Anonymo
635 312 850 351 Mellicensi
874 323 960 364 cap.
1004 312 1092 361 409,

132 373 314 425 exemplo
339 373 541 422 Guilelmi,
571 373 738 414 Abbatis
766 376 1090 426 Hirsaugiensis,

130 436 304 487 Magistri
327 436 402 484 sui,
429 435 662 475 Tractatum
685 436 731 475 de
754 437 922 485 Musica,
947 438 986 475 in
1012 449 1090 488 quo

132 497 182 536 de
203 495 293 548 ejus
316 498 559 546 inventione,
584 503 624 538 et
648 501 827 538 numeris
849 510 893 538 ac
932 510 1091 550 propor-

131 559 305 599 tionibus
323 558 440 610 juxta
467 559 751 600 Aritbmeticos
788 562 964 601 breviter
1004 563 1090 612 qui-

130 621 235 671 dem,
259 621 330 661 sed
354 623 453 661 satis
482 624 686 663 subtiliter
706 626 798 676 egit.

182 683 528 736 DIETHMARUS,
545 686 636 725 vide
655 716 664 736 ,
680 687 838 727 DIEMO
858 686 1089 740 Saltzbury.

132 751 173 785 et
201 747 320 796 infra,
342 747 646 789 DITHMARUS.

181 810 496 851 DIETPOLDUS
519 812 568 851 ab
603 812 720 852 Anno
745 812 860 853 4476.
885 814 1093 852 Patavien-

131 872 187 911 sis
207 872 456 926 Episcopus,
476 874 632 915 Hundio
658 876 694 913 in
721 876 929 927 metropoli
949 875 1091 914 Salisb.

128 945 216 986 pag.
240 935 331 976 207.
355 936 689 978 THEOBALDUS
705 967 713 986 ,
731 939 771 976 in
795 937 926 977 reditu
946 949 996 976 ex
1022 939 1091 976 Pa-

131 997 325 1048 laestina,
348 1000 388 1037 in
425 1011 546 1051 quam
580 1011 674 1040 cum
711 1000 910 1040 Friderico
948 998 1093 1038 Barba-

131 1070 243 1099 rossa
291 1062 577 1111 contenderat,
615 1064 813 1102 estinctus
854 1062 930 1101 An.
975 1061 1090 1101 4489.

130 1123 291 1161 Praeter
312 1123 533 1175 Epistolam
555 1123 643 1175 ejus
667 1124 716 1164 ad
740 1125 772 1163 T
768 1135 999 1176 aqanonem,
1019 1124 1093 1162 De-

130 1194 276 1223 canum
299 1186 603 1236 Pataviensem,
627 1189 838 1227 memorari
863 1187 960 1226 nihil
984 1198 1093 1225 com-

134 1259 230 1299 peri.

191 1309 550 1362 DIMALDUTIUS,
567 1323 700 1364 supra,
724 1310 1097 1361 DAMALDUTIUS,

186 1373 454 1423 DINAMIUS,
477 1374 590 1425 vide,
615 1374 889 1415 DYNAMIUS.

184 1434 318 1475 David
338 1435 385 1475 de
407 1436 652 1487 DINANTO,
677 1448 818 1489 supra,
841 1436 1009 1477 DAVID.

187 1497 377 1538 Nicotaus
395 1497 443 1538 de
468 1500 854 1540 DINCKELSPUHL
870 1532 881 1548 ,
907 1500 1067 1539 Svevus
1081 1530 1093 1548 ,

137 1560 373 1613 Theologiae
401 1563 630 1611 Professor,
655 1568 696 1603 et
729 1564 939 1614 Gymnasii
978 1563 1096 1602 Vien—

134 1625 272 1663 nensis
293 1625 438 1664 Rector
453 1655 461 1675 ,
476 1627 544 1677 qui
567 1625 720 1665 Alberti
742 1627 787 1666 V.
811 1625 999 1665 Austriae
1016 1627 1096 1666 Du-

131 1687 190 1725 cis
205 1686 361 1738 legatus
377 1719 386 1739 ,
406 1688 586 1728 interfuit
603 1689 777 1729 Concilio
795 1689 1094 1729 constantiensi

132 1747 208 1787 An.
243 1749 359 1790 4444.
389 1755 430 1790 et
452 1750 596 1790 deinde
633 1752 852 1791 Basileensi
875 1751 951 1790 An.
978 1752 1094 1791 4434.

135 1810 364 1851 Orationem
382 1814 422 1851 in
445 1813 606 1852 exordio
627 1814 789 1853 Concilii
812 1814 1097 1852 Constantien-

134 1874 191 1912 sis
206 1873 262 1913 ad
275 1875 564 1926 Imperatorem
583 1874 881 1926 Siyismundum
901 1875 1095 1926 habitam,

133 1937 220 1975 sive
243 1938 454 1988 praecipua
470 1936 558 1988 ejus
582 1938 710 1988 capita
727 1936 850 1976 edidit
873 1938 917 1976 V.
943 1938 985 1977 C.
1002 1938 1098 1976 Her-

134 2008 307 2038 mannus
323 1999 372 2038 ab
388 1999 513 2038 Hardt
530 2001 567 2038 in
584 1999 697 2038 Actis
712 1999 877 2038 Concilii
898 1999 1097 2038 Constan-

132 2061 273 2099 tiensis
310 2064 406 2100 tom.
431 2061 483 2109 2,
507 2072 595 2113 pag.
634 2061 723 2100 482.
747 2060 848 2111 Ejus
886 2062 1097 2100 Sermones

125 2122 242 2162 avide
264 2134 287 2162 a
311 2122 441 2162 doctis
463 2123 590 2162 lectos
614 2125 732 2162 testis
762 2123 911 2162 AEneas
931 2124 1095 2174 Sylvius

130 2185 258 2236 Epist.
284 2186 372 2226 465.
396 2185 652 2237 Argentorati
677 2186 793 2226 4546.
829 2186 892 2225 fol.
919 2185 1094 2236 junctim

132 2247 324 2299 prodiere.
362 2249 420 2287 De
455 2247 660 2288 dilectione
692 2249 791 2287 DEI
816 2252 854 2288 et
883 2248 1094 2301 proaeimi,

133 2310 344 2351 Sermones
368 2311 432 2350 XI.
457 2312 514 2350 De
541 2312 769 2364 praeceptis
805 2311 1004 2363 Decaloyi.
1038 2312 1096 2350 De

133 2372 320 2412 Oratione
334 2372 555 2414 Dominica.
575 2375 632 2414 De
653 2373 783 2414 tribus
798 2373 988 2427 partibus
1002 2386 1097 2425 poe-

131 2434 329 2474 nitentiae.
345 2436 402 2474 De
417 2439 499 2475 octo
525 2435 848 2477 beatitudinibus.
870 2438 926 2476 De
949 2441 1095 2489 septem

129 2496 307 2549 peccatis
330 2497 582 2538 mortalibus.
605 2499 902 2552 Confessionale
918 2503 1098 2551 peccato-

130 2571 248 2608 rum,
273 2563 314 2598 et
335 2558 383 2598 de
401 2559 575 2612 quinque
603 2561 810 2601 Sensibus.
833 2564 1044 2601 Praeterea
1073 2573 1095 2600 a

126 2621 350 2661 ‘Trithemio
373 2633 457 2672 cap.
482 2621 573 2660 738.
599 2628 873 2663 memorantur
896 2623 984 2673 ejus
1001 2621 1098 2661 libri

132 2684 198 2724 IV.
224 2695 348 2736 super
381 2683 628 2733 Sentena‘as,
653 2689 695 2723 et
718 2684 975 2734 Quaestiones
1001 2686 1096 2724 Seii<

132 2746 359 2786 tentiarum.
380 2747 437 2785 De
456 2750 602 2799 septem
622 2746 735 2786 donis
749 2747 927 2799 Spiritus
942 2747 1093 2787 Sancti.

130 2811 188 2849 De
207 2812 290 2849 octo
305 2809 416 2850 vitiis
440 2808 693 2861 capitalibus.
708 2811 765 2849 De
772 2809 986 2862 praecepto
1001 2810 1087 2849 clia-

130 2872 278 2912 ritatis.
302 2873 358 2911 De
389 2872 569 2924 peccatis
605 2871 776 2924 linquae.
808 2874 1020 2912 Sermones
1044 2873 1093 2911 de

130 2940 334 2987 ternpore,
358 2935 407 2975 de
439 2937 624 2983 Sanctis,
649 2940 689 2974 et
711 2936 926 2975 Sermones
964 2947 1092 2975 mora-

106 3006 108 3008 ’
130 2999 201 3038 les.
225 2998 295 3037 His
317 3009 340 3036 a
378 2998 547 3037 Simlero
571 2997 662 3037 addi
686 2997 829 3045 video,
859 2996 905 3036 de
934 3001 1091 3036 contra-

130 3063 197 3100 ctu
219 3059 398 3100 emtionis
422 3063 461 3099 et
472 3059 708 3100 venditionis
726 3059 836 3098 cirea
851 3059 1088 3099 avaritiam.-

129 3135 152 3163 a
174 3124 412 3163 Possevino:
439 3123 715 3172 Quaestionem
745 3122 1017 3174 Magyistralem
1042 3123 1089 3162 dc

129 3183 362 3225 haeresibus
385 3197 433 3224 ac
466 3184 707 3225 veritatibus
746 3185 958 3225 Catholicis
974 3218 984 3235 ,
1010 3188 1087 3226 MS.

129 3248 169 3286 in
184 3247 423 3288 Bibliotheca
444 3248 652 3298 Caesarea,
669 3253 708 3287 ct
724 3249 772 3287 ab
788 3250 955 3287 ilenrico
976 3250 1091 3288 War-

129 3310 251 3349 thono
274 3310 324 3350 ad
344 3311 523 3351 Caveum
544 3326 550 3350 :
571 3313 627 3351 De
651 3311 763 3350 donis
788 3311 963 3362 Spiritus
986 3312 1089 3351 San-

130 3372 194 3412 cti.
232 3372 287 3410 De
315 3373 560 3424 9rat1'tudine
584 3378 622 3412 et
651 3373 952 3422 inqratitudine.
978 3378 1015 3413 et
1041 3373 1087 3411 de

2053 239 2132 279 4⁷⁴5

1170 310 1448 352 Communione
1470 308 1779 350 Sacramentali.
1800 309 1908 349 MSS.
1931 310 1968 348 in
1988 311 2131 349 Biblio-

1167 374 1283 413 theca
1310 372 1557 424 Augustana.
1598 373 1752 424 Scripta
1794 373 1983 424 pleraque
2008 373 2130 424 hujus

1165 436 1507 487 Dinckelspuhlii,
1533 440 1576 475 ut
1614 436 1901 475 Commentarii
1928 437 1966 474 in
1996 436 2059 475 IV.
2086 437 2131 475 li-

1148 499 1253 538 bros
1282 500 1573 538 sententiarum
1598 503 1638 537 et
1681 499 1896 537 Sermones
1936 499 2046 538 MSS.
2087 500 2126 537 in

1164 561 1409 600 Bibliotheca
1433 561 1598 599 Paulina
1631 561 1839 611 Lipsiensi.
1878 560 1976 599 Vide
2010 560 2132 600 Oudi-

1170 635 1266 663 num
1293 628 1386 662 tom.
1414 624 1462 670 3,
1488 634 1574 673 pag.
1600 623 1717 662 2302.

1220 687 1400 737 Royerus
1436 683 1713 733 DIMOCCUS,
1751 685 1838 724 aliis
1873 686 2129 737 DINMOCK,

1166 750 1251 787 sive
1294 747 1610 787 DYMMOCHUS
1633 776 1641 793 ,
1679 747 1833 798 Anglus
1854 777 1861 793 ,
1901 749 2126 800 Theologus

1164 810 1430 857 oxoniensis,
1456 808 1616 848 Ordinis
1642 808 1987 859 Praedicatorum,
2012 810 2130 861 cujus

1166 883 1264 923 opus
1293 874 1434 910 contra
1456 870 1543 909 XII.
1569 880 1730 909 errores
1762 873 1800 908 et
1836 870 2020 911 haereses
2044 872 2131 911 Lol-

1167 933 1379 973 iardorum
1402 934 1450 974 ad
1472 934 1803 985 gloriosissimum
1824 938 1864 972 et
1884 935 2130 974 metuendis-

1167 997 1315 1036 simum
1340 995 1505 1048 Angliae
1525 1000 1567 1035 et
1589 997 1777 1035 Franciae
1801 996 1947 1046 Regem
1971 997 2132 1036 Richar-

1166 1059 1262 1099 dum
1302 1060 1348 1098 ΙΙ.
1390 1060 1498 1099 MSS.
1538 1060 1578 1097 in
1615 1058 1858 1097 Bibliotheca
1893 1057 2132 1098 Academiae

1166 1122 1507 1174 Cantabrigiensis
1521 1126 1561 1161 et
1575 1121 1812 1162 Colbertina.
1830 1120 1971 1171 a)Ejus
1986 1121 2132 1160 librum

1167 1196 1325 1237 pugnae
1345 1188 1485 1223 contra
1514 1183 1773 1225 Wicoclivum
1788 1215 1798 1233 ,
1816 1185 1902 1222 sive
1923 1182 2133 1236 Wiclesum

1169 1253 1305 1300 gestae
1327 1247 1374 1287 ad
1409 1247 1582 1287 eundem
1620 1245 1862 1285 Richardum
1887 1246 1933 1285 ΙΙ.
1957 1247 2132 1297 Regem,

1170 1310 1406 1349 defunctum
1441 1310 1517 1348 An.
1554 1309 1668 1348 4399.
1703 1310 1927 1361 inspexisse
1952 1319 1995 1347 se
2034 1309 2135 1348 refe-

1169 1383 1263 1411 rens
1299 1371 1501 1410 Johannes
1538 1370 1737 1410 Lelandus
1772 1382 1856 1423 cap.
1898 1371 1987 1411 444.
2026 1371 2132 1410 idem

1170 1445 1270 1485 opus
1299 1434 1509 1486 intelligit,
1534 1435 1639 1472 sicut
1677 1437 1817 1472 notum
1855 1438 1918 1473 est
1957 1433 2134 1472 wiclefi-

1171 1502 1256 1536 stas
1278 1498 1416 1537 venire
1441 1498 1600 1535 nomine
1621 1496 1904 1535 Lollardorum.
1926 1497 2132 1535 Praeterea

1171 1559 1413 1599 Ordinarias
1450 1560 1590 1611 Rogeri
1627 1558 1884 1609 Quaestiones
1909 1563 2134 1598 memorant

1164 1624 1308 1663 Baleus
1343 1623 1424 1662 VII.
1446 1623 1482 1661 9.
1506 1626 1547 1661 et
1570 1623 1727 1661 Pitseus
1755 1632 1840 1673 pag.
1864 1620 1952 1660 547.

1224 1685 1496 1734 DINOTHL'S,
1521 1684 1655 1724 Abbas
1678 1683 2035 1733 Bannochorensis,
2051 1684 2135 1722 lau-

1170 1748 1288 1788 datus
1310 1747 1441 1786 Bedae
1467 1748 1568 1786 Hist.
1592 1747 1708 1798 Angl.
1734 1746 1797 1785 lib.
1819 1746 1855 1785 2.
1881 1756 1967 1798 cap.
1991 1747 2028 1786 2.
2048 1747 2136 1785 aliis

1170 1810 1425 1850 DIONOTUS
1446 1808 1625 1848 Avonius
1652 1839 1660 1857 ,
1683 1810 1750 1860 qui
1777 1810 1814 1847 in
1841 1809 2002 1860 Synodo
2019 1809 2138 1848 Clau—

1170 1871 1286 1911 diana
1308 1872 1564 1921 Vectiorum,
1589 1873 1675 1910 sive
1714 1873 1984 1922 Wigorniensi
2019 1872 2136 1911 Anno

1168 1935 1323 1974 Cllristi
1347 1935 1439 1975 604.
1470 1934 1666 1983 traditur,
1689 1938 1732 1973 ut
1748 1938 1811 1973 est
1849 1934 1956 1985 apud
1992 1935 2133 1974 Lelan-

1170 1997 1267 2037 dum
1291 2008 1376 2049 cap.
1404 1998 1466 2036 44.
1507 1996 1684 2049 copiose,
1717 1996 1919 2047 yraviter,
1952 1996 2060 2036 docte
2083 1996 2130 2036 de

1169 2072 1246 2099 non
1273 2059 1516 2099 admittenda
1541 2059 1730 2111 Gre907·ii
1765 2061 1898 2110 Papae
1921 2063 1995 2098 aut
2022 2059 2137 2098 missi

1170 2120 1222 2160 ab
1246 2134 1288 2161 eo
1311 2122 1524 2174 Auyusstni
1539 2122 1725 2163 Monachi
1737 2125 1977 2161 auctoritate
2000 2122 2136 2174 dispu-

1172 2189 1287 2225 tasse.
1331 2187 1549 2225 Praeterea
1578 2184 1799 2238 defendisse
1836 2183 2140 2237 Archiepiscopi

1169 2249 1414 2288 Menevensis
1438 2249 1478 2287 in
1499 2247 1622 2287 rebus
1647 2247 1942 2287 Ecclesiasticis
1964 2251 2138 2300 potesta-

1172 2315 1259 2350 tem.
1280 2312 1327 2349 In
1344 2323 1501 2350 summa
1517 2343 1526 2360 ,
1544 2309 1784 2350 conclusisse
1800 2343 1809 2359 ,
1832 2323 1908 2348 non
1927 2322 2012 2350 esse
2033 2323 2053 2349 e
2073 2323 2138 2349 re-

1164 2373 1330 2426 publica
1365 2374 1672 2422 Britannorum,
1698 2377 1744 2412 ut
1774 2375 2042 2413 Romanorum
2074 2372 2138 2426 fa-

1171 2440 1276 2476 stum
1298 2436 1363 2476 vel
1384 2438 1597 2477 Saoeonum
1622 2436 1872 2489 tyrannidem
1896 2435 1936 2474 in
1965 2448 2137 2474 commu-

1170 2498 1326 2537 nionem
1347 2499 1609 2538 admitterent.
1635 2500 1766 2549 Atque
1791 2499 1929 2538 eodem
1962 2498 2135 2537 Lelando

1166 2562 1327 2609 judice,
1352 2573 1455 2613 quae
1492 2565 1582 2600 erat
1618 2560 1778 2600 Dionoti
1807 2560 2002 2609 eruditio,
2030 2564 2136 2599 recte

1168 2621 1389 2671 sentiebat,
1428 2635 1506 2661 non
1541 2634 1625 2662 esse
1654 2634 1777 2674 penes
1818 2625 2066 2672 Romanum,
2091 2627 2137 2662 ut

1165 2689 1276 2737 gyente
1286 2697 1324 2724 m
1340 2685 1536 2724 advenam
1554 2717 1562 2736 ,
1578 2687 1781 2735 (Saxones)
1793 2685 1887 2736 fidei
1894 2689 2129 2737 praetextu,

1171 2749 1210 2786 in
1238 2746 1368 2786 alieno
1406 2749 1655 2797 (Britannico)
1681 2748 1936 2799 confirmaret
1957 2748 2134 2799 imperio,

1170 2811 1275 2850 Nam
1301 2810 1340 2849 si
1362 2810 1402 2849 id
1436 2810 1711 2859 admitterent,
1738 2823 1814 2849 non
1843 2811 1994 2850 deesset
2015 2810 2135 2863 fucus

1168 2873 1222 2912 ad
1257 2871 1525 2926 e.rplodetidos
1559 2885 1813 2926 quoscunque
1843 2885 1862 2912 e
1896 2873 2030 2925 reqnis
2048 2873 2134 2912 suis

1168 2935 1391 2988 Principes.
1416 2936 1545 2975 Verba
1568 2938 1653 2988 ipsa
1677 2937 1873 2988 quaedam
1899 2937 2059 2976 Dinothi
2083 2949 2133 2976 es

1170 3000 1277 3038 MSto
1311 2998 1455 3039 Codice
1494 2999 1838 3050 Anglo-Saxoniee
1872 2999 2070 3050 descripta
2094 3004 2135 3038 et

1166 3061 1330 3112 Anglice
1368 3072 1460 3100 cum
1504 3063 1642 3101 Latina
1680 3063 1868 3101 versione
1916 3061 2133 3112 publicavit

1165 3124 1359 3162 Henricus
1380 3123 1676 3174 Spcelmannus
1700 3128 1794 3162 tom.
1815 3126 1848 3163 4.
1867 3124 2132 3163 Conciliorum

1163 3185 1327 3236 Angliae
1348 3197 1438 3237 pag.
1459 3186 1546 3225 408.
1572 3197 1676 3236 quae
1694 3198 1766 3225 cur
1786 3186 1959 3225 conficta
1979 3186 2054 3226 sub
2067 3188 2132 3226 Di-

1164 3248 1274 3286 nothi
1306 3249 1464 3286 nomine
1489 3249 1575 3286 visa
1600 3250 1681 3286 sint
1703 3248 2006 3288 Schelstrateno
2029 3249 2065 3297 b)
2090 3254 2130 3288 et

1219 3335 1252 3372 a)
1268 3334 1349 3366 vide
1364 3335 1525 3366 iacobum
1543 3335 1754 3374 Quriistom.
1782 3335 1794 3366 1
1818 3345 1894 3377 pag.
1917 3336 1979 3368 699
2001 3341 2033 3370 et
2058 3339 2133 3370 700.

1218 3385 1252 3423 b)
1279 3387 1373 3416 Mem.
1398 3384 1437 3416 de
1468 3387 1621 3416 Trevoux
1648 3389 1707 3416 An.
1735 3385 1816 3417 1700
1839 3394 1912 3427 pag.
1933 3385 2006 3418 825.
