2500 3841
905 218 1258 263 ANDREAS
2026 223 2076 261 91

90 302 292 334 sermones
314 302 447 332 sacros
475 296 516 330 et
544 292 857 332 Commentarios
886 293 1046 344 Logicos

88 355 356 406 Physicosque
393 352 564 392 traditur
598 354 806 405 scripsisse
837 354 1048 393 Lecturam

90 416 132 456 in
151 415 342 455 Iohannis
361 414 638 466 Evangelium,
661 416 933 455 collationibus
955 428 1046 455 cen—

89 483 177 518 tum
199 482 240 517 et
259 478 474 529 sexaginta.
490 476 584 517 Vide
595 478 788 528 ,Jacobum
803 478 939 524 Qvetif
950 483 1043 517 tom.

78 541 103 579 ·1
125 552 163 592 p.
188 540 278 581 259.

138 600 371 642 ANDREAS
384 599 527 641 Montis
545 599 701 640 viridis.
717 601 808 641 vide
824 613 914 641 mox
932 603 1042 653 infra,

87 662 284 703 Palatioli.

135 723 366 765 ANDREAS
379 724 550 776 Nicolai,
566 727 776 777 Ilungarus
791 726 880 766 Ord.
903 729 1036 767 Minor.

84 788 317 829 Conventus
339 788 620 828 Cathuniensis
638 790 740 828 circa
759 788 831 828 An.
858 791 958 829 4464
974 802 1043 830 cu-

80 848 148 900 jus
177 849 461 890 commentarii
495 849 537 890 in
566 851 733 892 Genesin
760 863 782 891 a
812 853 974 892 Willoto
1001 857 1042 892 et

84 912 171 951 aliis
194 917 476 952 memorantur.

135 973 369 1015 ANDREAS
408 975 735 1016 Novocastrensis
766 975 919 1027 Anglus
947 977 1039 1017 Ord.

81 1036 344 1085 Praed.‚circa
365 1036 410 1077 A.
442 1038 485 1077 C.
511 1039 612 1078 4300
642 1038 759 1089 cujus
797 1039 1043 1079 Commenta-

78 1097 162 1138 rios
174 1098 215 1137 in
227 1098 537 1151 quatuor-libros
554 1100 838 1139 sententiarum
852 1105 893 1139 et
913 1101 953 1140 z'n
967 1102 1041 1139 Bo-

79 1160 223 1201 ethium
241 1160 288 1201 de
312 1161 582 1203 Consolatione
604 1161 876 1214 Philosophiae
892 1174 1039 1202 momo-

79 1227 141 1262 rat
161 1224 218 1262 Jo.
240 1224 383 1263 Baleus
398 1224 561 1264 Centur.
577 1225 613 1263 X
633 1235 718 1275 pag.
745 1225 793 1262 44
808 1236 858 1263 ex
875 1225 1036 1278 Philippi

78 1285 210 1325 Wolfii
233 1285 282 1325 de
305 1287 399 1325 vitis
427 1287 642 1338 peritorum
671 1286 859 1325 virorum.
891 1287 1034 1326 Viden-

76 1347 173 1387 dum
196 1349 328 1388 sintne
360 1348 509 1388 diversi
529 1347 691 1387 Antonii
708 1346 892 1387 Andreae
922 1350 1036 1390 Com—

77 1411 258 1450 mentarii
294 1411 333 1449 in
362 1415 530 1461 quatuor
565 1410 685 1449 libros
721 1412 1006 1450 sententiarum
1025 1442 1033 1461 ,

75 1472 334 1512 Constantino
355 1484 379 1512 a
401 1473 577 1512 Sarnano
599 1476 765 1511 curante
784 1471 878 1511 editi
907 1474 1033 1512 Vene-

74 1535 140 1572 tiis
163 1534 265 1574 4578
295 1535 356 1574 fol.
386 1536 448 1574 cui
478 1534 659 1574 Andreae
687 1535 809 1573 etiam
839 1535 877 1573 in
908 1535 1032 1576 indice

73 1596 334 1636 Bibliothecae
357 1597 590 1636 Barberinae
612 1597 815 1646 tribuitur,
840 1599 1030 1649 scriptum

72 1662 162 1709 post
183 1657 279 1698 intia
302 1662 481 1711 repertae
504 1660 785 1711 typographiae
808 1659 958 1699 editum
982 1661 1030 1699 do

72 1719 166 1760 Arte
189 1722 315 1761 veteri
336 1720 456 1760 Arist.
477 1721 816 1774 divisionibusque
839 1724 961 1762 Bo'etii
992 1728 1031 1762 et

74 1784 385 1835 quaestionibus.

124 1845 356 1887 ANDREAS
377 1846 424 1886 de
450 1846 693 1886 Novocastro
718 1848 757 1886 in
781 1847 1031 1899 Lotharingia

71 1908 121 1949 ad
142 1910 308 1960 Mosam,
331 1910 434 1948 circa
455 1908 557 1948 idem
575 1913 736 1961 tempus
757 1909 892 1949 Ordin.
911 1911 1031 1949 Mino-

71 1982 162 2010 rum
183 1972 453 2021 Provincialis,
478 1972 581 2011 inter
603 1972 866 2011 Scholasticos
887 1973 1031 2011 Doctor

71 2032 403 2085 inqeniosissimus
424 2032 542 2084 cujus
572 2033 856 2074 Commentarii
882 2033 923 2072 in
943 2034 1030 2086 pri-

71 2107 180 2136 mum
204 2095 496 2137 Sententiarum
522 2097 700 2148 prodiere
728 2099 886 2136 Parisiis
928 2098 1026 2137 4544

72 2159 133 2198 fol.
155 2158 252 2198 Vide
274 2159 475 2199 Oudinum
501 2164 616 2198 tomo·
631 2160 683 2199 III
707 2171 793 2212 pag.
819 2161 906 2198 699.

122 2220 145 2244 *
164 2221 209 2259 In
227 2221 466 2262 Bibliotheca
481 2223 671 2261 Vaticana
693 2226 829 2261 extare
844 2220 1023 2260 Andreae

69 2282 116 2322 de
137 2283 378 2323 Novocastro
400 2286 615 2323 tractatum
634 2283 682 2323 de
706 2283 958 2335 Conceptione
978 2285 1020 2321 B.

74 2345 244 2398 Virqinis
282 2350 393 2386 notat
433 2347 683 2386 Montfaucon
721 2347 817 2386 Bibl.
855 2347 1022 2386 MSSJW·

71 2420 157 2460 pag.
184 2410 271 2449 446.

120 2469 353 2510 ANDREAS
385 2472 574 2510 Lucensis
608 2471 732 2510 Italus
764 2470 952 2511 Palatioli
979 2472 1017 2509 in

68 2534 198 2572 Monte
212 2532 332 2572 Viridi
355 2531 486 2572 Abbas
501 2534 541 2572 in
554 2534 716 2579 Tuscia,
732 2535 905 2586 Scriptor
919 2535 1022 2572 vitae

69 2597 108 2635 S.
144 2592 351 2647 walfridi,
380 2595 447 2645 qui
475 2594 549 2633 An.
580 2595 621 2634 C.
651 2595 728 2635 765
757 2597 861 2636 diem
904 2597 1020 2645 obiit,

68 2657 195 2696 editae
208 2657 247 2695 in
267 2655 376 2695 Actis
392 2657 557 2696 Sanctor
585 2658 633 2696 45
651 2658 760 2696 Febr.
779 2663 873 2697 tom.
889 2659 922 2697 II
936 2670 1021 2709 pag.

68 2720 145 2759 842
164 2724 204 2758 et
226 2730 249 2758 a
270 2718 487 2758 Mabillonio
503 2723 595 2757 tom.
621 2719 672 2758 IV
695 2719 826 2758 Sanct.
844 2720 935 2758 Ord.
953 2722 1025 2758 Be-

66 2781 212 2822 nedicti
240 2792 325 2832 pag.
354 2780 440 2820 496.

118 2843 140 2868 *
158 2843 267 2894 Idem
287 2846 349 2881 est
371 2846 416 2882 ut
444 2842 609 2882 arbitror
637 2853 682 2880 ac
708 2840 887 2881 Andreas
917 2843 1021 2881 filius

68 2905 292 2947 Gundualdi
333 2905 522 2944 Lucensis
546 2905 583 2944 S.
618 2903 807 2943 Walfrido
835 2915 1019 2943 coaevus.

69 2969 190 3019 (obiit
208 2967 426 3008 Walfridus
445 2978 546 3006 anno
570 2967 724 3006 circiter
744 2965 819 3004 763
844 2977 920 3004 non
947 2966 1021 3005 7625

3 3065 5 3067 .
68 3035 114 3072 ut
135 3030 338 3071 Fabricius
357 3029 420 3069 hic
440 3029 599 3078 scribit)
624 3030 748 3068 vitam
768 3029 921 3079 longius
937 3040 1024 3078 pro-

67 3093 182 3133 duxit
206 3104 326 3145 quam
350 3092 413 3131 hic
440 3093 596 3131 censuit
625 3091 841 3130 Fabricius:
866 3101 1023 3140 compa-

68 3160 128 3195 ret
151 3157 259 3194 enim
283 3156 322 3194 in
348 3155 614 3194 instrumento
637 3154 838 3193 locationis
871 3153 1022 3202 signato

69 3229 131 3257 an.
154 3217 242 3257 807.
276 3217 373 3257 Vide
397 3217 612 3257 Soldanum
643 3218 680 3255 in
715 3216 879 3256 Historia
901 3215 1025 3253 Passi-

76 3280 253 3320 nianensi
275 3290 362 3338 pag.
393 3279 456 3319 20.

124 3339 353 3380 ANDREAS
375 3339 421 3380 (le
446 3341 609 3381 Pei-usto
627 3343 726 3381 inter
740 3352 817 3389 eos,
840 3341 903 3391 qui
921 3341 1021 3379 eirca

1119 293 1280 332 Annum
1307 293 1409 334 4330
1434 297 1572 332 contra
1590 292 1771 332 Edictum
1794 292 1984 333 Ludovici
2002 292 2080 330 Ba-

1117 355 1215 395 vari
1233 357 1495 408 scripserunt,
1521 356 1624 396 unde
1647 357 1913 396 Dominicanis
1935 366 2075 396 accen-

1120 424 1231 458 setur
1252 431 1274 458 a
1297 419 1440 458 Jacobo
1462 420 1605 466 Qvetif.
1627 424 1721 459 tom.
1747 420 1762 459 Ι
1784 431 1870 472 pag.
1892 418 1981 459 576.

1169 480 1457 520 ANDREASde
1471 482 1608 530 Petra,
1628 482 1878 521 Colossarum
1891 485 1932 520 et
1946 479 2077 520 Rhodi

1116 543 1459 595 Archiepiscopus,
1483 543 1664 583 Graecus
1679 555 1748 595 pro
1764 545 1912 582 Latinis
1927 553 2075 594 pugna-

1116 608 1174 644 vit
1203 606 1240 643 in
1269 605 1440 644 Concilio
1480 606 1712 654 Basileensi,
1741 610 1782 644 et
1810 607 1946 645 Latine
1974 605 2076 644 dixit

1114 669 1254 707 Orator
1274 668 1439 718 Eugenii
1462 667 1512 706 lV
1535 669 1679 718 Papae,
1703 680 1804 720 quae
1824 667 1910 718 ejus
1936 667 2069 706 Oratio

1114 734 1227 768 extat
1256 730 1295 767 in
1319 729 1584 769 Conciliorum
1614 731 1749 778 tomis,
1777 735 1818 768 et
1845 729 1949 781 apud
1977 731 2074 768 Bzo-

1112 793 1224 830 vium
1247 791 1298 830 ad
1334 802 1483 830 annum
1508 792 1611 831 4332
1635 804 1743 830 num.
1768 791 1819 831 27
1845 803 1926 842 seq.
1955 790 2073 841 Ejus-

1114 854 1205 893 dem
1228 857 1399 904 quatuor
1421 855 1661 893 assertiones
1680 854 1875 893 adversus
1902 854 2074 892 Graecos

1112 916 1371 955 defensitatae
1400 916 1438 954 in
1468 916 1641 955 Concilio
1674 908 1914 955 Ferrariensi
1944 915 1994 953 id.
2023 915 2074 953 ad

1112 990 1262 1018 annum
1304 979 1405 1018 4338
1442 990 1550 1018 num.
1582 979 1606 1017 8
1635 990 1717 1030 seq.
1747 979 1895 1017 Omitto
1923 978 2073 1018 Graeca

1112 1040 1199 1091 ejus
1219 1042 1365 1093 scripta
1390 1041 1525 1080 itidem
1548 1043 1726 1093 opposita
1748 1042 1908 1080 Graecis
1936 1045 1976 1081 et
2005 1041 2073 1080 ad—

1114 1104 1191 1143 huc
1214 1104 1374 1151 inedita,
1394 1115 1495 1155 quae
1518 1115 1540 1143 a
1563 1104 1706 1143 Jacobo
1725 1104 1862 1150 Qvetif
1874 1109 1968 1143 tom.
1987 1105 2002 1143 l
2022 1103 2072 1142 de-

1112 1167 1277 1217 Scriptis
1300 1166 1644 1205 Dominicanorum
1667 1177 1752 1217 pag.
1774 1167 1850 1204 803
1870 1170 1910 1205 et
1933 1177 1983 1205 ex
2005 1165 2071 1204 ΑΙ-

1111 1229 1201 1267 latio
1225 1240 1270 1267 ac
1286 1229 1490 1267 Lambecio
1507 1233 1641 1268 notata
1656 1241 1676 1268 a
1696 1229 1912 1268 Warthono
1930 1227 1979 1267 ad
1999 1229 2072 1267 Ca-

1111 1303 1246 1331 veum.

1159 1352 1392 1393 ANDREAS
1415 1353 1463 1392 dc
1486 1356 1704 1405 Bocagnis,
1736 1353 1991 1394 Pistoriensis
2018 1352 2069 1392 ab

1107 1417 1221 1456 Anno
1238 1417 1339 1456 4378
1349 1416 1396 1455 ad
1415 1417 1515 1455 4400
1532 1417 1768 1468 EpiscopuS,
1783 1417 1940 1456 Ordinis
1955 1419 2070 1456 Prae—

1106 1479 1340 1528 dicatorum,
1356 1480 1553 1530 Scriptum
1570 1479 1727 1529 reliquit
1737 1478 2068 1530 Quadraqesima-

1106 1541 1138 1581 le
1162 1546 1202 1580 et
1223 1541 1406 1580 volumen
1430 1542 1664 1580 Sermonum
1687 1541 1733 1580 cle
1756 1541 1923 1581 Sanctis.

1157 1602 1405 1652 ANDREAS,
1424 1603 1636 1654 Presbyter
1659 1603 1709 1642 ad
1733 1604 1770 1642 S.
1796 1605 1980 1655 Magnum
1996 1605 2068 1642 Re-

1101 1665 1422 1718 92·nobur9ensis‚
1458 1667 1543 1705 sivo
1576 1664 1869 1706 Ratisbonensis
1906 1665 2069 1704 Ordinis

1105 1730 1394 1769 Canonicorum
1414 1729 1667 1780 Regularium
1682 1730 1719 1768 S.
1740 1728 1951 1780 Augustini
1965 1725 2068 1777 Ejus

1103 1791 1325 1834 Chronieon
1339 1789 1523 1841 yenerale
1544 1802 1565 1829 a
1583 1795 1674 1829 nato
1689 1792 1850 1831 CHristo
1873 1801 2000 1840 usque
2016 1788 2066 1827 ad

1104 1856 1264 1895 Annum
1286 1856 1300 1893 4
1314 1854 1388 1893 422
1404 1857 1536 1892 exstat
1556 1854 1594 1891 in
1612 1857 1717 1891 tomo
1733 1857 1872 1902 quarto
1888 1851 2065 1890 Anecdo-

1104 1924 1233 1957 torum
1244 1915 1455 1955 Bernaardi
1472 1917 1546 1954 Pez
1562 1916 1675 1954 Parte
1686 1916 1751 1961 III,
1767 1927 1853 1965 pag.
1864 1913 2061 1953 ‘275—0636.

1103 1982 1212 2020 Idem
1236 1992 1258 2019 a
1278 1978 1454 2017 Johanne
1483 1976 1628 2030 Chraft
1651 1977 1920 2016 Praedicatore
1949 1977 2063 2015 Cam-

1096 2043 1206 2082 bensi
1232 2041 1528 2092 interpolatum,
1549 2041 1905 2088 continuatumque
1933 2049 2064 2087 usque.

1099 2105 1147 2144 ad
1171 2104 1331 2143 Annum
1360 2103 1459 2141 4490
1484 2103 1523 2140 in
1543 2102 1704 2140 Joannis
1723 2101 1878 2150 Georgii
1893 2099 2059 2138 Eccardi

1098 2178 1257 2218 corpore
1294 2165 1478 2204 historico
1521 2163 1638 2202 medii
1671 2164 1759 2201 aevi
1796 2167 1889 2200 tom.
1913 2162 1947 2210 I,
1972 2172 2059 2212 pag.

1098 2228 1344 2269 4934-·2476.
1369 2226 1429 2265 Ab
1453 2226 1526 2264 hoc
1549 2225 1753 2264 diversum
1774 2222 1992 2264 Chronieon
2010 2221 2059 2260 de

1098 2288 1351 2341 Principibus
1393 2292 1525 2327 terrae
1552 2288 1820 2331 Bavarorum.
1844 2296 1936 2324 cum
1966 2285 2058 2323 Leo-

1096 2351 1244 2390 nhardi
1264 2349 1476 2389 Bauholzii
1502 2350 1550 2389 ab
1579 2348 1693 2388 Anno
1731 2348 1832 2387 4439
1869 2347 2060 2397 paralipo-

1096 2415 1224 2453 menis
1250 2424 1379 2464 usque
1403 2412 1452 2451 ad
1479 2411 1640 2451 Annum
1667 2411 1767 2450 4486
1791 2413 1830 2448 et
1853 2420 1944 2447 cum
1975 2407 2058 2458 eju-

1098 2476 1209 2515 sdem
1219 2474 1398 2514 Andreae
1407 2474 1586 2513 Historia
1598 2471 1874 2525 fundationum
1892 2469 2058 2508 nonnul-

1096 2537 1223 2577 lorum
1243 2536 1574 2576 monasteriorum
1588 2546 1665 2586 per
1681 2537 1820 2584 partes
1834 2534 1890 2571 Ba
1898 2531 2048 2570 variae.

1096 2602 1277 2650 notisque
1298 2598 1519 2648 Marquardi
1543 2597 1701 2635 Freheri
1717 2595 1867 2633 editum
1889 2594 2055 2632 Amber-

1096 2675 1165 2715 gae.
1182 2665 1196 2702 4
1208 2662 1283 2700 602
1302 2662 1335 2699 4.
1358 2662 1506 2699 llanov.
1530 2658 1631 2698 4607
1649 2654 1734 2703 ·i.²⁰,
1751 2662 1790 2694 et
1811 2655 2053 2694 nobilissimo

1096 2725 1270 2775 Kulpisio
1305 2726 1468 2761 curante
1492 2721 1540 2759 ad
1570 2719 1719 2758 calcem
1743 2720 1891 2758 AEneae.
1923 2718 2051 2767 Sylvii

1096 2788 1143 2827 de
1168 2786 1285 2825 rebus
1305 2783 1485 2823 Friderici
1509 2782 1570 2820 111.
1589 2780 1846 2831 Angentorati
1869 2780 1971 2819 4685
1989 2780 2052 2818 foi.

1094 2848 1256 2887 Joannis
1293 2845 1478 2884 Aventini
1503 2843 1550 2881 de
1574 2842 1646 2880 hoc
1682 2842 1838 2880 Andrea
1876 2843 2054 2880 testimo-

1096 2912 1232 2956 nium,
1261 2909 1326 2959 qui
1356 2917 1446 2945 eum
1476 2905 1523 2942 ob
1558 2904 1764 2950 diligenter
1792 2908 1833 2941 et
1867 2908 2050 2941 accurate

1096 2973 1281 3022 scriptam
1305 2968 1506 3007 historiam
1530 2977 1551 3004 a
1568 2965 1721 3004 civibus
1741 2967 1824 3004 suis
1850 2965 1974 3003 Titum
1994 2965 2055 3003 Li-

1094 3033 1198 3073 vium
1235 3030 1387 3069 censeri
1425 3029 1582 3079 scripsit
1620 3027 1682 3066 lib.
1722 3028 1802 3066 Vll.
1836 3026 2049 3066 Annalium

1096 3095 1325 3138 Boicorum,
1348 3100 1369 3128 a
1406 3090 1543 3128 Vossio
1579 3094 1619 3127 et
1655 3089 1742 3127 aliis
1772 3087 1856 3138 jani
1891 3089 2055 3127 allatum

1100 3160 1312 3206 praetereo.

1149 3214 1381 3255 ANDREAS
1400 3214 1448 3253 de
1467 3213 1666 3259 nodosus,
1683 3215 1768 3252 sive
1789 3213 1984 3253 Redusius
2003 3213 2052 3252 de.

1095 3279 1244 3324 Quero.
1267 3277 1531 3316 (lancellarius
1554 3277 1785 3314 Tarvisinus
1804 3307 1811 3322 ,
1837 3277 2051 3315 Historiam

1095 3353 1113 3379 a
1140 3338 1358 3392 primordiis
1383 3338 1511 3378 Mundi
1539 3350 1663 3389 usquc
1686 3338 1733 3378 ad
1760 3339 1920 3378 Annum
1949 3342 1962 3379 4
1980 3340 2050 3378 428
