2500 3841
860 232 1231 273 FABIANUS

61 305 125 346 vel
146 304 259 344 nulla
277 314 395 357 prece
422 301 463 340 id
484 313 510 340 a
537 313 597 340 me
636 302 849 354 quisquam
877 306 1014 342 emtor-

59 379 182 422 quere
208 366 347 420 possit.
372 364 506 404 Edidit
543 366 662 404 etiam
696 370 736 404 ct
769 366 1011 416 praefatione

59 443 132 471 Sua
154 429 372 470 illustravit
397 426 630 480 opusculum
670 427 862 466 Bernonis
882 427 928 467 de
947 439 1012 467 sa-

58 492 206 546 crificio
236 490 382 530 Missae
419 489 571 529 editum
607 491 766 529 Parisiis
807 502 869 529 an.
896 492 1010 531 4540.

57 555 155 596 Vide
174 553 351 594 BERNO.

26 625 30 628 ”
111 616 194 657 *Ex
209 616 374 668 epistola
390 617 510 654 etiam
532 616 867 666 Camperii‚cuius
885 626 1010 666 pauca

58 680 122 719 hic
144 679 347 718 Fabricius
384 679 525 717 recitat
558 678 668 716 disco
692 679 859 717 caeteris
896 678 1008 716 Fabri

58 742 217 794 scriptis
239 740 513 792 adiungendos
533 752 623 779 esse
646 741 953 779 commentarios
970 741 1008 777 in

57 804 238 844 Mercurii
253 805 502 854 Trismegisti
516 802 717 854 Opuscula
731 810 807 841 auo
826 813 949 840 unum
964 800 1010 841 cle

56 865 254 918 sapientia
276 869 316 904 et
330 868 522 918 potestate
535 865 798 917 Dei‚alterum
812 863 859 903 de
873 862 1010 903 vot-zm-

59 932 136 968 tate
159 928 310 968 divina.

111 991 375 1040 FABIANUS⁷
395 993 618 1043 Episcopus
637 993 839 1030 Romanus
862 989 910 1028 ab
933 989 1008 1029 An.

57 1055 316 1094 236.Januar.
333 1054 382 1093 46
398 1058 438 1092 et
453 1055 603 1104 Martyr
618 1054 691 1091 An.
710 1053 779 1092 254
792 1082 800 1089 .
815 1051 963 1090 JanQO
973 1051 1007 1099 a)

58 1116 140 1156 Sub
164 1114 252 1166 ejus
276 1117 436 1154 nomine
453 1118 534 1155 tres
554 1113 753 1167 Epistolae
777 1115 1010 1153 commenti-

57 1179 136 1217 tiae
159 1177 266 1229 apud
290 1177 486 1217 Isidorum
501 1179 772 1225 Mercatorem,
792 1178 824 1225 l)
845 1174 899 1213 acl
917 1176 1009 1215 Cat-

58 1239 208 1279 holicae
227 1238 430 1279 Ecclesiae
446 1239 747 1282 comministros,
765 1238 863 1285 eiad
872 1237 1008 1277 Orien-

58 1302 158 1342 tales
177 1302 390 1354 Episcopos
413 1306 649 1354 cunctosque
669 1301 803 1353 fideles
826 1306 866 1340 et
899 1302 933 1350 3)
959 1300 1007 1339 ad

48 1367 363 1406 ‘dilectissimum
375 1366 537 1404 fratrem
546 1364 750 1404 Hilarium
758 1364 1005 1416 Episcopum.

56 1430 135 1468 Has
155 1440 247 1468 cum
271 1429 388 1477 notis,
401 1428 546 1479 quibus
563 1428 746 1466 falsitatis
766 1427 1009 1465 convincun-

53 1496 121 1531 tur
139 1519 150 1536 ‚
174 1490 336 1529 exhibet
363 1490 594 1529 Blondellus
620 1491 659 1528 in
684 1488 1008 1528 Pseudo-Isidoro

56 1566 142 1605 pag.
167 1554 278 1602 286,
309 1564 393 1604 seq.
427 1554 484 1591 De
521 1552 657 1591 decem
696 1550 873 1590 Decretis
907 1561 1007 1600 quae

55 1616 104 1655 ad
151 1606 367 1655 Fabianum
412 1615 668 1663 reseruntur,
713 1613 804 1651 vide
845 1614 1006 1651 Petrum

55 1679 253 1718 Constant
276 1678 316 1715 in
345 1677 473 1728 Opere
493 1677 541 1715 de
564 1677 753 1728 Episto'lis
773 1676 1007 1714 Pontificum

53 1751 142 1791 pag.
168 1741 270 1788 448,
306 1750 389 1789 seq.
420 1740 487 1779 ubi
510 1741 631 1778 etiam
666 1739 713 1778 de
745 1739 929 1789 Origenis
957 1738 1005 1776 ad

48 1803 268 1842 Fabianum
290 1800 469 1852 Epistola
484 1806 525 1840 et
543 1802 702 1840 Fabiani
719 1799 774 1839 acl
791 1800 1007 1839 Privatum

50 1865 290 1916 Episcopum
317 1863 659 1902 L'ambesitanum.

104 1925 126 1950 *
149 1925 401 1965 FABIANUS
438 1924 485 1963 cle
516 1925 696 1965 Giocelzis
718 1927 767 1965 de
800 1926 936 1965 Monte
967 1926 1005 1964 S.

51 1990 187 2029 Savini
209 1988 442 2027 Advocatus
475 1989 760 2027 consistorialis
798 1989 907 2027 dedit
931 1993 1010 2026 tra-

51 2055 224 2099 ctatum,
250 2063 372 2101 quem
399 2052 631 2090 Pancirolus
663 2055 779 2089 vocat
801 2052 1010 2101 insignem,

50 2112 98 2153 de
122 2112 313 2165 emptione
336 2116 374 2152 et
395 2112 616 2152 venditione
637 2115 876 2164 impressum
895 2113 1010 2151 Senis

49 2188 120 2228 per
143 2177 318 2227 Magistr.
339 2177 558 2215 Henricum
575 2177 630 2214 De
648 2176 810 2215 Colonia
825 2187 888 2214 an.
907 2175 1010 2214 4483

49 2250 127 2290 quo
145 2238 309 2277 vivebat
329 2238 486 2277 author.
506 2240 533 2288 (4
547 2239 596 2278 02
612 2243 652 2277 et
666 2238 946 2276 deinVenetiis
961 2237 1011 2275 ad

49 2302 148 2353 sign.
173 2301 462 2340 Jurisconsulti
504 2299 610 2340 4575
639 2301 676 2338 in
704 2301 739 2338 8.
765 2304 840 2338 etc.
859 2299 868 2348 ¹)
886 2301 1010 2338 Huius

49 2364 206 2403 Fabiani
232 2375 282 2402 ex
305 2363 384 2402 filio
410 2375 535 2414 nepos
555 2364 630 2402 fuit
651 2363 783 2402 Julius
805 2363 852 2400 ΙΙ.
868 2363 1011 2401 Roma-

48 2425 328 2465 nusPontifex.
343 2426 504 2465 Excusa
520 2429 582 2465 est
599 2427 716 2464 etiam
729 2424 819 2463 ibid.
830 2436 891 2462 an.
905 2426 918 2463 4
932 2425 1007 2464 492

47 2500 118 2540 per
140 2489 354 2528 Henricum
384 2489 543 2528 Harlem
572 2489 663 2528 eius
690 2486 870 2538 repetitio
894 2486 936 2526 C.
961 2485 1007 2525 de

46 2550 192 2601 inoffic.
224 2553 378 2590 testam.

102 2612 282 2652 FABIUS
307 2612 549 2662 Cerilianus,
579 2624 698 2664 supra
719 2613 757 2650 in
781 2611 1005 2651 CERILIA-

49 2674 115 2715 ΝΟ
133 2679 230 2715 tom.
258 2677 294 2716 4.
318 2687 404 2727 pag.
430 2677 520 2716 342.

103 2737 284 2778 FABIUS
308 2737 501 2778 Claudius
520 2737 747 2777 Gordianus
773 2734 1002 2787 Fulyentius

49 2804 90 2839 et
105 2800 286 2840 FABIUS
295 2799 530 2852 Fulyentius
547 2799 767 2850 Placiacles⁷
783 2800 882 2838 infra
892 2801 1003 2838 FUL-

50 2863 280 2904 GENTIUS.

25 2926 29 2931 ⁴
102 2925 282 2966 FABIUS
300 2924 573 2975 Marcellinus,
598 2925 766 2975 scriptor
790 2922 896 2962 Vitae
914 2922 1002 2961 Ale-

51 2986 208 3027 oeandri
230 2987 380 3037 Severi,
404 2988 628 3038 Lampridio
649 2985 832 3025 laudatus
857 2986 895 3022 in
920 2986 1001 3023 vita

52 3048 232 3099 ejusdem
257 3049 470 3088 Alexandri
498 3061 581 3101 cap.
615 3050 674 3086 48.
704 3052 743 3085 et
771 3048 934 3097 Vopisco
961 3047 998 3085 in

55 3112 137 3150 vita
159 3111 271 3150 Probi
308 3122 392 3162 cap.
430 3111 466 3150 2.
506 3112 613 3150 Idem
657 3112 822 3149 fortasse
859 3110 999 3147 Fabius

52 3174 300 3213 Marcellinus
327 3175 361 3212 in
388 3177 511 3212 veteri
539 3174 793 3223 inscriptione
819 3173 1001 3209 'i'arraco-

55 3237 166 3274 nensi
187 3235 289 3287 apud
314 3237 499 3275 Vossium
524 3248 609 3287 pag.
639 3237 727 3273 703.

108 3320 140 3357 a)
166 3324 245 3353 Acta
267 3323 463 3354 Sanctorum
486 3325 566 3352 tom.
591 3318 738 3351 secundo
762 3321 909 3350 ,ianuarii
935 3328 1008 3359 pag.

46 3369 119 3400 252.
140 3377 211 3409 seq.

1960 231 2036 270 547

1136 301 1322 354 AEyidius
1346 301 1504 350 FAsssst,
1530 313 1661 352 supra,
1686 307 1777 341 tom.
1801 304 1836 341 4.
1861 313 1946 352 pag.
1975 303 2034 340 48.

1137 365 1403 404 FABRICIUS
1426 366 1604 411 Tuscus,
1629 366 1798 416 scriptor
1818 364 1924 403 Vitae
1942 362 2036 402 Ald-

1085 427 1224 476 lielmi,
1246 428 1345 467 infra
1365 427 1611 468 FARiCIUS.

1138 490 1452 531 FABULARIUS
1486 490 1662 531 Conradi
1684 503 1711 528 a
1734 491 1863 538 Mure,
1884 489 1932 528 dc
1956 501 2034 540 quo

1084 564 1202 604 Supra
1228 558 1324 592 tom.
1349 556 1361 593 4
1386 585 1396 602 ,
1422 566 1509 604 pag.
1534 554 1623 592 386.

1136 615 1385 664 FACETUS,
1418 621 1559 666 poema
1595 615 1795 665 Anonymi
1834 615 2035 653 leoninum

1082 676 1129 715 dc
1159 678 1297 716 officiis
1321 678 1517 728 cujusque
1541 689 1634 726 erga
1658 679 1797 716 DEUM
1815 707 1824 724 ‚
1848 678 1946 715 aiios
1969 677 2035 715 ho-

1082 742 1210 779 mines
1234 745 1273 777 ct
1297 742 1486 790 seipsum.
1509 742 1672 789 Incipit:

1111 802 1195 833 Cum
1211 801 1293 832 nihii
1313 802 1429 832 utilius
1447 802 1614 832 humanae
1633 802 1730 832 credo
1749 801 1848 833 saluti

1116 854 1222 888 Quam
1241 859 1352 881 rernm
1370 852 1502 881 novisse
1518 849 1632 881 modos
1646 876 1655 887 ‚
1675 855 1705 880 et
1723 852 1872 882 moribus
1891 854 1954 883 uti.

1116 900 1211 939 Quod
1229 903 1340 932 minus
1358 902 1538 940 exequitur
1557 902 1680 931 morosi
1699 900 1818 940 dogma
1836 902 1971 932 Catonis
1988 927 1997 940 ‚

1115 950 1282 990 supplebo
1303 960 1362 990 pro
1387 959 1481 990 posse
1500 958 1595 989 meo,
1617 952 1749 982 monitu
1764 953 1919 983 rationis.

1079 1001 1225 1039 Exstat
1258 1002 1360 1039 inter
1382 1002 1578 1040 Auctores
1602 1005 1688 1038 octo
1721 1002 1890 1039 morales
1913 1001 1943 1048 a]
1968 1004 2035 1051 qui

1081 1063 1239 1102 scholiis
1265 1063 1449 1102 illustrati
1476 1063 1706 1114 prodierunt
1727 1063 1860 1102 Colon.
1884 1064 1983 1102 4520
2002 1065 2035 1102 4.

1081 1125 1285 1176 Allcgatur
1309 1125 1357 1163 ab
1373 1126 1568 1176 Ugutione
1593 1126 1732 1163 Pisano
1749 1156 1760 1173 ,
1786 1127 1851 1175 qui
1877 1126 2037 1176 scripsit

1080 1190 1184 1227 circa
1208 1187 1282 1226 An.
1306 1188 1418 1227 1492.
1437 1188 1527 1226 vide
1544 1189 1680 1238 Cangii
1702 1188 1853 1238 praefat
1870 1187 1917 1226 ad
1935 1189 2036 1239 glos-

1081 1252 1228 1289 sarium
1256 1251 1437 1288 Latinum
1465 1250 1500 1299 ξ.
1527 1251 1590 1288 45.

1132 1310 1460 1350 Bartholomaeus
1482 1314 1507 1349 F
1513 1312 1664 1351 ACIUS
1688 1324 1708 1350 c
1734 1311 1876 1362 Spcdia
1906 1313 2036 1364 (Spez-

1080 1375 1157 1422 zia)
1196 1374 1421 1412 Genuensis
1451 1373 1636 1424 ditionis⁷
1670 1376 1802 1425 gravis
1834 1376 2034 1413 Laurentii

1080 1437 1212 1477 Vallae
1236 1436 1518 1485 adversarius,
1541 1437 1678 1475 eodem
1721 1449 1798 1487 quo
1831 1437 1893 1475 ilie
1921 1437 2035 1475 Anno

1085 1499 1197 1538 4457,
1235 1499 1270 1547 b)
1307 1499 1453 1537 Romae
1494 1499 1602 1537 Valla
1644 1499 1851 1550 Augusto.
1894 1500 2034 1539 Factus

1080 1562 1239 1612 Neapoli
1264 1572 1401 1599 mense
1426 1562 1637 1600 Novembri
1662 1561 1765 1599 diem
1791 1562 1884 1600 obiit
1908 1564 1954 1611 c).

1094 1636 1138 1664 Ne
1155 1632 1206 1664 vei
1222 1634 1255 1663 in
1272 1632 1392 1670 Elysiis
1410 1634 1482 1662 sinc
1499 1632 1631 1662 vindice
1650 1631 1738 1661 Valla
1755 1635 1934 1668 susurret,

1136 1684 1253 1714 Facius
1272 1681 1361 1713 haud
1380 1682 1500 1713 multos
1519 1686 1593 1721 post
1611 1681 1682 1712 obit
1702 1682 1770 1721 ipse
1788 1680 1872 1712 dies.

1082 1743 1258 1793 Reipubl.
1295 1738 1521 1780 Genucnsis
1554 1745 1593 1779 et
1633 1740 1824 1791 Alphonsi
1859 1741 1886 1778 Ι.
1920 1741 2037 1791 Regis

1081 1804 1324 1855 Neapolitani
1348 1815 1370 1842 a
1394 1804 1559 1842 secretis
1585 1807 1625 1841 et
1648 1802 1753 1853 apud
1779 1814 1871 1841 eum
1897 1803 2038 1853 gratio-

1083 1878 1155 1905 sus
1180 1866 1269 1904 fuit.

1135 1930 1289 1979 Scripta
1329 1927 1416 1978 ejus
1452 1932 1571 1966 sunt:
1598 1928 1736 1966 Latina
1759 1928 1888 1964 versio
1921 1927 2039 1964 libro·-

1083 2003 1171 2030 rum
1197 1994 1351 2040 septem
1384 1989 1556 2027 Arriani
1576 1988 1622 2026 (le
1656 1987 1778 2027 rebus
1808 1987 2039 2027 Aleoeantlri

1082 2055 1131 2092 M.
1158 2058 1278 2102 atque
1298 2052 1469 2091 Arriani
1490 2051 1738 2099 Italicorum,
1760 2064 1861 2102 quae
1878 2063 1948 2102 per
1967 2053 2035 2088 Ja-

1083 2114 1218 2154 cobum
1247 2112 1415 2154 Curlum
1437 2115 1522 2152 sive
1549 2112 1771 2153 Currulum
1794 2113 1829 2162 d)
1857 2114 2039 2163 suppleta

1083 2182 1123 2215 et
1137 2177 1307 2227 expolita
1328 2176 1472 2226 prodiit
1488 2178 1635 2214 Pisauri
1650 2176 1838 2214 4508101.
1861 2180 1900 2214 et
1915 2176 2036 2214 Grae—

1081 2241 1139 2278 cis
1157 2239 1334 2290 subjecta
1348 2271 1358 2286 ,
1380 2239 1555 2277 Basilcae
1572 2237 1675 2288 apud
1692 2238 1907 2276 Robertum
1925 2238 2040 2276 Win-

1083 2308 1144 2340 ter
1163 2303 1276 2340 4539.
1296 2303 1330 2340 4.
1349 2306 1468 2352 atquc
1502 2302 1644 2339 iterum
1681 2301 1896 2350 separatim
1916 2300 2036 2349 Lugd.

1084 2365 1199 2414 4552,
1236 2365 1296 2403 42.
1333 2368 1372 2401 et
1413 2365 1563 2402 Bernae
1595 2364 1709 2401 4554.
1736 2363 1771 2400 8.
1803 2364 2038 2412 Quanquam

1081 2438 1175 2465 vero
1198 2428 1348 2464 Bonav.
1371 2426 1592 2465 Vulcanius
1623 2425 1750 2463 muita
1787 2423 1929 2461 deinde
1957 2435 2037 2461 me—

1079 2489 1156 2526 lius
1182 2487 1353 2525 reddidit
1381 2492 1421 2524 et
1445 2487 1689 2533 accuratius,
1715 2489 1747 2531 e)
1772 2490 1904 2523 tamen
1936 2486 2037 2522 Facii

1131 2574 1165 2614 a)
1190 2576 1228 2606 Hi
1251 2578 1329 2605 sunt
1352 2575 1432 2604 Cato
1448 2597 1458 2611 ‚
1482 2573 1671 2604 Theodulus
1689 2597 1698 2610 ‚
1716 2576 1854 2604 Facetus
1869 2597 1878 2610 ,
1904 2573 2043 2604 Carmen

1071 2626 1110 2657 de
1133 2628 1294 2656 contentu
1317 2622 1452 2660 Mundi,
1481 2623 1599 2654 Tobias
1627 2623 1786 2653 Matthaei
1808 2622 1945 2653 Vindoc-
1963 2623 2042 2652 Aia-

1071 2677 1104 2705 ni
1131 2673 1310 2713 parabolae
1328 2696 1337 2710 ‚
1363 2672 1507 2703 Fabulae
1531 2673 1638 2710 AEsopi
1655 2695 1665 2709 ‚
1690 2676 1720 2702 et
1744 2671 1916 2707 Floretus‚
1954 2671 2044 2703 addi-

1069 2729 1103 2756 to
1130 2727 1180 2755 Jo.
1203 2723 1342 2763 Sulpicii
1368 2722 1524 2753 verulani
1551 2723 1699 2753 carmine
1721 2721 1761 2752 de
1785 2720 1933 2751 moribus
1960 2729 2039 2759 pue-

1067 2782 1196 2805 rorum.

1130 2822 1164 2860 b)
1190 2823 1338 2852 Diariurn
1371 2820 1580 2852 eruditorum
1618 2820 1732 2851 italiae
1767 2824 1847 2851 tom.
1884 2822 1936 2851 xi.
1963 2828 2037 2860 pag.

1067 2872 1141 2903 524.
1163 2873 1369 2911 Augustinus
1405 2870 1564 2902 oldoinus
1603 2872 1636 2901 in
1671 2870 1841 2900 Athenaeo
1868 2872 2038 2909 Ligustico

1067 2930 1140 2961 pag.
1162 2920 1213 2952 91.

1131 2970 1163 3009 c)
1202 2972 1238 3001 ln
1273 2970 1412 3000 candem
1445 2971 1645 3000 sententiam
1673 2973 1818 3001 Joannes
1854 2968 2038 2999 Matthaeus

1067 3025 1237 3052 'roscanus
1263 3022 1296 3051 in
1323 3019 1417 3059 peplo
1442 3019 1557 3050 italiae
1576 3019 1633 3050 iii).
1653 3019 1681 3050 i.
1702 3029 1735 3050 n.
1759 3019 1811 3049 123.
1831 3020 1863 3049 in
1889 3020 2036 3049 Factum.

1106 3073 1193 3109 Quin
1210 3094 1219 3107 ‚
1242 3068 1331 3110 apud
1356 3069 1484 3106 Elysias
1508 3070 1657 3100 extincto
1681 3068 1869 3106 (Vatiae)
1897 3067 2036 3100 insultes

1816 3121 1849 3147 ut
1872 3117 2006 3150 umbras
2023 3144 2032 3157 ,

1109 3170 1200 3200 itautl
1226 3177 1316 3199 mora
1337 3192 1345 3204 ,
1367 3168 1561 3200 desunt-turn
1587 3168 1800 3205 subsequitur
1823 3168 1980 3199 moriens.

1127 3219 1160 3247 (1.
1185 3219 1288 3257 itapii.
1306 3221 1468 3257 Sopranes
1486 3219 1524 3248 tie
1543 3217 1764 3256 scriptoribus
1786 3218 1937 3255 Liguriae
1961 3226 2035 3256 pag.

1073 3269 1137 3299 125.

1130 3318 1161 3347 ri
1189 3317 1276 3348 Adde
1298 3317 1537 3349 itihiiotliccain
1561 3319 1718 3348 Graecam
1743 3316 1798 3347 iiii.
1834 3318 1885 3347 iv.
1904 3325 1975 3356 cap.
2004 3319 2032 3349 8.

1071 3378 1143 3408 pag.
1168 3368 1245 3398 275.
