2500 3841
888 222 1133 263 CLEME
1162 224 1241 263 NS

78 296 153 334 sub
174 294 373 334 Benedicti
401 294 452 333 111
483 294 640 333 nomine
670 296 864 347 scriptae,
888 309 1024 338 occur-

76 361 168 396 runt
202 355 307 407 apud
342 356 515 395 eundem
551 357 788 397 Dacherium
822 363 916 399 tom.
946 362 995 400 VI
1009 393 1020 411 ,

76 419 280 468 (editionis
315 430 440 457 novae
481 422 574 457 tom.
601 420 749 472 I,pag.
773 420 875 472 787,
906 423 1019 473 sqq.)

70 478 268 531 Epistolae
290 479 393 520 aliae
422 481 497 519 III.
524 483 562 519 in
586 483 735 522 Baluzii
762 485 1022 524 Miscellaneis

72 546 165 581 tom.
187 544 263 595 VI,
288 555 374 595 pag.
400 545 500 593 539,
525 555 636 596 seqq.

122 605 185 645 22.
208 605 380 645 Carmen
401 605 448 645 cle
465 607 573 646 Vitae
591 607 766 648 rusticae
780 608 967 662 felicitate
986 615 1022 650 et

69 667 115 707 de
129 667 304 708 miseriis
319 672 598 721 tyrannorum,
611 671 715 722 quod
726 673 880 724 incipit:
896 675 1021 712 Fron-

67 729 113 769 de
139 741 259 782 super
279 731 404 771 viridi
426 731 533 771 locus
554 736 613 772 est
629 733 669 772 in
689 735 870 785 yramine
890 747 1018 775 amoe-

66 804 132 842 no,
157 805 395 845 expressum
412 807 461 834 ex
477 796 624 835 Gallico
640 795 814 849 Philippi
822 797 868 837 de
892 798 1018 850 Vitry,

67 855 280 895 Meldensis
302 857 512 909 Episcopi,
541 859 608 909 qui
643 857 717 897 An.
758 860 852 900 1351
898 861 1017 900 obiit:

67 917 169 956 Sous
185 916 320 970 feuille
341 918 457 969 verd,
480 931 554 959 sur
569 919 687 959 herbe
703 920 924 961 delectable.
939 924 1020 963 Ex-

67 983 147 1018 stat
165 980 311 1020 Gallice
330 985 371 1019 et
393 983 531 1021 Latine
555 984 592 1020 in
618 983 783 1035 Philippi
803 986 1014 1026 Camerarii

64 1041 204 1093 Operis
227 1043 439 1083 subcisivis
455 1045 540 1084 sive
556 1046 877 1086 meditationibus
894 1047 1015 1085 histo-

63 1105 155 1143 ricis
178 1109 273 1144 tom.
294 1107 364 1157 III,
385 1118 468 1158 cap.
494 1108 564 1157 93,
588 1112 628 1146 et
652 1109 788 1148 Latine
808 1110 847 1148 in
870 1110 1015 1161 Caspa-

63 1168 118 1205 ris
140 1169 326 1207 Dornavii
341 1170 632 1221 amphitheatro
648 1172 864 1222 sapientiae
879 1173 1016 1212 Socra-

63 1229 162 1268 ticae
184 1235 280 1269 tom.
305 1233 318 1271 1
342 1262 350 1282 ,
375 1243 460 1283 pag.
485 1231 575 1270 788.

111 1292 263 1332 Inedita
284 1293 389 1344 apud
413 1294 584 1345 Lydium
614 1295 652 1332 in
677 1295 761 1333 vita
785 1295 1014 1347 Clemangis

8 1402 10 1404 .
60 1365 147 1405 pag.
172 1356 241 1394 191
272 1359 312 1394 et
332 1357 425 1407 (qui
448 1356 713 1396 Bibliothecas
729 1358 849 1396 etiam
865 1358 1014 1398 Galliae

60 1422 300 1468 memorant,
322 1419 387 1457 ubi
412 1419 478 1458 illa
493 1419 600 1458 MSS.
625 1420 838 1470 exstant),
863 1422 1016 1459 Launo-

57 1478 145 1529 jum
169 1484 264 1518 tom.
290 1481 350 1530 ΙΙ,
374 1480 581 1531 Gymnasii
601 1482 788 1521 Navarrei
809 1494 898 1534 pag.
921 1481 1013 1532 578,

60 1552 143 1593 seq.
166 1547 207 1581 et
231 1541 433 1582 Oudinum
455 1548 548 1582 tom.
574 1544 653 1593 III,
678 1556 764 1596 pag.
790 1545 908 1585 2323.

109 1605 173 1645 23.
192 1604 509 1645 Commentarius
525 1605 565 1644 in
578 1606 746 1645 Esaiam
765 1606 1012 1660 Prophetam,

59 1679 186 1718 usque
214 1668 263 1707 ad
286 1672 407 1719 caput
433 1671 745 1721 sexagesimum.

109 1731 173 1770 24.
206 1730 406 1783 Epistoiae
427 1733 501 1771 IX.
535 1734 694 1772 nomine
729 1734 1011 1774 Universitatis

55 1794 286 1832 Parisiensis
295 1804 364 1844 pro
377 1794 657 1833 Ecclesiastica
672 1796 837 1835 unitate.
852 1798 903 1835 Et
917 1797 1012 1849 Epi—

55 1854 178 1895 stolae
192 1856 289 1894 aliae
308 1857 394 1895 XII.
417 1867 588 1907 quarum
605 1858 818 1897 nonnullae
833 1860 952 1898 etiam
969 1861 1008 1898 in

55 1919 295 1958 Bibliotheca
318 1919 585 1959 Lambethana
608 1924 649 1958 et
671 1920 775 1971 apud
799 1922 842 1960 V.
869 1922 910 1961 C.
941 1924 1006 1961 Jo-

57 1995 203 2022 annem
223 1983 433 2034 Batteley,
458 1988 499 2022 et
522 1984 561 2021 in
583 1983 669 2021 aliis
692 1982 856 2035 Angliae
871 1985 1014 2024 Biblio-

59 2046 198 2085 thecis.

46 2145 48 2148 ,
109 2109 171 2149 25.
196 2108 416 2161 Descriptio
429 2108 570 2147 etlaus
589 2106 706 2147 urbis
732 2109 911 2159 Genuae,
928 2121 1013 2149 car-

58 2183 151 2211 men
164 2172 334 2212 CXVIII.
353 2183 565 2221 versuum,
583 2172 733 2223 incipit:
750 2171 884 2211 Janua
893 2184 1013 2225 quam

50 2233 272 2285 perhibent.

110 2298 172 2337 26.
181 2296 422 2336 Eoehortatio
438 2296 493 2336 ad
505 2295 770 2336 resistendum
779 2301 918 2336 contra
927 2299 1013 2338 Ma-

60 2359 279 2397 hometicos.

112 2421 174 2461 27.
199 2422 337 2461 Sermo
360 2420 406 2459 de
426 2421 585 2460 Sanctis
603 2421 882 2461 innocentibus.

111 2484 175 2522 28.
199 2482 417 2534 Descriptio
453 2482 517 2521 rei
551 2483 758 2535 cujusdam
784 2483 1013 2534 mirabilis,

60 2557 161 2598 quae
180 2544 221 2583 in
244 2543 376 2584 Gallia
394 2544 588 2583 accidisse
611 2544 831 2584 dicebatur.

115 2609 178 2647 29.
205 2606 412 2646 Orationes
447 2606 576 2645 decem
611 2606 774 2646 devotae
798 2608 852 2647 ad
874 2609 1023 2647 DEUM

64 2670 172 2708 horis
196 2669 406 2708 Canonicis
431 2669 756 2719 praemittendae.

114 2729 304 2770 Aurelius
338 2729 581 2769 Prudentius
618 2731 877 2781 CLEMENS,
902 2731 1017 2782 vide,

60 2793 389 2834 PRUDENTIUS.

114 2850 347 2899 CLEMENS
376 2857 602 2905 Romanus,
642 2857 709 2895 vir
740 2855 1016 2908 ApostolicuS,

61 2922 124 2960 cui
141 2921 246 2959 circa
261 2918 422 2958 Annum
443 2919 597 2959 CHristi
614 2920 662 2958 83
680 2920 719 2957 in
734 2921 907 2959 Romano
926 2922 1018 2971 Epi-

64 2987 229 3035 scopatu
269 2983 482 3022 Evaristus
525 2982 695 3021 traditur
738 2984 982 3022 successisse
1005 3013 1012 3031 ,

6 3057 10 3063 ¹
62 3045 211 3085 Graece
240 3046 424 3097 scripsit,
449 3056 527 3084 non
551 3046 713 3094 Latine,
753 3046 885 3095 itaque
909 3050 1018 3084 esset

63 3107 136 3147 hoc
158 3109 242 3148 loco
261 3120 284 3148 a
302 3120 365 3148 me
380 3108 696 3161 praetereundus
713 3138 721 3158 ,
746 3110 813 3159 qui
834 3108 881 3147 de
898 3108 1017 3147 Grae—

65 3171 122 3209 cis
143 3175 231 3221 ejus
247 3172 368 3210 etiam
386 3172 569 3222 genuinis
585 3175 705 3222 atque
726 3172 779 3210 illi
801 3171 1017 3222 suppositis

65 3235 335 3272 monumentis
351 3233 431 3273 dixi
446 3233 883 3273 libroIV.Bibliothecae
899 3233 1018 3272 Grae-

66 3305 135 3332 cae
154 3306 238 3346 cap.
269 3297 304 3335 5.
337 3295 371 3347 g.
399 3296 461 3336 1ῖι.
485 3301 525 3336 et
545 3297 640 3336 libro
661 3298 703 3336 V.
726 3308 809 3348 cap.
836 3299 870 3336 1.
896 3297 932 3347 g.
955 3297 1015 3335 12.

66 3354 144 3395 Sed
163 3355 297 3396 debuit
320 3358 407 3408 ejus
433 3361 580 3399 mentio
602 3372 624 3400 a
648 3372 710 3400 me
746 3359 829 3400 sieri
858 3363 1018 3410 propter

1096 298 1293 352 Epistolas
1316 300 1488 353 quinque
1513 300 1760 350 decretales,
1791 312 1892 353 quae
1917 302 2055 341 Latine

1096 373 1145 400 ex
1168 364 1295 401 veteri
1315 364 1498 402 versione
1518 363 1778 404 venditantur
1806 376 1829 404 a
1852 364 2053 405 Ludovico

1095 425 1237 463 Jacobo
1262 426 1298 464 in
1324 426 1566 466 Bibliotheca
1602 427 1829 477 pontificia,
1858 429 2052 479 aliisque,

1096 492 1136 526 at
1160 489 1197 526 in
1222 488 1411 527 Blondelli
1437 488 1758 528 Pseudo-Isidoro
1782 491 2052 542 appositisque

1097 550 1224 598 notis,
1250 550 1316 589 ubi
1339 550 1492 590 ducunt
1516 551 1702 590 familiam
1722 581 1730 599 ,
1769 552 1953 592 falsitatis
1991 564 2053 592 ar-

1094 616 1272 662 guuntur
1290 642 1298 661 ,
1322 612 1635 651 assentientibus
1654 612 1895 652 doctissimis
1911 614 2052 665 quibu-

1093 685 1192 725 sque
1217 675 1312 712 viris
1335 686 1385 713 ex
1403 675 1580 712 Romana
1603 676 1725 713 etiam
1752 677 1942 715 Ecclesia.

1147 736 1380 776 CLEMENS
1415 736 1462 774 ΙΙ.
1501 736 1576 774 alio
1612 738 1772 775 nomine
1801 737 2048 789 Suidfserus,

1094 798 1196 836 Saxo
1219 798 1253 846 a)
1265 829 1276 847 ,
1300 798 1490 849 depositis
1504 797 1552 835 ab
1568 797 1734 836 Henrico
1751 799 1815 837 ΙΙΙ.
1831 800 1958 839 tribus
1972 800 2052 840 An—

1092 861 1121 897 ti
1145 860 1258 910 Papis
1275 858 1487 898 Benedicto
1503 860 1571 898 IX.
1592 860 1800 910 Sylvestro
1817 862 1880 900 III.
1899 867 1939 900 et
1955 864 2050 903 Gre-
2075 893 2078 896 .

1091 922 1195 971 gorio
1229 922 1291 959 VI.
1317 933 1366 959 ex
1390 922 1584 973 Episcopo
1607 923 1892 974 Bambergensi
1922 926 2048 976 Papa,

1088 982 1298 1022 renovavit
1316 982 1519 1022 Ecclesiae
1555 985 1765 1023 Bremensi
1785 989 1824 1024 et
1847 985 2049 1025 Hambur-

1085 1045 1201 1096 yensi
1220 1045 1352 1084 omnia
1367 1045 1583 1098 privileyia
1599 1078 1609 1096 ,
1631 1059 1734 1099 quae
1758 1047 1909 1086 ductum
1932 1060 1957 1086 a
1975 1050 2050 1088 Ro-

1088 1118 1209 1146 mana
1230 1107 1320 1147 sede
1356 1119 1540 1148 concessa
1571 1107 1739 1161 fuerant
1760 1109 1807 1159 b).
1832 1109 1932 1161 Ejus
1956 1111 2050 1163 Epi-

1089 1168 1191 1209 stola
1210 1170 1264 1210 ad
1285 1171 1474 1210 Joannem
1490 1203 1501 1221 ,
1536 1170 1891 1223 Archiepiscopum
1915 1172 2051 1213 Saler-

1088 1232 1268 1271 nitanum
1283 1265 1293 1282 ,
1319 1233 1423 1284 apud
1447 1235 1660 1273 Baronium
1685 1235 1734 1273 ad
1758 1234 1922 1275 Annum
1945 1236 2049 1276 1047

1088 1294 1307 1347 Humfreclo
1328 1297 1413 1334 sive
1430 1294 1600 1349 Arnulfo
1615 1298 1775 1336 Henrici
1792 1299 2049 1349 Imperatoris

1090 1358 1210 1396 fratre
1231 1387 1239 1407 ,
1281 1357 1591 1410 Archiepiscopo
1632 1361 1865 1399 Ravennate
1887 1392 1895 1411 ,
1944 1361 2050 1412 apud

1090 1420 1301 1471 Ughellum
1326 1425 1422 1460 tom.
1447 1422 1507 1470 ΙΙ,
1532 1422 1668 1460 Italiae
1693 1433 1828 1461 sacrae
1853 1434 1942 1475 pag.
1973 1425 2041 1464 361

1090 1486 1130 1521 et
1153 1483 1191 1521 in
1216 1483 1401 1522 Conciliis
1425 1483 1566 1522 Labbei
1593 1488 1686 1522 tom.
1712 1485 1793 1535 IX,
1818 1497 1905 1537 pag.
1932 1487 2047 1526 1251.

1089 1545 1145 1584 De
1169 1545 1343 1584 Concilio
1372 1549 1511 1584 contra
1534 1546 1780 1584 Simoniacos
1803 1548 1949 1586 Romae
1983 1548 2052 1586 ha-

1088 1607 1169 1646 bito
1194 1607 1284 1646 vide
1309 1608 1473 1658 Pagium
1498 1607 1547 1645 ad
1568 1606 1732 1647 Annum
1757 1609 1860 1648 1047
1886 1622 1994 1649 num.
2029 1612 2043 1650 1

1089 1673 1129 1708 et
1152 1669 1200 1708 de
1230 1668 1443 1708 Wiborada
1471 1680 1493 1708 a
1518 1669 1725 1710 Clemente
1748 1671 1796 1709 ΙΙ.
1821 1672 1925 1710 inter
1949 1673 2049 1712 San-

1088 1737 1173 1769 ctos
1193 1731 1392 1781 adscripto
1416 1743 1453 1769 n.
1481 1733 1515 1769 4.
1551 1732 1608 1770 De
1632 1733 1718 1771 aliis
1742 1734 1961 1785 privilegiis
1981 1747 2052 1786 per

1092 1805 1184 1833 eum
1208 1794 1311 1833 datis
1335 1794 1521 1833 coenobio
1551 1794 1752 1833 Michaelis
1786 1795 2051 1848 Archangeli,

1095 1861 1135 1896 et
1158 1857 1421 1895 Tharissiensi
1455 1857 1494 1894 in
1533 1856 1703 1895 dioecesi
1740 1859 2021 1910 Bambergensi
2041 1891 2050 1909 ‚

1087 1919 1179 1958 vide
1186 1921 1207 1957 J
1209 1919 1377 1958 ohannis
1389 1919 1493 1957 Petri
1504 1918 1696 1970 Ludewig
1708 1920 1928 1971 Scriptores
1936 1923 2051 1960 Bam-

1087 1981 1307 2033 bergenses
1332 1992 1420 2033 pag.
1447 1982 1511 2020 69.

1140 2044 1374 2084 CLEMENS
1398 2044 1462 2082 ΙΙΙ.
1488 2042 1723 2095 Anti—Papa,
1748 2050 1866 2084 antea
1885 2045 2053 2085 Guiber-

1086 2109 1173 2155 tus,
1200 2107 1285 2144 sive
1320 2104 1522 2146 Wibertus
1546 2107 1786 2156 Parmensis,
1811 2120 1861 2147 ex
1881 2107 2047 2148 Archie-

1087 2169 1246 2220 piscopo
1281 2169 1581 2208 Ravennatensi
1605 2168 1758 2208 electus
1798 2170 1837 2207 in
1875 2171 2049 2210 Concilio

1087 2232 1313 2270 Brixinensi
1353 2231 1560 2280 Pontifex,
1596 2231 1668 2269 fuit
1703 2231 1751 2269 ab
1785 2231 1902 2271 Anno
1951 2236 2054 2273 1088

1091 2304 1217 2344 usque
1240 2293 1289 2332 ad
1315 2295 1409 2333 1101
1443 2297 1582 2332 contra
1606 2293 1842 2345 Gregorium
1877 2296 1959 2335 VII.
1989 2298 2056 2336 Vi-

1089 2360 1239 2395 ctorem
1258 2357 1323 2395 ΙΙΙ.
1349 2356 1549 2395 Urbanum
1574 2357 1621 2394 II.
1644 2356 1805 2396 favente
1830 2359 1865 2397 ei
1885 2359 2053 2399 Henrico

1090 2419 1152 2457 IV.
1177 2419 1430 2469 Imperatore.
1457 2418 1554 2457 Vide
1577 2417 1678 2457 Acta
1694 2420 1931 2460 Sanctorum
1954 2427 2049 2460 tom.

1089 2481 1165 2528 VI,
1189 2481 1295 2519 Junii
1319 2492 1405 2531 pag.
1430 2481 1505 2520 190
1537 2485 1576 2518 et
1609 2482 1772 2532 Pagium
1806 2483 1854 2521 ad
1890 2484 2054 2522 Annum

1091 2543 1246 2582 CHristi
1274 2543 1373 2580 1083
1399 2554 1508 2581 num.
1531 2544 1554 2582 2
1573 2574 1583 2591 ,
1610 2555 1693 2594 seq.
1719 2545 1762 2582 In
1789 2546 1955 2584 exilium
1983 2548 2056 2584 Ur-

1092 2605 1181 2644 bani
1205 2606 1251 2643 ΙΙ.
1278 2605 1330 2642 ita
1354 2605 1474 2652 lusit,
1502 2609 1544 2644 ut
1567 2606 1690 2643 refert
1704 2605 1942 2657 Anonymus
1959 2608 2052 2646 Mel-

1092 2667 1276 2711 licensis,
1315 2664 1483 2717 facundi
1517 2665 1668 2718 eloquio
1703 2670 1741 2705 et
1769 2668 1880 2706 acuti
1901 2669 2051 2721 ingenio

1091 2729 1261 2779 elogium
1282 2729 1315 2766 ei
1341 2729 1553 2779 perhibens
1577 2740 1660 2779 cap.
1687 2730 1748 2767 98.
1775 2730 1822 2767 (le
1848 2731 1885 2769 S.
1910 2732 1955 2770 E.

1086 2801 1214 2831 Diceris
1239 2800 1388 2830 Urbanus
1404 2823 1413 2838 ,
1438 2808 1515 2831 cum
1541 2801 1586 2831 sis
1610 2802 1779 2841 projectus
1803 2801 1844 2831 ab
1867 2802 1973 2841 Urbe,

1084 2850 1141 2881 Vel
1166 2852 1258 2880 muta
1282 2857 1402 2880 nomen
1420 2875 1429 2887 ,
1456 2849 1507 2881 vel
1531 2849 1732 2889 regrediaris
1762 2852 1794 2882 in
1824 2851 1960 2885 Urbem.

1143 2909 1364 2960 Scripserat
1388 2909 1584 2960 quaedam
1608 2912 1647 2948 in
1668 2912 1728 2950 sui
1753 2910 2053 2962 defensionem,

1090 2970 1137 3009 ad
1168 2982 1269 3021 quae
1293 2972 1498 3022 respondit
1531 2984 1601 3024 pro
1635 2973 1822 3025 Gregorio
1856 2975 1936 3013 VII.
1968 2974 2055 3014 AN-

1092 3033 1289 3073 SELMUS
1313 3036 1530 3083 Lucensis,
1555 3035 1604 3075 de
1621 3047 1700 3087 quo
1723 3048 1841 3088 supra
1861 3049 1946 3088 pag.
1966 3039 2053 3076 109.

1144 3096 1375 3137 CLEMENS
1391 3097 1682 3147 HLRomanus,
1700 3104 1815 3138 antea
1829 3098 1980 3138 Paulus
1994 3100 2054 3138 di-

1149 3221 1183 3259 a)
1205 3218 1285 3251 Vide
1303 3223 1467 3252 Joannem
1484 3222 1646 3252 Andream
1664 3221 1868 3253 Schmidium
1887 3223 1925 3254 de
1942 3225 2060 3255 triurn-

1085 3272 1165 3303 viris
1182 3268 1520 3302 Halberstadensibus
1536 3295 1546 3309 ,
1570 3271 1709 3304 Helmst.
1732 3269 1825 3309 1715,
1848 3272 1880 3303 4.
1899 3274 2006 3313 capite
2026 3273 2057 3306 1.

1145 3320 1180 3361 b)
1202 3319 1281 3350 Vide
1304 3320 1542 3361 Lindcnbrogii
1567 3321 1745 3360 scriptores
1780 3323 2055 3361 septentrionales

1085 3379 1159 3410 pag.
1182 3370 1245 3408 79,
1273 3377 1345 3409 seq.
