2500 3841
780 206 1357 249 BARTOLOMAEUS

135 292 155 316 *
179 289 258 330 Viri
278 287 396 326 huius
420 285 661 326 mentionem
703 288 785 327 fieri
809 291 893 342 lego
915 305 936 332 a
959 295 1028 333 Pe-

77 358 136 392 tro
159 352 207 390 de
228 348 431 390 Natalibus
446 348 630 397 Equilino
650 350 842 402 Episcopo
863 354 900 390 in
917 366 1028 405 prae-

77 415 219 454 fatione
238 410 403 460 catalogi
427 410 489 448 sui
528 409 577 448 de
607 411 844 452 Sanctorum
874 418 996 466 gestis
1016 447 1025 465 ,

76 486 150 514 nec
173 474 222 513 ab
254 484 299 512 eo
337 470 554 522 quidquam
578 474 784 512 memorari
808 480 963 515 constat
979 477 1027 516 de

78 537 202 588 gestis
216 535 450 574 Sanctorum
468 533 517 572 ab
535 533 607 573 hoc
622 535 892 576 Bartholomeo
912 550 1029 589 pecu-

76 600 160 638 liari
188 585 316 637 libello
340 595 568 646 descriptis,
593 596 662 635 sed
679 598 732 636 ait
754 602 1026 640 tantummedo

72 662 112 699 F.
136 658 479 699 Bartholomaeum
496 657 544 696 de
560 658 746 697 Tridento
763 661 801 697 in
822 661 1026 701 Chronicis

71 723 154 761 suis
177 721 225 759 de
248 720 315 759 SS.
339 720 437 758 actis
460 723 665 759 tractasse.
706 721 769 760 En
787 723 872 761 eius
895 725 1024 764 verba.

69 783 149 822 Nec
162 794 239 821 non
255 782 300 820 F.
324 780 653 820 Bartholomaeus
669 781 715 821 de
733 783 912 823 Tridento
931 785 1023 825 Ord.

75 843 298 884 Praedicat.
321 843 362 882 in
383 842 577 882 chronicis
600 843 696 883 suis.

124 905 550 946 BARTHOLOMAEUS
572 906 801 946 Veronensis
816 936 824 956 ,
839 906 971 947 Abbas
985 910 1023 949 S.

66 968 213 1009 Nicolai
235 968 284 1007 dc
307 968 437 1006 lit-tore
458 968 710 1007 Venetiarum
725 998 732 1015 ,
750 970 1024 1020 Congregatio-

68 1031 130 1069 nis
155 1031 192 1070 S.
215 1031 398 1069 Justinae
418 1028 466 1068 de
488 1029 621 1068 Padua
644 1029 665 1052 ’ξ
683 1030 841 1069 Ordinis
863 1031 1027 1070 Benedi-

65 1094 159 1132 ctini
181 1093 285 1131 circa
307 1091 468 1131 Annum
494 1092 595 1131 4440
617 1093 775 1143 scripsit
803 1093 1022 1132 Chronicon

63 1154 252 1194 Abbatiae
289 1165 384 1193 suae
420 1154 468 1192 ab
497 1152 583 1204 ejus
619 1153 842 1205 primordiis
870 1153 919 1193 ad
949 1165 1021 1194 sua

64 1222 260 1268 tempora,
285 1215 413 1256 adhuc
439 1216 643 1255 ineditum.

114 1277 533 1317 BARTHOLOMAEUS
547 1277 595 1315 de
611 1277 793 1328 Braganti
800 1278 844 1327 is,
859 1277 1018 1316 Ordinis

59 1339 374 1379 Praedicatorum
392 1369 400 1388 ,
421 1339 642 1390 Episcopus
664 1339 954 1378 Nimonicensis
972 1342 1012 1378 in

58 1413 178 1453 regno
193 1402 339 1452 Cypri,
357 1405 398 1440 et
420 1400 468 1439 ab
485 1399 599 1439 Anno
625 1401 725 1440 4250
747 1401 796 1439 ad
817 1400 918 1441 4270
952 1402 1014 1442 Vi-

60 1463 247 1502 centinus.
268 1461 364 1502 Vide
386 1461 487 1501 Acta
505 1462 740 1501 Sanctorum
766 1465 780 1502 4
810 1463 926 1512 Julii,
951 1465 1016 1503 Ja-

55 1525 197 1564 cobum
217 1524 354 1570 Qvetif
373 1528 466 1562 tom.
488 1524 528 1572 Ι,
552 1535 638 1575 pag.
664 1524 741 1564 254
766 1536 848 1575 seq.
870 1525 1013 1576 Ughel-

53 1587 137 1627 lum
164 1591 259 1625 tom.
287 1586 345 1635 V,
368 1596 454 1637 pag.
487 1585 589 1624 4052
624 1586 692 1625 ubi
721 1588 891 1626 narratio
919 1587 1007 1638 ejus

53 1648 100 1688 de
121 1647 302 1699 reliquiis
323 1647 481 1700 spineae
506 1647 683 1687 Coronae
708 1648 873 1688 CHristi
894 1649 1012 1689 Anno

55 1711 155 1752 4260
178 1711 398 1750 Vicentiam
421 1711 597 1761 perlata,
621 1714 662 1749 et
690 1711 794 1762 apud
823 1712 1010 1751 Barbara-

53 1785 150 1812 num
173 1774 213 1811 in
235 1773 403 1811 Historia
435 1773 655 1822 Vicentina,
678 1773 744 1812 uhi
772 1775 892 1812 etiam
916 1785 1007 1825 pars

53 1833 141 1885 ejus
166 1832 413 1882 Testamenti,
437 1835 541 1872 sicut
564 1834 668 1885 apud
696 1835 808 1873 Pium
831 1834 877 1873 de
900 1838 1010 1873 tran-

51 1896 153 1936 slato
190 1896 366 1948 Corpore
387 1896 427 1935 S.
461 1894 659 1934 Dominici
675 1895 751 1935 An.
790 1896 904 1936 4267.
931 1897 1009 1936 Sed

55 1959 170 2009 longe
192 1958 306 2009 plura
327 1956 415 2007 ejus
438 1956 585 1996 inedita
607 1958 814 2008 feruntur,
839 1970 1009 2009 quorum

56 2020 193 2059 titulos
212 2019 319 2058 dabit
340 2019 523 2065 Qvetifus
541 2031 628 2070 pag.
645 2020 723 2059 258
748 2021 787 2058 in
812 2020 873 2059 his
897 2025 1010 2059 sunt:

55 2080 343 2123 Commentarii
357 2080 398 2120 in
413 2080 591 2130 Genesin,
601 2081 831 2132 Leviticum,
848 2081 1011 2133 Isaiam,

49 2143 318 2193 Ezechielem,
348 2143 616 2194 Hieremiam,
645 2143 872 2194 Danielem,
909 2145 1012 2185 Can-

53 2206 131 2246 tica
152 2206 422 2256 Canticorum‚
445 2205 566 2245 libros
588 2205 916 2246 Maccahaeorum
931 2239 941 2256 ,
967 2207 1012 2246 li-

52 2267 168 2308 brum
183 2267 418 2320 Sapientiae,
426 2267 678 2315 Matthaeum,
693 2270 877 2308 Marcum
890 2270 1010 2308 Joan-

48 2343 160 2381 nem,
183 2329 306 2370 Actus
342 2328 635 2382 Apostolorum,
657 2331 856 2382 Epistolas
885 2332 1011 2372 Cano-

50 2393 174 2432 nicas.
185 2393 339 2433 Scholia
360 2394 400 2431 in
420 2392 727 2445 librosDionysii
738 2393 1006 2444 Areopagitae.

49 2456 287 2495 Sanctorum.
306 2454 415 2494 Vitae
437 2455 478 2492 in
499 2455 710 2505 Epitomen
725 2455 919 2494 redactae.
946 2455 1008 2492 Li-

49 2516 119 2555 ber
132 2515 178 2554 (Ie
187 2514 440 2554 animalibus.
457 2517 555 2554 Tres
566 2518 767 2566 quaterni,
786 2515 1005 2556 Chronicas

49 2579 224 2616 aetatum
245 2578 507 2615 continentes.
533 2577 646 2615 Liber
664 2577 711 2616 cle
730 2577 1006 2630 informatione

47 2640 190 2691 Reyiae
222 2637 351 2690 prolis
373 2668 382 2688 ‚
420 2637 474 2676 ad
504 2638 773 2688 Maryaritam
811 2639 1005 2679 illustrem

53 2703 299 2740 Francorum
312 2699 512 2751 Reqinam.
528 2700 642 2738 Liber
656 2699 702 2738 cle
717 2712 904 2752 reyressu
920 2701 1007 2739 ani-

50 2774 138 2802 mae
148 2763 188 2801 in
201 2762 382 2814 seipsam.
393 2762 449 2800 De
460 2759 643 2799 naturali
653 2762 824 2812 appetitu
832 2761 1004 2800 dominii.

49 2826 106 2864 De
124 2823 304 2863 naturali
320 2822 496 2875 appetitu
512 2821 676 2860 Divinae
689 2822 841 2874 speciei.
863 2824 919 2860 De
938 2834 1006 2861 su—

48 2886 241 2939 spectione
268 2885 406 2925 mentis
435 2884 476 2923 in
517 2883 678 2922 radium
710 2883 907 2922 Divinum.
946 2885 1003 2923 De

49 2948 251 2987 venatione
292 2946 426 2986 Divini
459 2957 619 2984 amores.
656 2944 1005 2995 Contemplationes

52 3021 142 3049 cum
169 3009 364 3063 rhythmis
388 3012 426 3048 et
453 3006 636 3047 versibus
671 3006 925 3046 diversarum
947 3006 1004 3058 fe-

0 3090 3 3092 ’
52 3072 270 3112 stivitatum
291 3077 366 3112 etc.

104 3132 518 3175 BARTHOLOMAEUS
526 3131 844 3180 Barensis,Ordin
852 3130 883 3168 is
894 3132 1005 3169 Prac-

88 3283 121 3365 5‘
141 3284 221 3318 vide
237 3284 371 3318 Arnoldi
387 3286 480 3318 Wion
499 3284 625 3324 lignum
648 3283 740 3314 Vitae
757 3284 836 3313 tom.
856 3281 882 3310 ΙΙ
900 3303 909 3318 ,
933 3288 1008 3319 pag.

47 3334 86 3365 58
125 3342 198 3374 seq.

1975 216 2050 254 169

1099 294 1335 346 dicatorum,
1360 295 1578 347 Episcopus
1599 298 1635 334 in
1655 296 1794 347 Apulia
1829 299 2046 350 Viyiliensis

1099 357 1201 395 circa
1219 356 1379 396 Annum
1402 358 1553 400 Cllristi
1582 358 1693 397 4327.
1718 359 1813 398 Vide
1837 361 2045 411 Ughellum

1099 423 1192 456 tom.
1216 419 1302 468 VII,
1327 431 1412 470 pag.
1435 420 1523 457 944.
1549 419 1674 469 Hujus
1707 420 1988 462 Commentarii
2010 423 2049 462 in

1101 480 1404 520 Pentateuclium
1431 482 1480 520 ab
1502 480 1707 521 Altamura
1729 487 1769 522 et
1795 484 1880 522 aliis
1903 496 2051 524 memo-

1100 548 1249 582 rantur.

1152 604 1569 644 BARTHOLOMAEUS
1584 603 1916 656 Augustinianus,
1936 608 2049 648 Urbi-

1098 666 1230 705 nensis
1251 667 1299 705 ab
1334 665 1449 705 Anno
1474 665 1574 704 4347
1598 667 1645 705 ad
1668 669 1780 707 4350.
1805 669 1902 720 Ejus
1924 671 2049 710 mille-

1099 728 1273 781 loquium
1300 726 1512 777 Auyustini
1526 757 1534 776 ,
1553 728 1600 766 ad
1630 729 1874 769 Clementem
1900 734 1947 771 Vl
1979 735 2048 772 Pa—

1096 802 1212 842 pam,
1230 791 1314 828 sive
1334 790 1666 828 Commentariiin
1689 792 1812 829 Vetus
1835 797 1874 830 et
1892 796 2044 834 Novum

1097 854 1397 891 Testamentum
1413 861 1461 888 ex
1479 851 1516 889 S.
1533 849 1743 899 Augustini
1760 855 1941 902 operibus
1956 868 2046 894 con-

1096 913 1243 952 cinnati
1261 941 1269 957 ‚
1293 922 1393 961 quos
1416 910 1663 961 Augustinus
1691 914 1930 964 Triumphus
1955 919 2044 955 aise-

1097 978 1182 1013 ctos
1201 974 1413 1023 reliquerat
1429 978 1468 1011 et
1483 974 1804 1013 Bartholomaeus
1823 976 1869 1014 ad
1895 977 2047 1016 umbili-

1095 1048 1186 1075 cum
1224 1034 1433 1085 perduxit,
1468 1035 1645 1086 prodiere
1682 1036 1803 1086 Lugd.
1843 1038 1943 1076 iij-'353
1985 1039 2044 1077 fol.

1094 1098 1214 1135 Paris.
1241 1096 1341 1135 4645
1362 1096 1423 1134 fol.
1450 1098 1495 1145 (a
1518 1097 1662 1146 quibus
1685 1097 1891 1136 diversum
1910 1098 1929 1121 ⁴
1946 1111 2044 1149 opus

1095 1159 1186 1197 licet
1208 1157 1385 1208 ejusdem
1409 1159 1592 1205 instituti,
1616 1159 1720 1208 quod
1746 1159 1879 1198 itidem
1894 1172 1941 1199 cx
1967 1161 2046 1200 Au-

1094 1221 1251 1271 gustino
1273 1220 1482 1258 collectum
1506 1219 1627 1258 edidit
1648 1221 1706 1257 Jo.
1730 1221 1891 1260 Gastius
1921 1223 2044 1261 Thoo-

1093 1282 1439 1333 logusBasilensis,
1455 1282 1630 1320 Basileae
1648 1283 1749 1321 4542
1770 1283 1831 1321 fol.
1853 1295 2039 1322 recusum

1090 1345 1228 1384 Venet.
1261 1343 1363 1382 4543
1403 1339 1483 1392 lam)
1519 1342 1804 1394 Milleloquium
1840 1343 2044 1385 Ambrosii

1091 1405 1214 1457 Lugd.
1241 1406 1341 1445 4556
1368 1405 1428 1443 sol.
1453 1406 1601 1444 Omitto
1623 1406 1784 1454 inedita,
1809 1418 1909 1456 quae
1938 1407 2042 1458 apud

1087 1468 1263 1507 Elssium
1286 1478 1372 1518 pag.
1400 1468 1474 1506 445
1499 1467 1722 1506 laudantur.
1749 1468 2038 1518 Compendium

1086 1529 1240 1580 AEyidii
1259 1528 1426 1568 Romani
1441 1527 1486 1566 cle
1505 1527 1695 1579 re9imine
1715 1528 1955 1580 Principum.
1978 1532 2037 1568 Li-

1085 1592 1155 1631 ber
1176 1593 1232 1630 De
1256 1589 1370 1639 bello,
1391 1591 1476 1628 sive
1493 1594 1536 1628 ut
1559 1591 1597 1627 in
1620 1589 1763 1628 Codice
1779 1591 1896 1641 Regio
1917 1593 2034 1630 Paris.

1087 1654 1162 1693 428
1182 1653 1228 1692 de
1241 1665 1286 1692 re
1309 1651 1448 1690 bellica
1463 1651 1684 1703 spirituali.
1702 1652 1759 1689 De
1778 1656 1951 1703 quatuor
1972 1665 2037 1691 no-

1082 1714 1270 1754 vissimis.
1292 1713 1656 1765 inaclrayesi’male.
1698 1714 1846 1753 Contra
1883 1726 2039 1753 errores

1083 1777 1153 1830 qui
1177 1775 1325 1816 inventi
1342 1775 1457 1829 fuere
1481 1780 1651 1828 tempore
1683 1775 1895 1824 Luclovici‚
1920 1776 2041 1814 Ducis

1083 1838 1311 1887 Bavariae,
1340 1839 1486 1889 quibus
1517 1839 1759 1886 Occamum,
1796 1839 2009 1877 Marsilium
2031 1868 2038 1885 ,

1085 1906 1125 1941 et
1148 1901 1243 1940 alios
1265 1901 1483 1950 MaJ'estatis
1512 1900 1736 1949 Principum
1762 1900 1799 1936 in
1829 1900 2039 1937 saeculari-

1085 1964 1160 2003 bus
1200 1967 1419 2002 assertores
1459 1962 1610 2012 notari,
1646 1961 1891 1999 Warthonus
1929 1965 2034 1999 reete

1088 2027 1251 2064 monuit.

1138 2086 1557 2126 BARTHOLOMAEUS
1579 2083 1625 2123 (le
1652 2085 1768 2131 Yano,
1785 2083 1877 2122 Ord.
1901 2085 2034 2122 Minor.

1087 2148 1135 2187 de
1156 2160 1234 2199 quo
1257 2148 1505 2198 Waddingus
1525 2148 1563 2184 in
1579 2145 1799 2185 Annalibus
1815 2145 1863 2184 ad
1877 2145 2039 2184 Annum

1087 2210 1188 2249 4435
1212 2213 1253 2249 et
1277 2207 1394 2259 cujus
1418 2219 1617 2247 summam
1639 2209 1813 2247 Casuum
1829 2208 2039 2246 Conscien-

1085 2273 1161 2310 tiae
1185 2276 1225 2311 et
1245 2272 1594 2322 Interrogatorium
1618 2270 1897 2309 Confessorum
1913 2280 1949 2319 p.
1975 2270 2035 2307 53.

1082 2333 1346 2372 Bibliothecae
1369 2333 1660 2371 Franciscanor.
1686 2334 1904 2379 memorat,
1928 2330 2034 2381 idem

1081 2407 1173 2434 cum
1198 2395 1494 2434 Bartholomaeo
1513 2394 1562 2432 ab
1578 2391 1728 2444 Apona,
1752 2393 1800 2431 de
1824 2405 1901 2442 quo
1917 2403 2040 2443 supra

1082 2469 1133 2496 ex
1157 2456 1337 2506 ejusdem
1362 2455 1571 2505 Waddingi
1594 2467 1630 2505 p.
1659 2455 1719 2492 49.

1133 2519 1154 2541 ³⁵
1182 2517 1476 2557 BARTHOLUS
1497 2518 1681 2555 Lucanus
1695 2515 1898 2554 Utinensis
1913 2516 2032 2564 scrip-

1080 2581 1131 2618 sit
1150 2579 1379 2618 adstrictam
1400 2579 1574 2616 carmine
1598 2579 1813 2615 orationem
1842 2577 2031 2613 Innocen-

1079 2643 1132 2679 tio
1146 2642 1232 2680 VIII
1252 2640 1422 2678 dicatam
1447 2641 1758 2689 impressamque
1779 2638 1860 2675 loco
1875 2641 1915 2674 et
1931 2641 2028 2675 tcm-

1078 2714 1170 2754 pore
1195 2704 1359 2750 incerto,
1378 2702 1414 2738 in
1440 2711 1516 2750 qua
1539 2700 1700 2750 probare
1724 2699 1862 2736 nititur
1883 2698 2034 2736 electos

1080 2765 1259 2802 homines
1283 2774 1304 2801 e
1328 2761 1499 2800 Paradisi
1521 2760 1646 2800 Edem
1680 2759 1829 2797 deliciis
1852 2758 1945 2796 nihil
1970 2771 2028 2797 re-

1079 2827 1218 2865 tulisse
1243 2822 1497 2869 incommodi,
1521 2821 1624 2871 quod
1659 2832 1735 2858 non
1765 2820 1958 2858 industria
1986 2826 2027 2859 et

1077 2888 1230 2939 ingenio
1244 2886 1401 2924 valeant
1411 2883 1590 2923 evadere.
1605 2882 1856 2933 Impressoris
1881 2893 2022 2920 nomen

1077 2949 1149 2987 hoc
1174 2947 1340 2986 disticho
1363 2946 1612 2996 exprimitur:

1129 3019 1277 3058 Argirius
1298 3025 1381 3056 opus
1408 3016 1470 3046 hoc
1491 3014 1675 3047 Eucherius
1698 3019 1767 3046 arte
1790 3015 1947 3053 magistra

1131 3068 1299 3107 Impressit
1320 3074 1447 3097 summa
1471 3063 1600 3104 perlege
1614 3089 1624 3102 ‚
1647 3063 1750 3096 lector
1764 3089 1774 3101 ,
1800 3071 1873 3102 ope.

1130 3124 1424 3164 BARTHOLUS
1472 3124 1638 3162 Picenus
1687 3121 2020 3160 saxofl-fratensis

1077 3186 1507 3227 Jurisconsultissimus
1544 3196 1615 3223 sua
1639 3185 1795 3223 aetatis.
1821 3181 2022 3235 speculum

1135 3329 1144 3341 ⁴
1173 3326 1251 3360 Vide
1274 3327 1442 3359 oudinum
1466 3329 1555 3358 tomo
1583 3328 1624 3357 ΙΙΙ
1651 3333 1723 3365 pag.
1753 3324 1825 3355 065.

1508 3396 1556 3420 ιν)
