2500 3841
887 207 1231 249 CAROLUS
1278 212 1330 251 M.

106 274 213 315 illius
233 274 499 314 substantiam
522 278 700 314 statuere
727 276 969 316 immensam.
996 280 1076 328 Qui

103 337 205 376 enim
230 337 438 377 Creatoris
460 340 498 375 et
520 337 746 376 Creaturae
783 337 1014 379 durationes
1038 345 1076 379 et

96 397 398 451 permanentias
416 398 670 450 aequaverit,
686 398 800 438 debet
811 404 849 439 et
862 400 1074 441 amborum

102 471 335 512 exaequare
363 459 625 500 substantias.
651 462 860 501 Secunda:
885 462 995 502 Idem
1018 467 1078 503 est

93 522 272 574 potuisse
299 520 351 561 ab
376 526 537 561 aeterno
566 521 750 574 aliquam
779 536 865 563 esse
895 529 1072 564 creatam

101 582 373 624 substantiam
389 617 400 634 ,
425 584 464 624 ei
485 584 591 637 quod
606 589 667 624 est
680 597 801 636 posse
816 591 942 626 eoetra
964 586 1075 626 Divi-

99 657 194 684 nam
225 645 491 686 substantiam
523 658 608 685 esse
645 646 770 686 aliam
804 647 1072 688 substantiam

99 711 194 747 actu
208 708 452 747 immensam.
470 708 518 748 Si
529 709 654 760 iqitur
669 709 779 749 haud
789 715 921 762 potest
935 712 1072 751 DEUS

98 769 262 823 aliquod
274 774 398 810 eoetra
412 783 454 810 se
468 771 720 811 immensum:
741 785 870 825 neque
890 774 923 813 is
941 778 1073 826 potest

99 836 223 874 eaetra
238 844 279 872 se
302 831 570 872 substantiam
586 846 732 889 ‘creare
747 839 965 875 aeternam.
977 839 1071 875 Ter-

99 897 165 935 tia:
176 896 278 935 Cum
287 894 442 947 dupleae
456 896 509 935 sit
517 896 664 936 Divina
679 897 1071 950 operati0,quaedam

98 957 256 1009 quidem
278 957 481 997 naturalis
505 962 544 996 et
577 958 956 1010 consubstantialis,
981 959 1067 998 alia

96 1032 191 1059 vero
210 1019 605 1060 inconsubstantialis
624 1025 662 1060 et
680 1021 935 1061 voluntaria.-
957 1021 1067 1060 illam

96 1082 224 1122 solam
257 1083 510 1132 aeternitate,
537 1082 656 1122 istam
679 1095 773 1122 vero
799 1087 972 1134 tempore
995 1086 1069 1121 aut

98 1156 196 1184 aevo
211 1145 395 1184 volumus
410 1156 495 1184 esse
511 1144 761 1184 metiendam.
778 1146 948 1184 Divinus
966 1145 1069 1184 enim

96 1218 276 1247 arcanus
308 1211 347 1246 et
379 1206 546 1246 interior
580 1219 814 1259 processus,
853 1211 1062 1246 aeternus:

95 1269 278 1308 eoeterior
299 1281 395 1309 vero
410 1302 420 1319 ,
443 1270 712 1320 temporarius
726 1273 799 1308 aut
820 1270 1066 1310 aeviternus.

93 1333 243 1379 Quarta
276 1331 476 1383 :Implicat
504 1331 880 1381 contradictionem,
907 1334 1067 1370 creatu-

93 1406 186 1433 ram
200 1406 284 1434 esse
299 1394 350 1433 ab
364 1398 524 1433 aeterno
533 1426 544 1445 ,
561 1397 600 1432 et
612 1406 699 1432 eam
715 1405 799 1433 esse
815 1397 1063 1433 creaturam.

92 1456 198 1495 Nam
222 1457 425 1497 Creatura
439 1488 450 1505 ,
481 1459 528 1494 ut
548 1455 791 1507 hujusmodi,
813 1459 873 1494 est
893 1467 992 1507 opus
1025 1459 1064 1494 et

92 1518 291 1570 opificium
316 1517 525 1558 Creatoris
538 1549 550 1567 ,
570 1517 745 1557 divisum
768 1521 806 1556 et
826 1521 1063 1569 separatum

91 1579 144 1619 ab
175 1579 304 1631 ipsius
330 1579 538 1620 Creatoris
576 1578 830 1619 substantia:
856 1583 896 1618 et
917 1591 1067 1632 nequa-

91 1654 214 1695 quam
246 1654 302 1681 θα)
325 1641 413 1692 illa,
437 1641 508 1680 sed
531 1653 586 1680 eac
606 1641 726 1680 nihilo
751 1645 790 1680 et
806 1653 882 1679 non
903 1645 989 1680 ente
1011 1640 1063 1679 ab

91 1716 134 1742 eo
145 1703 399 1755 productum.
411 1702 536 1756 Atqui
548 1715 659 1741 omne
673 1715 771 1754 opus
788 1715 878 1742 cuni
896 1716 922 1742 a
938 1706 1065 1742 mente

86 1765 258 1817 prodeat
291 1766 359 1804 sui
394 1765 552 1817 Opificis
565 1783 584 1815 ,-
597 1763 710 1803 debet
744 1765 870 1817 ipsius
905 1764 1065 1817 Opificis

90 1830 199 1868 Mens
227 1832 265 1867 et
286 1827 520 1867 voluntaria
556 1827 688 1878 operis
719 1838 865 1875 causa,
888 1827 971 1879 ipso
994 1837 1065 1865 suo

89 1901 223 1941 opere,
248 1893 329 1928 tam
351 1888 578 1928 substantia
596 1900 718 1940 quam
741 1887 954 1927 duratione
976 1899 1062 1927 esse

95 1951 342 1991 eminientior
363 1963 411 1990 ac
443 1951 586 2003 prior:
612 1950 904 2002 quedamodum
928 1950 1068 1989 huma-

92 2026 187 2053 nam
202 2017 369 2052 mentem
382 2045 392 2062 ,
411 2016 648 2052 cunctarum
667 2024 840 2051 suarum
864 2013 1065 2051 notionum

92 2076 268 2128 opificem
282 2107 294 2125 ,
315 2075 485 2114 dicimus
508 2077 658 2112 natura
672 2077 711 2112 et
732 2073 944 2113 duratione
968 2086 1066 2112 cun-

89 2137 162 2178 ctis
193 2137 279 2177 suis
312 2135 538 2175 notionibus
581 2146 665 2174 esse
701 2135 883 2187 priorem
903 2165 911 2184 ,
933 2139 971 2174 et
990 2135 1065 2174 ali-

91 2198 285 2251 quamdiu
309 2197 528 2238 subsistere
549 2197 705 2236 inanem
726 2200 764 2235 et
784 2209 975 2245 vacuam,
992 2209 1065 2249 po-

88 2264 175 2300 stea
198 2273 292 2300 vero
313 2260 493 2310 eandem,
514 2263 657 2311 suapte
678 2258 880 2298 industria
895 2290 906 2308 ,
928 2258 1060 2298 variis

87 2321 294 2374 speciebus
307 2322 482 2375 'propria
504 2320 661 2372 replere
677 2323 715 2359 et
734 2332 942 2360 eoeornare
961 2320 1064 2359 scri-

88 2384 169 2424 nia.
201 2384 268 2424 Sic
303 2388 341 2424 et
372 2384 521 2423 Divina
559 2384 669 2423 Mens
703 2381 871 2421 dicenda
909 2385 969 2421 est
993 2382 1068 2421 ali-

91 2445 270 2496 quandiu
285 2477 296 2494 ,
318 2450 363 2484 ut
381 2445 432 2484 ab
457 2448 618 2484 aeterno
642 2447 680 2482 et
701 2447 775 2482 toto
800 2443 934 2494 primo
963 2454 1061 2482 aevo

90 2505 317 2545 substitisse
351 2506 462 2556 sola,
493 2510 697 2556 tamquam
724 2503 929 2544 eocteriore
954 2515 1066 2541 crea-

93 2573 283 2607 turarum
300 2579 418 2617 opere
435 2567 566 2605 inanis
584 2571 622 2605 et
634 2577 894 2617 vacua,·quae
908 2565 1065 2603 demum

87 2628 193 2668 ultro
217 2628 350 2667 omnia
367 2627 606 2680 parturivit.
630 2627 685 2664 Et
701 2627 807 2665 sicut
823 2626 894 2677 qui
910 2625 1065 2665 diaeerit

88 2690 267 2743 aliquam
276 2690 468 2728 notionem
477 2700 525 2727 ac
536 2687 704 2739 speciem
721 2688 849 2726 inesse
866 2687 1064 2726 humanae

91 2752 216 2792 menti
242 2765 268 2791 a
294 2755 444 2790 natura
472 2753 590 2801 neqat
616 2748 727 2788 illam
755 2759 839 2786 esse
869 2747 1064 2788 humanae

89 2814 234 2853 mentis
250 2813 468 2865 opificium:
489 2812 545 2850 ita
565 2815 603 2849 et
615 2810 687 2862 qui
699 2810 869 2848 senserit
884 2809 1065 2861 aliquam

91 2876 337 2916 Creaturam
360 2877 432 2912 aut
464 2884 573 2922 esse,
592 2875 667 2910 aut
695 2871 875 2923 potuisse
895 2871 991 2921 fieri
1012 2870 1064 2909 ab

99 2941 260 2977 aeterno
277 2969 289 2988 ,
313 2940 454 2988 neqat,
480 2934 643 2974 eandem
680 2933 948 2982 Creaturam,
981 2943 1065 2972 esse

89 2999 258 3040 Divinae
285 2998 428 3040 Mentis
468 3007 578 3050 opus.
602 2997 635 3045 a)
662 2995 824 3042 Quinta:
847 3005 938 3033 cum
966 2993 1062 3033 haec

145 3141 181 3182 a)
198 3142 281 3174 Vide
304 3142 517 3172 Lactantium
534 3138 595 3170 lib.
612 3138 632 3169 7
647 3144 719 3177 cap.
734 3137 766 3169 ⁶2.
784 3138 918 3168 isaacus
932 3138 1065 3169 Bai-tow

81 3194 162 3222 tom.
191 3192 231 3222 lv
252 3192 400 3230 Operum
424 3197 500 3230 pag.
523 3187 577 3220 24.

225 3257 362 3289 Divina
388 3256 510 3287 Virtus
534 3258 597 3285 aut
621 3254 743 3285 senior
766 3252 859 3292 soret

269 3305 500 3338 AEternitatis
527 3303 684 3343 sontibus
710 3302 826 3342 ipsius
844 3326 853 3340 ‚

2043 217 2120 258 313

1151 283 1233 320 tria
1253 282 1308 321 ad
1335 282 1502 322 invicem
1531 275 1834 335 convertantur,
1872 288 2117 339 aeternitas,

1150 344 1393 385 immensitas
1417 349 1455 384 et
1476 344 1726 386 substantiae
1746 347 1946 389 identitas.-
1962 362 2119 390 necesse

1148 410 1224 455 est,
1249 410 1296 445 ut
1317 407 1355 446 si
1375 412 1567 446 creatura
1585 410 1717 460 potuit
1733 408 1784 448 ab
1804 415 1965 451 aeterno
1987 411 2119 452 subsi—

1147 472 1268 518 stere,
1308 468 1403 508 haec
1426 472 1465 508 et
1485 470 1677 510 immensa
1699 472 1770 521 sit,
1795 477 1834 511 et
1850 472 2019 513 Auctori
2044 486 2117 514 suo

1147 529 1508 569 consubstantialis.
1532 531 1587 569 At
1606 545 1701 571 vero
1738 545 1822 573 esse
1859 534 2118 575 consubstan-

1147 592 1257 641 tiale,
1274 596 1334 632 est
1339 592 1500 644 penitus
1516 605 1542 630 a
1560 594 1764 634 Creatura
1779 595 1954 635 alienum
1969 601 2114 649 utpote,

1147 654 1252 706 quod
1267 654 1482 706 proprium
1522 657 1595 703 est,
1631 654 1837 695 duntaxat
1871 670 2118 698 arcanorum

1143 717 1243 755 DEI
1266 720 1482 768 partuum,
1504 720 1549 754 ut
1578 716 1675 755 Filii
1696 722 1734 756 et
1754 720 1934 770 Spiritus
1964 722 2114 761 Sancti.

1144 780 1281 818 Sexta:
1299 779 1545 818 Creaturam
1565 779 1743 828 potuisse
1768 779 1820 819 ab
1843 786 2005 821 aeterno
2022 782 2118 823 sub-

1141 841 1303 890 sistere,
1326 840 1534 891 mysticum
1549 840 1719 879 Divinae
1739 842 1770 879 T
1769 843 1960 882 rinitatiis
1978 857 2112 884 nume-

1141 914 1234 941 rum
1270 902 1416 941 scindit
1446 913 1494 940 ac
1532 901 1693 941 divellit.
1733 903 1883 955 Arquit
1922 905 2087 957 insuper
2102 940 2112 956 ,

1141 965 1294 1005 DEUM
1313 976 1398 1004 esse
1421 964 1719 1017 imperfectum,
1745 969 1936 1018 tanquam
1959 967 2032 1018 qui
2051 980 2117 1007 ae-

1143 1030 1258 1065 terna
1282 1025 1458 1079 alicujus
1482 1027 1702 1066 exterioris
1725 1026 1977 1067 substantiae
1995 1041 2117 1080 prae-

1140 1088 1269 1128 sentia
1285 1088 1466 1139 indiquit,
1477 1100 1553 1127 non
1569 1087 1717 1128 habens
1734 1089 1844 1128 intra
1860 1091 2115 1142 semetipsum

1142 1151 1254 1189 circa
1279 1150 1385 1203 quod
1406 1154 1567 1189 aeterne
1589 1154 1737 1202 asseret.
1778 1151 1860 1200 Qui
1889 1152 2015 1203 iqitur
2048 1165 2116 1192 vo—

1143 1213 1292 1252 luerint
1312 1214 1465 1253 DEUM
1482 1217 1556 1252 aut
1577 1224 1662 1252 esse
1688 1212 1939 1266 perfectum,
1965 1213 2115 1254 nullius

1141 1275 1362 1314 exterioris
1381 1274 1629 1314 substantiae
1649 1274 1846 1326 indiqum,
1870 1280 1944 1315 aut
1968 1276 2040 1314 DE
2045 1277 2121 1317 ΠΜ

1139 1350 1166 1376 a
1194 1338 1302 1376 ΠΕΟ
1339 1336 1483 1376 cadere
1512 1349 1589 1375 non
1605 1348 1740 1388 posse:
1761 1349 1917 1377 necesse
1956 1341 2040 1386 est,
2070 1343 2116 1377 ut

1141 1401 1385 1440 Creaturam
1407 1411 1483 1438 non
1501 1399 1681 1451 potuisse
1704 1399 1756 1438 ab
1789 1405 1951 1440 aeterno
1980 1399 2112 1440 subsi-

1139 1467 1244 1502 stere
1262 1462 1454 1516 fateatur.
1498 1460 1554 1501 Ob
1579 1473 1646 1501 eas
1667 1462 1820 1514 itaque,
1846 1474 1948 1514 quas
1984 1461 2114 1501 addu-

1141 1525 1300 1573 oeimus,
1327 1534 1474 1563 causas
1514 1523 1661 1574 liquet,
1688 1522 1842 1561 nullam
1873 1524 2118 1563 Creaturam

1133 1598 1251 1639 posse
1274 1586 1315 1625 in
1334 1585 1570 1624 aeternitate
1596 1583 1722 1622 locum
1740 1583 1897 1623 habere.
1921 1584 2027 1625 Vale!
2046 1585 2118 1624 Ea:

1142 1648 1457 1701 Carolopontano
1475 1647 1574 1695 vieo,
1586 1647 1638 1686 II.
1649 1646 1710 1685 die
1717 1645 1745 1685 A
1748 1646 1868 1699 prilis
1876 1646 2035 1686 ΑΜΒΚ
2040 1647 2113 1685 III.

1194 1711 1372 1750 *Nescio
1397 1709 1492 1760 quid
1519 1709 1592 1748 hoc
1614 1710 1666 1747 Sit
1691 1710 1822 1759 operis
1847 1708 2117 1747 Geometricae

1143 1771 1446 1811 introductionis
1476 1772 1581 1809 Libri
1606 1771 1657 1810 VI
1687 1772 1824 1810 excusi
1857 1771 2016 1810 Paiisiis
2039 1768 2117 1809 An.

1146 1835 1263 1873 4503.
1304 1835 1348 1872 In
1368 1832 1628 1872 'Bibliotheca
1667 1833 1830 1882 Collegii
1869 1833 1946 1870 mei
1977 1835 2114 1870 extat:

1143 1895 1284 1935 Caroli
1318 1894 1481 1934 Bovillii
1502 1892 1790 1934 Samarobrini
1824 1892 2115 1931 Geometricum

1140 1969 1238 2010 opus
1257 1956 1412 1996 duobus
1433 1955 1548 1995 libris
1570 1954 1895 2007 comprehensum
1910 1986 1921 2003 ,
1940 1954 2115 1993 editum-

1141 2032 1219 2070 que
1258 2021 1439 2058 Lutetiae
1474 2018 1548 2056 An.
1590 2016 1706 2056 4557.
1745 2017 1809 2054 cui
1840 2017 2113 2066 praemittitur

1139 2081 1321 2121 eiusdem
1343 2080 1497 2119 Bovillii
1522 2079 1714 2129 praefatio
1739 2079 1895 2127 signata
1912 2076 2111 2116 Noviodu-

1141 2146 1180 2182 ni
1206 2143 1296 2182 idib.
1324 2142 1527 2181 Februarii
1547 2140 1623 2178 An.
1645 2139 1763 2178 4552.
1783 2138 1912 2184 Quam
1937 2137 2112 2176 multum

1139 2206 1237 2244 haec
1261 2216 1283 2243 a
1308 2204 1516 2254 designato
1540 2202 1603 2240 hic
1627 2201 1725 2239 libro
1751 2199 1915 2237 distant.

1195 2265 1426 2306 CAROLUS
1454 2265 1639 2314 Magnus,
1664 2262 1809 2312 pipini,
1839 2262 1906 2311 qui
1935 2258 2067 2299 brevis
2089 2271 2112 2299 a

1140 2333 1295 2368 statura
1338 2327 1584 2371 vocabatur,
1624 2324 1756 2372 filius,
1806 2333 1931 2373 nepos
1975 2319 2116 2362 Caroli

1139 2388 1339 2439 Martelli,
1366 2400 1444 2426 non
1469 2392 1551 2426 tam
1572 2389 1733 2437 propter
1756 2389 1954 2423 staturam
1976 2394 2113 2433 corpo—

1140 2454 1219 2501 ris,
1243 2452 1280 2499 b)
1313 2461 1432 2499 quam
1455 2453 1616 2499 propter
1640 2447 1803 2485 virtutis
1827 2450 1867 2484 et
1891 2455 2026 2482 rerum
2045 2454 2111 2493 ge-

1140 2518 1294 2551 starum
1318 2511 1598 2549 excellentiam
1619 2507 1757 2558 Maqni
1777 2508 1809 2555 c)
1846 2507 2014 2544 meritus
2043 2514 2108 2541 co-

1277 2653 1345 2683 Δια
1368 2650 1572 2688 conferetur
1594 2650 1709 2689 protis
1741 2653 1846 2680 aetas

1321 2700 1452 2731 Daritis
1476 2708 1553 2729 eam
1578 2699 1678 2729 senio
1706 2697 1893 2729 Parentis.

1273 2752 1424 2782 Creacus
1449 2748 1552 2779 Orbis
1577 2748 1674 2788 fitius
1701 2750 1754 2777 est
1783 2745 1910 2783 Nihil,

1323 2799 1385 2828 Est
1409 2801 1493 2828 ante
1514 2797 1630 2837 protis
1654 2800 1769 2826 mater
1792 2795 1968 2834 oriqinem
1986 2820 1997 2833 ,

1278 2846 1480 2879 AEternitas
1507 2850 1561 2876 est
1587 2849 1671 2876 ante
1697 2844 1835 2875 nullum
1853 2867 1863 2880 ‚

1320 2897 1415 2935 Eryo
1441 2903 1565 2925 recens
1590 2894 1762 2925 habeatur
1787 2891 1905 2924 Orbis.

1198 2953 1232 2992 b)
1257 2955 1394 2993 Septem
1417 2962 1563 2984 suorum
1599 2953 1727 2992 pedum
1748 2951 2006 2991 proceritatem
2030 2947 2109 2986 ejus

1134 3007 1275 3034 constat
1299 3002 1465 3033 habuisse
1488 3011 1706 3033 mensuram.
1740 3000 1952 3040 Eginhardus
1979 3000 2013 3029 in
2037 3000 2109 3030 vita

1130 3061 1205 3092 cap.
1228 3052 1270 3083 22
1307 3052 1364 3083 ubi
1391 3051 1597 3084 conserenda
1620 3059 1706 3091 quac
1729 3049 1920 3090 praeciacus
1957 3047 2113 3079 Schmin·

1128 3103 1206 3134 kius
1228 3102 1418 3132 annotavit.

1190 3151 1222 3190 c)
1250 3151 1405 3182 carolum
1440 3149 1579 3182 Calvum
1613 3157 1749 3190 quoque
1772 3151 1805 3179 et
1827 3145 1981 3179 carolum
2004 3146 2110 3177 Cras·

1128 3210 1201 3233 snm
1223 3200 1353 3240 Maym·
1383 3204 1606 3239 cognomento
1621 3224 1630 3237 ‚
1653 3199 1747 3230 velut
1768 3197 1992 3233 hereditario,
2019 3202 2099 3226 usos

1127 3252 1227 3283 ruisse
1252 3249 1398 3290 probant
1422 3248 1460 3283 ad
1487 3249 1719 3288 Eginhardum
1753 3245 1931 3278 Goldastus
1956 3249 1988 3276 et
2025 3247 2108 3276 Bes·

1129 3301 1250 3333 senus.

1721 3364 1771 3403 50
