2500 3841
1011 200 1344 243 BOETIUS

121 271 270 312 nedicti
290 268 505 322 explicatio
526 267 690 321 dupleoe,
709 269 747 308 in
763 273 908 321 quibus
925 277 1086 312 sentcn—

120 336 220 383 tias,
245 333 449 384 dogmata,
465 331 614 380 verba,
638 333 802 372 consilia
818 339 857 373 et
873 340 1083 386 praecepta

118 396 273 435 confert
309 406 402 433 cum
431 395 526 433 Jure
564 395 765 434 Pontificio
802 401 842 435 et
875 399 1085 435 sententiis

120 460 352 497 sanctorum
377 457 551 495 Patrum.
572 456 620 493 In
638 456 930 496 Benedictinam
960 461 1065 497 Bene

119 519 213 558 dicti
233 520 362 569 Papae
377 519 484 557 XIII.
498 518 546 555 In
559 517 763 569 speculum
786 519 1081 559 Monachorum.

117 581 174 619 De
198 579 324 632 siquis
342 578 593 618 locutionum.
619 581 688 619 His
713 581 1000 620 llendrcichius
1017 582 1084 620 ad-

117 643 176 682 dit
198 645 312 681 notas
349 640 390 679 in
421 642 592 680 Damasi
621 642 864 694 Pontificale,
902 644 1082 683 laudatas

118 704 286 756 Georgio
311 703 550 744 Cassandro.

172 765 193 788 ³*
215 767 321 805 Petri
348 765 470 817 hujus
495 767 648 817 glossas
676 767 723 813 ad
753 767 975 807 Chronicon
1009 770 1084 807 Da-

115 829 218 868 masi
241 827 373 868 habeo‘
391 830 428 866 in
452 830 530 868 MS.
555 829 651 868 Cod.
691 829 909 869 Chai-taceo
936 842 985 869 ex
1010 832 1084 869 alio

115 892 329 942 antiquiori
380 890 605 942 descripto,
655 892 723 942 qui
774 896 860 931 erat
909 893 1002 931 olim
1040 894 1083 931 D.

113 954 232 994 Marci
258 954 390 1004 Episc.
415 954 660 992 Praenestini
682 954 720 992 S.
745 955 788 993 R.
809 955 854 993 E.
881 954 995 994 Card.
1020 954 1089 1005 qui

114 1017 219 1055 circa
257 1027 320 1055 an.
358 1016 460 1055 4490
491 1015 666 1054 florebat.
700 1020 795 1055 sunt
819 1020 953 1055 autem
983 1017 1088 1066 glos-

113 1089 181 1117 sae
207 1079 333 1117 instar
356 1089 507 1125 earum,
529 1089 631 1128 quae
655 1078 916 1117 Clementinis
936 1076 1085 1115 adscri-

111 1139 263 1180 buntur
279 1171 287 1191 ,
304 1141 343 1178 in
361 1141 507 1190 quibus
528 1139 744 1178 identidem
765 1140 941 1178 Romana
961 1139 1082 1178 Curia

112 1202 330 1242 mordetur.
359 1203 519 1241 Damasi
553 1201 776 1241 Chronicon
806 1204 973 1239 vocatur
1000 1211 1080 1238 non

110 1263 389 1304 tantummodo
423 1262 663 1303 Pontificalis
691 1263 789 1300 liber
812 1264 880 1312 qui
910 1262 1079 1301 Anasta-

111 1328 158 1366 sii
188 1328 309 1378 vulgo
337 1326 507 1375 dicitur,
537 1323 608 1363 sed
637 1328 678 1363 et
700 1324 957 1374 sequentium
979 1324 1079 1362 Pon-

109 1388 262 1428 tificum
281 1388 495 1427 subiuncta
510 1398 533 1425 a
547 1385 779 1436 Pandulpho
796 1386 937 1424 Pisano
955 1385 1078 1423 histo-

108 1451 184 1499 ria,
201 1461 304 1501 quae
320 1460 415 1488 cum
438 1443 601 1488 Callisto
624 1449 659 1486 II
682 1446 947 1486 concluditur.
964 1447 1076 1497 Opus

108 1523 230 1551 Suum
245 1511 443 1562 glossator
454 1512 530 1548 iste
546 1509 651 1548 dicat
662 1508 806 1550 Carolo
818 1507 1078 1561 (Vlllleran-

76 1615 80 1617 Α
109 1584 249 1612 corum
268 1571 551 1624 Reyi.Augent
574 1571 730 1611 Codicis
749 1572 869 1611 huius
885 1571 1078 1609 Lucensis

110 1636 298 1687 (pertinet
317 1636 424 1673 enim
440 1634 679 1673 adBiblioth.
698 1634 929 1673 Canonicor.
945 1634 1075 1671 Maior.

107 1698 312 1738 Ecclesiae
348 1697 567 1745 Lucensis)
593 1697 790 1747 praetium
815 1707 925 1734 rarae
955 1706 1076 1746 quae-

108 1760 201 1799 dam
237 1759 513 1799 adnotationes
539 1759 580 1796 in
610 1763 791 1797 extremo
829 1758 1074 1809 pagellarum

109 1822 360 1874 quarundam
386 1822 564 1873 margine
588 1821 811 1871 descriptae
840 1832 891 1859 ex
912 1821 993 1870 ipsa
1021 1819 1076 1857 Pii

112 1885 181 1923 ΙΙΙ.
197 1888 293 1923 tunc
308 1884 440 1922 adhuc
460 1882 682 1923 Cardinalis
707 1893 830 1921 manu
849 1881 983 1932 ,quod
1005 1882 1077 1919 Fe-

108 1947 216 1986 linus
239 1945 398 1985 Codicis
423 1945 544 1986 huius
575 1945 668 1983 olim
698 1955 908 1995 possessor
937 1943 1075 1982 sedulo

108 2010 263 2048 monuit
278 2013 371 2048 ante
387 2019 511 2047 unam
531 2008 706 2057 aliquam
722 2018 772 2045 ex
788 2007 863 2044 illis
880 2006 1074 2044 scribens:

114 2071 266 2111 Postila
295 2081 419 2109 ‘manu
443 2068 618 2121 propria
647 2069 693 2107 F.
726 2068 847 2108 Card.
881 2066 1077 2108 Senensis.

113 2135 184 2174 His
208 2135 247 2172 in
272 2134 416 2185 glossis
437 2133 626 2171 historica
650 2131 848 2182 quaedam
875 2131 1082 2169 interserit

112 2196 282 2245 author,
304 2195 463 2234 utillud
486 2194 536 2234 de
555 2194 712 2233 Nicolao
732 2195 783 2233 IV
807 2193 880 2245 qui
892 2191 1084 2231 concessit

115 2255 406 2299 Cardinalibus
426 2255 674 2295 medietatem
689 2259 958 2307 proventuum
970 2256 1078 2293 Rom.

93 2321 314 2360 Ecclesiae
336 2323 375 2358 et
408 2318 517 2357 dedit
537 2318 594 2358 eis
620 2317 818 2357 licentiam
856 2315 994 2355 utendi
1014 2327 1080 2354 ca-

103 2383 222 2435 pellis
243 2381 394 2421 rubeis.
408 2382 538 2420 Gloss.
562 2381 611 2419 ad
630 2382 756 2419 vitam
778 2380 924 2418 Leonis
945 2381 997 2418 III
1013 2408 1020 2427 ,
1039 2390 1075 2429 p.

110 2445 204 2485 200.
240 2443 353 2494 Opus
393 2442 468 2482 hoc
505 2443 630 2481 Boetii
671 2441 820 2480 desinit
863 2443 901 2479 in
951 2443 1079 2480 Hono-

110 2508 167 2546 rio
187 2507 234 2545 ΙΙ.

163 2566 330 2607 Anicius
371 2564 548 2605 Manlius
598 2564 822 2615 Torquatus
864 2562 1079 2603 Severinus

108 2629 388 2676 BOETHIUS,
432 2628 501 2667 Vir
531 2626 722 2676 dignitate
760 2626 949 2673 illustris,
992 2625 1079 2662 illu-

110 2694 228 2732 strior
257 2691 412 2741 ingenio
430 2718 439 2734 ,
462 2689 636 2738 Scriptor
655 2685 844 2725 librorum
867 2686 914 2724 (le
935 2686 1079 2724 Conso-

111 2754 255 2794 latione
285 2749 570 2802 Philosophiae.
602 2749 612 2794 (
627 2749 676 2787 42
704 2747 841 2786 Italice
867 2757 1027 2786 versum
1055 2759 1076 2784 a

113 2816 211 2857 Lucl.
242 2811 492 2861 Domeniclii,
514 2816 555 2849 et
575 2810 720 2849 Cosma
739 2807 894 2847 Bartoli
918 2809 951 2847 F
954 2808 1080 2846 loren-

111 2879 190 2918 tiae
210 2877 328 2917 1550.
348 2877 386 2913 in
413 2876 436 2912 8
458 2872 712 2924 (disiunctim
731 2871 739 2917 )
761 2874 800 2907 ct
820 2869 962 2907 Benecl.
984 2870 1080 2908 Var-

112 2940 198 2980 chii
231 2939 324 2978 ibid.
350 2938 465 2977 4554.
490 2936 531 2972 in
561 2934 582 2972 4
607 2938 646 2971 et
675 2933 840 2970 aliorum
872 2931 1086 2981 insignium

118 3002 468 3042 lucubrationum:
496 2996 615 3047 jussu
655 2994 885 3033 Theodorici
932 2994 1078 3041 Regis,

113 3066 229 3104 cuius
252 3060 454 3114 tyrannidi
478 3058 683 3109 suffragari
700 3055 879 3102 nolebat,
906 3055 1077 3092 fustibus

112 3129 321 3178 peremtus
338 3127 402 3162 est
422 3124 460 3160 in
477 3123 643 3161 Carcerc
659 3117 774 3157 Anno
790 3116 985 3155 CHRISTI
998 3116 1074 3153 5222

113 3188 165 3228 23
190 3187 348 3227 Octobr.
373 3186 430 3224 De
456 3185 519 3222 illo
543 3184 710 3230 eiusque
732 3179 889 3228 scriptis
906 3177 993 3214 nolo
1016 3188 1076 3215 re-

114 3254 275 3301 petere,
306 3258 408 3298 quae
436 3246 516 3285 dixi
543 3245 608 3284 lib.
636 3243 688 3281 llI
718 3241 979 3281 Bibliothecae
1005 3241 1075 3278 La-

116 3314 221 3352 tinae
251 3322 336 3362 cap.
369 3311 428 3349 45.

2043 206 2122 245 233

1214 274 1433 313 BOETIUS
1456 271 1503 311 de
1522 271 1665 321 Dacia,
1691 272 1851 312 Ordinis
1881 274 2127 314 Praedicato-

1158 348 1248 376 rum
1272 338 1374 375 eirca
1398 335 1559 375 Annum
1585 336 1686 375 4:350
1717 336 1925 386 scripsisse
1955 337 2124 376 traditur

1159 399 1198 436 in
1214 398 1441 436 Aristotelis
1461 398 1582 436 libros
1606 397 1654 436 de
1675 408 1799 436 sensu
1822 402 1863 436 ct
1879 403 2053 447 sensato,
2071 399 2120 437 dc

1153 464 1279 498 morte
1303 464 1343 498 et
1368 461 1450 498 vita
1466 491 1476 507 ,
1497 459 1546 497 de
1570 471 1710 498 somno
1725 464 1765 498 ct
1783 459 1932 510 vigilia:
1952 471 2028 499 nec
2044 472 2125 499 non

1157 522 1206 560 de
1229 524 1463 561 aeternitate
1483 522 1616 561 Mundi
1640 525 1680 559 ct
1704 522 1912 559 Summam
1941 522 2124 561 Dialecti-

1157 594 1257 622 eam.
1279 583 1375 623 Vide
1396 584 1585 622 Jacobum
1606 582 1832 622 Echardum
1858 587 1969 621 tomo·
1990 584 2004 622 1
2034 596 2120 634 pag.

1124 653 1129 656 ’
1158 646 1246 683 640.
1290 647 1333 683 In
1364 645 1483 683 libros
1518 645 1772 694 Topicorum,
1817 643 2120 694 Analyticorum

1157 710 1439 756 utrorumque,
1463 710 1504 743 et
1523 705 1721 744 Elc'ncbos
1746 706 1989 756 Sophisticos
2011 708 2119 746 MSS.

1157 772 1261 806 teste
1286 767 1460 806 Sandero
1484 779 1570 817 pag.
1598 767 1674 805 497
1696 767 1876 805 Biblioth.
1901 770 2091 819 Belgicae.

1216 828 1389 880 Vulsinus
1404 829 1637 876 BOETIUS,
1656 829 1877 879 Episcopus
1900 831 2120 870 pictavien-

1161 893 1215 929 sis
1238 892 1342 930 circa
1364 891 1526 929 Annum
1550 891 1626 928 830
1665 891 1832 940 scriptor
1859 890 1964 929 Vitae
1987 894 2026 931 S.
2050 895 2120 931 Ju-

1160 952 1274 991 niani
1289 952 1454 992 Abbatis
1475 952 1616 992 Seculo
1638 953 1688 991 Vl
1704 954 1956 991 Mariacensis
1971 954 2017 992 ad
2035 955 2119 993 Ido-

1159 1015 1266 1053 leum
1289 1014 1484 1053 Abbatem
1506 1014 1835 1063 Nobiliacensem,
1857 1026 1958 1065 quae
1987 1021 2120 1055 exstat

1157 1077 1195 1114 in
1224 1076 1433 1115 Mabillonii
1470 1076 1579 1116 Actis
1617 1077 1686 1116 SS.
1715 1077 1946 1116 Benedictin
1982 1079 2067 1117 Sec.
2100 1081 2113 1117 1

1154 1150 1240 1189 pag.
1272 1138 1360 1177 307.

1207 1202 1350 1239 Petrus
1372 1202 1647 1250 BOIIERIUS,
1672 1212 1810 1252 supra,
1839 1202 2068 1241 BOERIUS.
2112 1226 2123 1232 ω

1203 1263 1402 1302 Henricus
1423 1264 1637 1312 BOIIICK,
1663 1265 1880 1302 Leoncnsis
1916 1263 2114 1302 Aremori-

1151 1336 1223 1363 cus
1239 1325 1361 1364 JCtus
1382 1327 1484 1364 circa
1500 1325 1660 1364 Annum
1680 1326 1779 1365 1390
1797 1326 1973 1376 Scriptor
1999 1326 2112 1365 Com-

1150 1386 1438 1425 mentariorum
1458 1388 1499 1425 in
1511 1387 1681 1439 quinque
1698 1385 1819 1426 libros
1829 1385 2110 1434 Deci-clabum,

1149 1452 1190 1486 et
1211 1448 1249 1486 in
1290 1448 1460 1487 Titnlum
1481 1448 1744 1488 Clementinae
1768 1448 1814 1487 de
1832 1449 1915 1487 vita
1939 1453 1976 1487 el
1994 1448 2109 1487 lione-

1149 1513 1249 1549 state
1273 1510 1542 1559 clericorum,
1567 1513 1634 1561 qui
1654 1512 1762 1550 MSS.
1781 1512 1819 1548 in
1836 1513 1955 1549 variis
1971 1511 2111 1549 Biblio-

1150 1572 1290 1611 thecis.
1314 1573 1411 1611 Vide
1435 1572 1637 1611 Oudinum
1660 1577 1766 1610 tomo
1787 1574 1838 1610 ΙΙΙ
1863 1584 1949 1622 pag.
1978 1573 2092 1611 4254.

1205 1635 1243 1673 S.
1266 1634 1513 1684 BOISILUS,
1538 1633 1710 1683 Angliffi,
1735 1635 2011 1672 Maibrosensis
2035 1634 2111 1672 Ab-

1150 1697 1221 1735 bas
1237 1699 1339 1736 circa
1356 1697 1518 1736 Annum
1538 1696 1755 1746 702.cujus
1774 1695 1947 1733 libellum
1964 1695 2010 1733 cle
2022 1695 2112 1745 fille,

1149 1770 1251 1810 quae
1269 1770 1347 1810 per
1367 1759 1602 1798 charitatem
1631 1761 1837 1809 operatur,
1873 1757 2008 1796 laudat
2036 1758 2112 1795 Pit-

1151 1832 1245 1860 scus
1269 1833 1355 1872 pag.
1383 1823 1471 1861 443.

1202 1882 1435 1934 Rcululplius
1459 1882 1720 1930 BOKKYNG,
1745 1882 2008 1920 Cieestrensis
2029 1879 2109 1918 An-

1149 1945 1255 1995 glus,
1279 1945 1438 1983 Ordinis
1456 1945 1791 1990 Praedicatorum,
1812 1944 1969 1993 scripsit
1987 1941 2107 1979 libros

1150 2007 1196 2044 ΙΙ
1215 2006 1261 2045 cle
1288 2007 1374 2046 Vita
1398 2008 1436 2046 S.
1454 2005 1660 2053 Richardi,
1675 2006 1888 2043 Cicestriae
1910 2006 1948 2042 in
1965 2004 2105 2053 Anglia

1151 2069 1351 2119 Episcopi,
1376 2069 1552 2108 defuncti
1575 2068 1648 2106 An.
1675 2068 1777 2106 42:353
1793 2067 1919 2104 editos
1937 2068 1975 2103 in
1998 2065 2109 2104 Actis

1155 2130 1333 2169 Sanctor.
1360 2131 1381 2168 3
1403 2130 1496 2181 Apr,
1521 2135 1548 2167 t.
1574 2130 1625 2167 ΙΙΙ
1646 2142 1682 2179 p.
1704 2128 1793 2165 ⁶282.
1820 2127 1929 2165 Idem
1953 2131 2040 2175 est,
2071 2128 2108 2163 ni

1157 2192 1282 2241 fallor,
1308 2194 1375 2242 qui
1400 2204 1521 2243 super
1535 2202 1688 2230 sacram
1706 2191 1950 2239 Scripturam
1966 2190 2111 2227 citatur

1155 2265 1176 2293 a
1199 2254 1395 2293 Guilelmo
1427 2255 1572 2292 Occam
1599 2255 1637 2290 in
1660 2251 1894 2302 compendio
1929 2262 2110 2289 errorum

1151 2317 1344 2355 Johannis
1367 2317 1494 2355 XXII.

1207 2377 1427 2417 Guilelmus
1463 2377 1512 2415 (le
1537 2376 1925 2423 BOLDENSLEVE,
1972 2375 2113 2412 nobilis

1152 2442 1220 2480 Vir
1238 2441 1483 2487 Germanus,
1509 2442 1625 2477 antea
1648 2438 1779 2475 dietus
1819 2437 1902 2474 Otto
1941 2435 1986 2473 cle
2025 2436 2111 2473 Rie-

1152 2502 1288 2551 nlzuss,
1308 2503 1374 2551 qui
1399 2501 1513 2539 Anno
1535 2500 1636 2538 432155
1657 2499 1814 2535 deserto
1829 2497 1973 2535 Ordine
1997 2498 2112 2534 Prae-

1152 2564 1394 2609 dicatorum,
1411 2561 1708 2600 ctabsolutione
1731 2557 1849 2606 liujus
1870 2557 2106 2593 desertionis

1153 2627 1361 2675 impetrata
1376 2634 1396 2661 a
1414 2622 1614 2667 l'ontiliee,
1626 2621 1738 2670 petiit
1753 2624 1896 2655 terram
1915 2623 2106 2661 sanctam,

1152 2688 1335 2735 illiusque
1360 2685 1511 2721 itineris
1549 2683 1749 2719 historiam
1776 2680 1849 2717 An.
1882 2681 1982 2717 43:⁷3ss
2013 2682 2108 2717 seri-

1150 2750 1229 2799 psit
1252 2746 1299 2784 ad
1324 2744 1572 2783 Cardinalem
1597 2741 1928 2789 Thalayrandum.
1960 2741 2007 2777 de
2028 2753 2106 2790 qno

1151 2808 1450 2858 diligentissime
1491 2805 1673 2842 Baluzius
1723 2806 1828 2839 tomo
1865 2803 1875 2838 Ι
1915 2813 2105 2850 paparum

1154 2868 1493 2909 Avenionensinm
1516 2878 1600 2916 pag.
1627 2864 1701 2902 770
1724 2875 1782 2912 sq.
1808 2868 1844 2899 et
1871 2876 1906 2912 p.
1938 2863 2013 2900 774-
2044 2874 2102 2912 sq.

1156 2931 1204 2968 (le,
1220 2930 1415 2967 (lnilelnio
1439 2931 1572 2964 nostro
1591 2957 1599 2973 ,
1623 2938 1742 2975 quem
1758 2924 1804 2961 ‹le
1820 2922 2106 2973 l›‘‹1l‹l‹¹nsel·.ip—

1155 2992 1275 3042 pellat
1294 3002 1384 3029 cuin
1409 2989 1583 3033 Canusio,
1605 2992 1644 3023 et
1667 2998 1785 3036 quem
1811 2987 1847 3022 in
1870 2987 1992 3021 veteri
2017 2986 2107 3022 Gal-

1153 3054 1228 3091 lica
1252 3053 1433 3089 versione
1460 3049 1675 3095 itinerarii,
1700 3049 1776 3085 MS.
1803 3049 1840 3083 in
1866 3045 2107 3084 Bibliotheca

1149 3115 1267 3163 Regia
1303 3113 1422 3151 Paris.
1458 3122 1575 3161 quam
1622 3109 1694 3147 An.
1746 3110 1835 3147 13ῖό1
1884 3109 2107 3157 composuit.

1148 3176 1349 3214 Jolmnnos
1373 3173 1420 3210 ‹le
1449 3175 1594 3223 Yppre‚
1627 3175 1797 3208 testatur
1834 3169 1879 3206 (le
1909 3167 2108 3207 Boldcsele

1150 3237 1381 3285 nuncupari.
1409 3236 1542 3272 Latine
1564 3233 1712 3269 editum
1731 3236 1787 3268 esi
1808 3244 1828 3268 a
1845 3232 2000 3269 (Ianisio
2015 3242 2106 3268 enm

1151 3298 1326 3349 Epistola
1350 3296 1396 3334 ad
1425 3298 1582 3334 Petrum
1610 3292 1732 3331 Aul-ao
1759 3291 2106 3344 Regna-Abbatem

1712 3374 1758 3405 531)
