2500 4009
436 204 513 240 (310

435 271 661 310 schismatis
681 266 753 303 An.
782 266 795 301 1
817 264 897 300 llis).
922 274 1006 311 seq.
1029 262 1198 311 scriptas
1215 291 1224 309 ,
1251 260 1387 310 vulga-

435 335 490 370 vit
527 329 722 368 Freherus
760 329 853 361 tom.
890 324 924 361 1.
964 322 1203 372 scriptorum
1251 333 1385 360 rerum

434 390 760 430 Germanicarum
784 388 824 422 et
840 382 1022 422 Andreas
1039 382 1092 421 du
1107 383 1265 422 Chesne
1288 388 1382 421 tom.

433 450 624 498 1Υ.ςιι]“ιι5
642 446 856 485 editionem
877 456 968 483 cum
991 444 1229 483 Freheriana
1250 449 1388 484 contu-

433 508 752 562 litBui·cliardus
787 506 969 545 Gotthelf
1006 507 1196 545 Struvius
1217 507 1254 544 in
1287 517 1386 545 nova

431 573 588 614 Freheri
610 571 781 609 editione
808 573 902 606 tom.
931 570 966 607 1.
991 579 1077 619 pag.
1106 568 1195 607 419.
1222 578 1308 618 seq.

483 636 527 673 In
548 632 687 672 eodem
704 636 798 670 tom.
822 641 907 681 pag.
942 630 1137 669 407-416.
1159 634 1292 668 exstat
1309 628 1392 668 ΤΛ-

432 695 651 737 GENONIS
671 724 679 742 ,
700 694 846 732 Decani
873 693 1145 738 Patavionsis,
1178 691 1391 741 descriptio

430 758 695 810 expeditionis
711 756 908 794 Asiaticae
921 753 1107 793 Friderici
1125 754 1154 793 1.
1174 754 1249 793 An.
1273 753 1391 793 1189.

431 818 669 860 eonferenda
699 829 790 857 cum
813 818 877 856 illa
901 828 1021 868 quam
1045 828 1066 856 a
1091 818 1205 855 Petro
1231 815 1390 854 Pithoeo

434 883 582 921 editam
607 880 687 919 dixi
708 911 716 929 ‚
741 886 781 918 et
805 891 896 918 cum
924 879 1107 918 uberiore
1132 877 1390 924 ANONYMI⁷

435 956 554 995 quam
597 947 800 994 postrema
834 946 946 992 parte
984 940 1163 980 mutilam
1209 941 1391 991 vulgavit

435 1007 619 1047 Canisius
643 1011 737 1043 tom.
768 1005 815 1042 Y.
850 1003 1119 1052 Antiquarum
1159 1003 1390 1041 Lectionum

433 1073 545 1120 parte
569 1068 605 1105 2.
632 1078 717 1117 pag.
746 1065 806 1103 44.
845 1063 1042 1113 (editionis
1081 1074 1209 1102 novae
1245 1065 1393 1102 Basna-

435 1132 572 1181 gianae
597 1134 691 1166 tom.
717 1127 781 1165 III.
804 1129 915 1176 parte
940 1126 977 1163 2.
1007 1136 1095 1176 pag.
1123 1125 1323 1173 toa-526.)

488 1188 667 1241 Epistola
687 1187 876 1226 Friderici
893 1185 947 1225 ad
968 1186 1143 1225 Ottonem
1163 1186 1196 1224 F
1197 1185 1391 1237 retingen-

435 1265 516 1293 sem
532 1284 543 1302 ,
587 1254 778 1291 Patruum
818 1261 938 1289 suum
970 1280 978 1299 ‚
1025 1248 1129 1300 apud
1175 1250 1389 1288 Urstisium

435 1322 528 1354 tom.
559 1316 571 1352 1
596 1346 604 1363 ,
643 1325 729 1364 pag.
772 1312 860 1351 403.
902 1316 943 1349 et
981 1312 1141 1350 Petrum
1182 1311 1389 1351 Pithoeum

434 1383 526 1416 ante
564 1377 682 1416 libros
717 1375 818 1413 duos
856 1373 903 1412 de
937 1375 1061 1424 gestis
1096 1372 1293 1412 Friderici.
1329 1374 1389 1413 Ex

435 1438 643 1479 AMANDO
667 1435 869 1488 deprimis
890 1435 993 1475 actis
1017 1448 1043 1474 a
1070 1436 1101 1473 F
1104 1434 1276 1473 rederico
1298 1447 1390 1487 pcr-

436 1502 537 1541 actis
562 1502 600 1538 in
621 1499 789 1552 Imperio
805 1531 815 1547 ,
839 1499 1109 1549 fragmentum
1142 1498 1256 1536 affert
1281 1498 1392 1537 Chri-

436 1564 649 1615 stophorus
690 1561 909 1600 Gowoldus
946 1571 1030 1611 cap.
1069 1561 1102 1598 6.
1139 1559 1187 1598 de
1209 1561 1392 1611 Septem-

435 1628 566 1665 viratu
593 1638 630 1676 p.
646 1626 707 1663 78.
734 1622 945 1674 Ingolstad.
971 1622 1084 1662 1621.
1109 1623 1142 1660 4.
1169 1622 1264 1661 Vide
1279 1627 1319 1661 et
1342 1622 1391 1661 de

435 1687 742 1727 BURCIIARDO
764 1687 913 1724 notario
938 1696 1056 1735 supra
1078 1689 1105 1722 t.
1132 1686 1145 1724 1
1164 1714 1171 1732 .
1190 1696 1226 1735 p.
1251 1684 1341 1722 279.

488 1749 716 1789 Mandatum
740 1747 1023 1786 diffidatorium
1062 1746 1116 1785 ad
1153 1744 1389 1785 saladinum

432 1812 506 1851 An.
530 1813 643 1852 1188.
670 1822 740 1862 pro
762 1810 1017 1848 restitutione
1042 1812 1171 1847 terrae
1196 1813 1359 1848 sanctae
1380 1840 1388 1859 ,

432 1874 536 1926 apud
560 1873 794 1913 Goldastum
817 1876 911 1910 tom.
940 1872 962 1909 3
982 1902 989 1921 ,
1014 1883 1100 1922 pag.
1130 1872 1219 1911 362.

488 1933 837 1976 *praetereundus
859 1946 935 1972 non
958 1938 1020 1972 est
1033 1933 1249 1985 Rhymmus
1267 1933 1390 1974 Cliro-

434 1998 548 2036 nicus
572 1997 620 2036 de
643 1997 777 2035 Rebus
800 1995 987 2034 Friderici
1013 1996 1039 2034 I.
1079 1996 1176 2046 Imp.
1202 1996 1390 2047 vulgatus

435 2071 456 2098 a
486 2061 556 2098 PP.
582 2061 657 2097 Pez
687 2063 727 2097 et
763 2058 943 2098 Huebero
970 2057 1065 2097 Cod.
1089 2058 1257 2109 Diplom.
1282 2070 1319 2108 p.
1344 2059 1391 2097 II.

435 2132 524 2171 pag.
548 2121 597 2158 29
621 2121 757 2170 incipit

489 2181 608 2219 Aetas
625 2180 751 2218 nostri
772 2179 955 2231 temporis
974 2178 1109 2218 brevis
1126 2190 1202 2216 ‘non
1214 2181 1390 2218 senescit.

494 2243 631 2280 Vetera
650 2245 868 2292 temporum
892 2240 1094 2278 reminisci
1118 2241 1257 2279 nescit.

491 2303 790 2343 FRIDERICUS
815 2304 859 2341 II.
879 2304 1096 2353 Imperator
1115 2303 1163 2342 ab
1184 2303 1258 2341 An.
1276 2304 1392 2343 1212.

437 2371 476 2403 et
499 2366 653 2404 Siciliae
674 2366 884 2415 utriusque
905 2366 1012 2411 Rex,
1037 2363 1254 2403 defunctus
1277 2365 1393 2404 Anno

441 2427 556 2467 1250.
583 2428 771 2477 Princeps
791 2428 947 2477 egregie
975 2427 1175 2465 litteratus
1199 2431 1239 2464 et
1261 2428 1394 2465 Patro-

439 2501 514 2529 nus
542 2489 824 2537 Eruditorum7
850 2490 1002 2539 peritus
1026 2488 1251 2538 linguarum
1283 2500 1376 2539 prae

439 2557 500 2590 ter
523 2552 799 2590 Germanicam
818 2581 829 2599 ,
851 2550 1026 2589 Graecae
1043 2581 1053 2598 ,
1081 2551 1243 2589 Latinae
1258 2582 1268 2599 ,

436 2625 504 2652 cae
524 2645 533 2661 ,
559 2614 746 2652 Turcicae
768 2616 808 2650 et
832 2611 1037 2650 Arabicae.
1059 2612 1156 2650 Huic
1177 2612 1392 2663 plurimum

441 2675 589 2713 debent
609 2675 768 2714 condita
792 2674 856 2713 vel
881 2675 1101 2713 instaurata
1125 2673 1321 2713 domicilia
1355 2673 1396 2711 il—

438 2739 576 2776 lustria
596 2738 802 2776 Musarum
828 2740 868 2774 et
892 2735 1158 2774 Academiae.-
1198 2737 1396 2775 Viennen-

439 2801 518 2846 sis⁷
546 2799 734 2837 Patavina
756 2829 766 2846 ,
789 2799 1080 2846 Ferrariensis,
1111 2798 1393 2849 Neapolitana,

440 2861 687 2900 Salernitana
703 2892 713 2909 ,
739 2861 1013 2899 Bononiensis.
1039 2860 1148 2900 Idem
1173 2872 1223 2899 ex
1246 2860 1395 2899 Graeco

438 2923 502 2961 vel
524 2922 689 2960 Arabico
715 2921 901 2961 idiomate
927 2923 1029 2960 verti
1061 2923 1217 2961 curavit
1245 2922 1397 2961 Aristo-

442 2984 532 3022 telis
556 2985 684 3034 Opera
702 3013 709 3029 ,
727 2993 913 3034 magnam
940 2984 1152 3023 Ptolemaei
1179 2985 1394 3034 syntaxin.

441 3046 615 3096 Gregorii
636 3046 805 3096 Nysseni
827 3046 875 3084 de
893 3051 1034 3085 natura
1052 3045 1236 3095 hominis,
1257 3045 1395 3085 Galcni

445 3118 520 3145 non
564 3118 685 3158 pauca
726 3112 766 3146 et
804 3108 968 3146 aliorum
1012 3107 1252 3146 Medicorum
1293 3108 1396 3146 sicut

446 3170 774 3208 Astronomorum
798 3180 969 3220 quoque.
995 3169 1128 3208 Italico
1163 3170 1282 3208 ctiam
1312 3180 1396 3207 car-

447 3231 550 3266 mine
582 3231 631 3268 ita
656 3232 805 3279 valuit,
832 3236 875 3270 ut
900 3231 986 3270 aliis
1023 3232 1143 3270 etiam
1183 3232 1395 3282 praeiverit

447 3289 492 3327 ad
521 3289 619 3329 lianc
645 3292 800 3331 laudem
828 3293 1101 3344 aucupandam
1120 3323 1127 3342 7
1149 3297 1269 3343 atque
1295 3294 1395 3331 inter

1195 191 1662 230 lv'ltllililzlcus

1291 2548 1397 2589 ltali-

1459 261 1608 311 primos
1631 262 1750 300 Italos
1773 268 1911 313 poetae.
1935 266 2159 304 celebretur
2182 276 2202 304 a
2235 266 2382 305 Bembo
2402 296 2412 314 ,

1459 322 1708 361 Castelvetro
1723 323 1890 375 aliisquo
1914 327 2017 378 apud
2043 326 2289 366 Antoninum
2305 328 2415 366 Mon-
2466 349 2467 355 =

1461 384 1627 434 gitorem
1653 385 1690 422 in
1715 384 1956 426 Bibliotheca
1987 389 2119 428 Sicula
2142 399 2230 440 pag.
2255 387 2346 428 247.
2375 393 2418 428 et

1461 445 1552 484 218.
1574 445 1639 484 ubi
1664 447 1783 484 etiam
1804 446 1852 485 de
1874 447 2015 488 Allatio
2033 481 2040 499 ,
2056 452 2122 501 qui
2144 450 2321 490 carmina
2336 451 2420 489 Fri·
2463 467 2467 494 ·,
2496 450 2500 477 ἔ

1462 507 1581 546 derici
1608 508 1802 547 Hetrusca
1827 509 1943 548 edere
1968 511 2095 550 voluit
2113 524 2164 551 ex
2202 512 2418 552 Codicibus

1463 569 1690 618 Vaticanis,
1720 571 1945 610 Barberinis
1966 576 2006 610 et
2029 573 2241 613 Ghisianis.
2282 575 2419 613 Latine

1465 699 1560 733 tom.
1587 696 1622 733 1.
1646 695 1858 734 Miscellan.
1884 706 1971 746 pag.
1990 695 2077 734 446.
2105 697 2162 735 De
2188 696 2274 736 aliis
2293 697 2422 736 dictu·
2468 696 2471 745 l

1465 767 1534 795 rus
1555 767 1644 796 sum
1671 757 1794 805 infra,
1820 757 1886 796 ubi
1917 757 1966 796 de
1996 758 2113 796 Petro
2141 756 2188 796 de
2221 759 2418 798 VINEIS:
2498 809 2500 814 .

1465 816 1581 868 eujus
1625 818 1833 857 meliorem
1881 818 2096 858 editionem
2129 818 2365 871 jampridem
2399 831 2422 859 a
2498 843 2500 847 «

1463 941 1548 979 ckio
1573 947 1868 992 exspectamus.
1891 941 2031 982 Aurea
2064 940 2174 981 bulla
2191 954 2268 994 pro
2303 941 2422 982 liber-
2472 943 2475 971 ἴ
2498 943 2500 981 1

1466 1006 1545 1042 tate
1569 1003 1801 1056 Principum
1841 1005 1882 1044 S.
1901 1005 2011 1043 Rom.
2037 1004 2198 1055 Imperii
2222 1009 2355 1044 exstat
2382 1006 2422 1043 in

1465 1070 1560 1104 tom.
1583 1066 1663 1105 VII.
1689 1066 1945 1117 reliquiarum
1973 1066 2081 1105 MSS.
2106 1065 2370 1118 diplomatum
2385 1070 2426 1106 et
2472 1098 2473 1103 ,

1467 1132 1824 1167 monumentorum
1848 1127 2088 1168 ineditorum
2115 1139 2201 1180 pag.
2222 1129 2310 1168 515.
2332 1139 2424 1168 cum
2472 1120 2475 1126 ’
2499 1142 2500 1148 ’

1466 1191 1569 1228 notis
1592 1192 1759 1229 Joannis
1783 1191 1885 1230 Petri
1910 1190 1959 1229 de
1984 1191 2177 1241 Ludewig
2215 1201 2302 1241 pag.
2334 1189 2425 1230 520.

1465 1253 1554 1291 560.
1570 1253 1625 1291 De
1641 1264 1771 1292 aurea
1792 1251 1899 1291 bulla
1911 1262 1988 1304 pro
2004 1251 2288 1292 Ecclesiastica
2305 1249 2426 1290 liber·
2472 1275 2473 1280 =

1464 1317 1560 1363 tace.
1577 1314 1849 1354 consulendus
1865 1315 2081 1354 Goldastus
2103 1315 2140 1352 in
2167 1313 2425 1364 replicatione
2465 1309 2467 1316 '

1464 1379 1602 1414 contra
1625 1376 1861 1415 Gretserum
1883 1387 1969 1427 pag.
1996 1375 2085 1415 378.
2112 1386 2196 1426 seq.
2222 1375 2426 1414 Constitu·
2472 1404 2476 1433 ,

1465 1438 1517 1475 tio
1543 1438 1625 1488 ipsa
1649 1441 1784 1476 exstat
1802 1441 1889 1476 tum
1911 1437 2000 1476 alibi
2019 1442 2104 1477 tum
2122 1436 2226 1488 apud
2250 1436 2423 1476 eundem
2472 1443 2477 1494 j

1464 1499 1697 1538 Goldastum
1722 1504 1817 1538 tom.
1844 1501 1881 1539 1.
1915 1500 2261 1539 Constitutionum
2292 1499 2423 1549 Impe—
2451 1499 2453 1502 ’

1465 1561 1619 1600 rialium
1648 1573 1735 1612 pag.
1754 1562 1844 1601 289.
1865 1562 1931 1601 ubi
1955 1566 1996 1600 et
2010 1562 2109 1601 aliae
2132 1560 2314 1612 ejusdem
2335 1571 2422 1611 pag.

1465 1623 1555 1661 292.
1581 1627 1620 1661 et
1644 1625 1783 1661 contra
1810 1621 2028 1662 haereticos
2056 1634 2146 1674 pag.
2170 1623 2260 1662 293.
2292 1622 2425 1673 longe-

1464 1696 1542 1735 que
1572 1685 1707 1734 plures
1745 1686 1842 1724 varii
1876 1685 2044 1724 alterius
2071 1685 2323 1736 argumenti,
2353 1684 2424 1723 sed

1464 1751 1505 1784 et
1533 1746 1742 1785 Ordinatio
1765 1750 2068 1786 testamentaria
2091 1746 2165 1786 An.
2193 1747 2310 1787 1251.
2336 1757 2422 1798 pag.

1465 1808 1554 1846 307.
1581 1809 1695 1848 Varia
1731 1811 1922 1860 rescrIpta
1959 1807 2121 1849 LXXX.
2146 1813 2243 1848 tom.
2268 1809 2313 1858 2,
2337 1819 2427 1860 pag.

1465 1872 1528 1910 51.
1560 1881 1644 1921 seq.
1677 1881 1769 1909 cum
1808 1871 2102 1910 Constitutione
2135 1871 2183 1910 de
2223 1871 2423 1910 Libertate

1463 1943 1652 1972 concessa
1670 1933 1866 1972 Gentibus
1890 1933 1939 1972 ad
1959 1933 2186 1973 Catholicae
2206 1933 2314 1972 Fidei
2337 1933 2427 1972 uni-
2454 1938 2463 1946 ·

1465 1999 1587 2033 tatem
1613 1996 1821 2034 conversis
1845 2007 1932 2046 pag.
1954 1994 2018 2034 77.
2036 1995 2146 2034 Aliae
2162 1999 2259 2034 tom.
2285 1995 2425 2045 3,*pag.
2457 1993 2459 1998 '

1467 2055 1555 2096 372.
1582 2068 1670 2108 seq.
1695 2059 1824 2096 Prima
1837 2059 2057 2096 Teutonico
2079 2057 2111 2106 a)
2134 2056 2320 2096 idiomate
2335 2067 2428 2095 exa-

1466 2122 1551 2156 rata
1575 2119 1892 2167 Moguntinensis
1912 2118 2027 2157 Anno
2056 2120 2171 2158 1235.
2196 2118 2338 2157 Plures
2365 2118 2428 2155 iti·
2459 2154 2461 2157 .

1465 2179 1556 2218 dem
1581 2181 1887 2218 constitutiones
1909 2179 2013 2230 apud
2032 2179 2283 2230 Raynaldum
2303 2208 2312 2227 ,
2329 2181 2428 2218 Bzo-
2463 2204 2465 2206 -

1467 2243 1660 2292 viumque
1681 2273 1688 2291 ‚
1713 2246 1753 2280 et
1780 2243 1816 2280 in
1842 2240 1987 2292 Aquila
2011 2241 2146 2280 Sveva
2169 2242 2333 2280 Joannis
2357 2243 2428 2280 Pa·
2470 2232 2486 2288 ’Ἴ

1467 2305 1572 2352 latii,
1609 2304 1707 2352 libro
1753 2304 1894 2343 XXVI.
1942 2301 2102 2342 Siculae
2141 2302 2338 2354 quae-dam
2386 2307 2426 2341 et
2452 2326 2454 2332 ·

1467 2365 1751 2418 Neapolitanae
1774 2367 1894 2405 etiam
1919 2365 2024 2416 apud
2048 2367 2258 2404 Baronium
2280 2365 2326 2404 ad
2346 2364 2426 2404 An-

1469 2439 1568 2467 num
1609 2427 1726 2468 1097.
1771 2439 1821 2467 ne
1862 2427 1993 2466 dicam
2034 2426 2083 2466 de
2123 2426 2250 2466 indice
2278 2427 2428 2468 Graeco
2448 2430 2457 2450 ³

1467 2491 1811 2530 Constitutionum
1829 2490 2052 2529 Sicularum
2063 2489 2248 2528 Frideriei
2268 2489 2425 2540 [Lapud
2469 2494 2471 2499 ’

1468 2552 1774 2591 celeberrimum
1799 2552 2120 2591 Montfaueonum
2143 2552 2180 2590 in
2198 2543 2429 2603 palaeogra-
2453 2551 2455 2554 ⁴

1466 2615 1557 2665 phia
1581 2614 1732 2653 Graeca
1753 2625 1837 2664 pag.
1870 2614 1957 2653 416.
1983 2614 2051 2664 qui
2091 2611 2307 2664 diplomata
2340 2613 2428 2664 ejus
2466 2605 2471 2619 ‘¹

1467 2679 1641 2727 quatuor
1676 2676 1796 2714 etiam
1824 2676 1960 2713 Latine
1990 2673 2199 2726 subjunxit
2222 2686 2309 2727 pag.
2335 2675 2430 2715 428.
2468 2711 2471 2724 .

1467 2749 1551 2788 seq.
1572 2737 1680 2776 Idem
1708 2748 1791 2788 pag.
1818 2737 1907 2776 319.
1933 2735 2131 2776 videndus
2147 2736 2195 2776 de
2217 2736 2325 2776 libris
2349 2737 2418 2775 tri-
2468 2742 2471 2756 ¹

1467 2800 1544 2838 bus
1571 2794 1788 2844 βασιλικώι
1832 2793 2029 2849 διατάξεων
2065 2798 2429 2838 Fridericill.scri-
2482 2823 2484 2831 .

1469 2863 1548 2913 ptis
1577 2862 1680 2900 circa
1718 2861 1879 2900 Annum
1920 2861 2036 2900 1230.
2077 2864 2198 2910 atque
2235 2859 2363 2899 obviis
2388 2860 2426 2898 in

1469 2923 1710 2962 Bibliotheca
1732 2923 1849 2972 Regis
1873 2922 2111 2969 Galliarum,
2136 2921 2198 2960 ubi
2224 2920 2332 2960 hunc
2355 2921 2449 2961 Co·-·
2482 2956 2484 2967 ,

1469 2985 1595 3023 dicem
1614 2985 1768 3023 confert
1782 2996 1874 3024 cum
1896 2980 2249 3024 constitutionibus
2264 2980 2425 3032 Siculis,
2482 2983 2483 2986 ’

1470 3048 1556 3085 sive
1593 3045 1865 3097 Neapolitanis
1904 3045 2057 3097 Rogerii
2099 3049 2140 3084 et
2169 3043 2353 3084 Guilelmi
2387 3047 2428 3082 et
2478 3044 2480 3049 ’

1469 3107 1652 3146 Friderici
1679 3109 1724 3147 II.
1752 3108 1889 3146 Latine
1913 3107 2031 3146 editis
2056 3108 2093 3146 in
2123 3105 2311 3146 Friderici
2338 3106 2428 3144 Lin-
2482 3112 2483 3153 ἶ

1469 3169 1643 3220 donbrog
1633 3171 1669 3208 ii
1710 3170 1853 3209 Codice
1885 3171 2031 3217 legum
2056 3169 2312 3218 antiquarum
2337 3179 2437 3220 pag
2436 3164 2438 3170 “
2468 3184 2487 3215 ,2

1523 3255 1557 3296 a)
1581 3256 1748 3288 Johnnnes
1771 3257 1908 3289 Miizhael
1932 3256 2168 3289 llallwachsius
2193 3257 2225 3288 in
2250 3255 2428 3296 positioni·
2441 3252 2486 3294 ”·,’,,

1464 3305 1526 3336 bus
1550 3304 1589 3336 de
1612 3305 1783 3337 Frlderiro
1809 3309 1846 3337 ΙΙ.
1874 3307 1904 3345 S.
1930 3307 1980 3336 110.
2007 3305 2177 3346 tubingae
2204 3303 2297 3337 1720,
