2500 3841
863 195 1317 240 ANACLETUS
2050 212 2102 252 83

95 270 274 299 sermone
287 258 469 311 peritior,
485 259 549 299 vel
566 260 623 299 ita
643 260 753 301 nobis
776 263 944 305 reddens
959 267 1063 318 affa-

95 321 226 361 disset.
246 321 448 360 Habemus
469 332 563 360 vero
579 333 629 360 ex
645 323 845 364 Anastasii
861 330 1059 368 versione:

96 384 139 433 1)’
162 381 465 434 Chronoloyiam
484 383 698 435 Nicephori
711 385 1064 440 Constantinopoli-

94 444 196 495 tani,
219 447 288 496 qui
312 445 357 484 A.
383 446 460 485 828
484 445 588 484 diem
610 447 719 496 obiit,
745 450 861 498 eique
897 451 1061 501 subjun-

90 511 198 546 ctam
217 507 531 546 stichometriam
561 507 749 547 librorum
776 521 991 550 sacrorum.
1019 515 1058 563 2)

90 568 315 607 Historiam
335 567 673 618 Ecclesiasticam,
695 582 797 621 quae
813 573 915 611 inter
932 574 1061 625 Scrip—

88 635 197 670 tores
211 630 405 670 Historiae
420 633 665 680 Byzantinae
681 633 835 683 prodiit,
853 646 902 673 ex
919 635 1057 674 eodem

85 693 322 743 Nicephoro,
345 693 511 744 Georgio
533 694 718 744 Synccllo
752 700 793 734 et
816 696 1056 747 Theophane

88 755 324 794 Confessore
344 757 448 794 circa
463 754 624 794 Annum
646 756 722 795 872
738 761 995 797 contractam.
1013 761 1052 808 3)

84 815 186 855 Acta
201 816 352 868 Synodi
367 820 510 856 seoetae
530 818 870 870 Constantinopoli
887 821 925 858 in
942 822 1055 860 Trul-

86 878 124 917 lo
146 878 304 918 habitae
327 878 442 918 Anno
462 879 552 917 680.
577 880 614 928 4)
635 878 736 918 Acta
755 881 906 933 Synodi
939 882 1056 935 septi-

82 951 186 987 mae,
208 941 294 979 sive
317 940 467 991 Synodi
491 941 683 980 Nicaenae
704 943 737 981 ΙΙ
772 942 849 981 An.
879 943 968 982 787.
1001 946 1050 987 5)

84 1001 188 1041 Acta
231 1001 382 1054 Synodi
415 1006 578 1042 octavae
607 1004 945 1055 Constantinopoli
974 1005 1049 1045 An.

83 1065 159 1103 869
183 1065 248 1104 cui
289 1066 374 1116 ipse
412 1065 604 1104 interfuit.
644 1067 683 1114 6)
709 1066 957 1105 Collectanea
1000 1067 1049 1105 ad

81 1127 403 1166 Controversiam
419 1132 459 1166 et
473 1129 686 1166 Historiam
705 1127 1048 1167 monothelitarum

74 1190 311 1239 spectantia,
327 1200 351 1227 a
367 1189 576 1228 Sirmondo
592 1189 712 1237 edita,
737 1194 858 1239 atque
883 1191 1048 1229 Combe-

79 1249 182 1301 fisio,
207 1256 248 1290 et
267 1251 382 1290 obvia
406 1253 526 1290 etiam
557 1255 652 1289 tom.
677 1251 751 1289 XII
780 1250 1046 1290 Bibliothecae

75 1313 238 1352 Patrum
263 1313 518 1364 Lugdunens.
534 1315 590 1352 De
611 1313 756 1362 quibus
780 1314 949 1362 singulis
964 1312 1045 1351 dixi

77 1378 184 1412 tomo
200 1375 256 1413 IX
271 1375 538 1414 Bibliothecae
562 1374 736 1413 Graecae
752 1386 840 1425 pag.
863 1373 939 1413 357
960 1385 1044 1424 seq.

75 1435 125 1474 de
170 1436 431 1486 Chronologia
459 1438 579 1475 etiam
617 1441 712 1474 tom.
742 1437 792 1475 VI
822 1447 908 1486 pag.
955 1437 1043 1475 153.

76 1494 217 1536 Passio
234 1498 367 1536 10000
384 1498 615 1549 Martyrum
631 1498 706 1536 sub
719 1496 892 1536 Adriano
909 1501 949 1535 ct
965 1497 994 1536 A
1002 1509 1046 1535 n-

74 1559 181 1597 tonio
202 1559 269 1597 Pio
291 1563 427 1597 exstat
451 1560 489 1597 in
514 1558 627 1597 Actis
654 1560 893 1598 Sanctorum
910 1559 960 1598 22
977 1560 997 1597 J
1002 1571 1045 1597 u-

75 1621 129 1658 nii
150 1623 246 1658 tom.
270 1620 322 1660 IV
340 1631 427 1671 pag.
454 1620 543 1660 182.
572 1621 658 1659 Vita
679 1621 844 1659 Joannis
867 1619 1046 1659 Eleemo-

71 1681 230 1734 synarii
247 1682 499 1721 Patriarchae
518 1681 631 1721 Alex.
656 1682 761 1733 apud
784 1682 1044 1721 Rosweidum

74 1745 138 1783 lib.
159 1745 188 1783 Ι.
205 1743 255 1782 de
269 1745 371 1783 Vitis
389 1745 552 1782 Patrum
570 1773 578 1790 ,
604 1747 644 1780 et
664 1745 701 1780 in
720 1743 859 1781 iisdem
881 1744 1044 1781 Sancto-

73 1817 164 1845 rum
187 1805 298 1844 Actis
327 1805 378 1843 23
401 1806 590 1844 Januarii.
615 1804 755 1842 Passio
784 1805 824 1843 S.
853 1803 1049 1841 Demetrii

74 1869 260 1918 Martyris
274 1867 380 1918 apud
403 1868 598 1905 Joannem
617 1866 886 1904 Mabillonium
902 1869 996 1903 tom.
1014 1866 1051 1924 1⁰.

73 1930 253 1970 Analect.
274 1940 362 1979 pag.
379 1929 429 1967 65
445 1933 485 1966 et
500 1928 684 1966 editionis
708 1938 834 1966 novae
851 1938 936 1977 pag.
955 1926 1043 1966 172.

71 1992 310 2032 Encomium
318 1991 358 2030 S.
373 1988 670 2028 Bartholoniaei
681 1988 1045 2039 ApostoliexGrae-

71 2065 117 2092 co
137 2052 330 2092 Theodori
355 2051 549 2099 studitae,
567 2053 606 2088 in
632 2050 815 2089 Dacherii
838 2050 1044 2101 Spicilegio

75 2120 170 2154 tom.
187 2115 240 2153 III
264 2107 305 2152 et
324 2113 508 2152 editionis
525 2124 652 2151 novae
668 2117 777 2151 tomo
793 2113 844 2160 11,
863 2123 947 2162 pag.
968 2112 1042 2151 123

72 2181 193 2227 atque
222 2177 262 2214 in
295 2175 524 2214 Combefisii
556 2174 800 2213 Bibliotheca
828 2174 1045 2212 Coneiona-

74 2240 172 2278 toria
187 2242 295 2276 tomo
308 2238 391 2277 VII.
406 2237 585 2287 Epistola
600 2236 649 2275 ad
666 2237 852 2275 Carolum
873 2236 1042 2274 Calvum

72 2300 248 2352 praefixa
261 2298 419 2339 scholiis
434 2300 474 2338 S.
490 2297 669 2338 Maaeimi
682 2301 720 2336 et
739 2296 930 2336 Johannis
950 2298 1044 2348 Sey-

72 2361 302 2415 thopolitani
325 2361 368 2400 in
393 2360 628 2412 Dionysium
654 2359 846 2410 Areopag.
872 2359 920 2397 ab
939 2359 1043 2397 Ana-

71 2426 192 2464 stasio
213 2425 363 2474 versis,
389 2423 495 2462 'edita
523 2422 572 2461 ab
601 2423 761 2460 Usserio
785 2422 824 2458 in
854 2420 1042 2471 Epistolis

69 2486 290 2525 Hibernicis
312 2496 400 2536 pag.
423 2485 484 2523 45.
509 2484 687 2534 Epistola
706 2483 756 2520 ad
776 2481 950 2521 eundem
971 2482 1043 2521 Ca—

71 2547 201 2586 rolum
228 2547 448 2596 praemissa
480 2544 589 2584 Vitae
615 2543 797 2595 Dionysii
822 2544 992 2593 scriptae
1021 2554 1043 2581 a

71 2605 288 2654 Methodio,
314 2605 419 2656 apud
448 2606 612 2644 Surium
641 2605 690 2642 ad
712 2605 736 2642 8
765 2604 972 2651 Octobris,
1003 2608 1042 2641 et

71 2671 234 2709 Petrum
258 2667 513 2705 Franciscum
529 2665 759 2705 Chissetium
781 2666 829 2704 de
854 2675 932 2704 uno
956 2665 1044 2702 Dio—

72 2731 213 2782 nysio,
239 2729 429 2778 aliosque.
459 2728 516 2766 De
543 2728 629 2765 vita
658 2727 724 2764 illa
752 2726 801 2765 ab
830 2725 1042 2764 Anastasio

72 2802 193 2832 versa
210 2789 302 2828 vide
316 2788 586 2828 Mabillonium
602 2792 697 2825 tom.
716 2787 743 2825 1.
761 2786 939 2825 Analect.
956 2797 1042 2836 pag.

74 2854 165 2901 212,
182 2852 248 2892 ubi
262 2851 462 2890 Hincmari
479 2849 528 2887 de
545 2847 684 2887 eadem
701 2847 750 2886 ad
768 2847 952 2886 Carolum
970 2848 1045 2885 lm-

73 2910 297 2966 peratorem
330 2911 485 2950 lit-teras
513 2910 686 2948 exhibet.
726 2908 836 2947 Idem
875 2909 1046 2947 Mabillo-

75 2978 166 3015 nius
187 2980 295 3014 tomo
318 2974 346 3012 Ι.
369 2973 492 3012 Musei
514 2973 638 3010 Italici
663 2981 749 3022 pag.
776 2971 825 3008 80
850 2982 932 3020 seq.
957 2971 1045 3009 vul-

75 3038 184 3090 gavit
202 3036 404 3076 Anastasii
423 3035 604 3086 prologos
626 3034 663 3070 in
686 3043 825 3071 versas
844 3044 865 3069 a
890 3043 932 3067 se
949 3032 1046 3069 Pas-

74 3099 223 3139 sionem
253 3097 354 3137 ⁴480
384 3097 611 3148 Martyrum
646 3096 684 3133 in
724 3094 943 3133 Palaestina
972 3093 1046 3131 sub

76 3161 251 3201 Chosroe
276 3158 350 3208 (de
371 3158 517 3208 quibus
534 3156 631 3195 Acta
653 3157 887 3195 Sanctorum
912 3154 961 3191 22
981 3155 1048 3192 Ju-

79 3223 133 3260 nii
154 3226 250 3259 tom.
275 3221 326 3259 IV
347 3251 356 3270 ,
379 3230 466 3270 pag.
492 3220 579 3258 188.
598 3219 606 3266 )
627 3214 825 3257 Miraczcla
845 3218 883 3252 S.
912 3214 1052 3253 Basilii

80 3281 376 3322 Gaesareense's.
411 3280 639 3320 Passionem
668 3280 736 3317 Ss·
776 3276 900 3327 Cypri
927 3280 962 3313 e!
990 3277 1052 3312 Jo-

1135 269 1289 311 hannis.
1314 274 1365 312 Et
1397 274 1521 314 Vitam
1545 277 1584 314 S.
1615 276 1760 317 Donati
1784 279 1970 334 Episcopi
1995 285 2105 336 apud

1135 332 1171 370 E
1174 333 1314 372 urz‘con
1327 335 1367 373 in
1381 337 1514 387 Syria.
1530 338 1732 379 Tribuitur
1742 341 1804 382 ‚illi
1824 344 1944 382 etiam
1968 348 2101 385 versio

1136 394 1337 435 Historiae
1350 396 1396 436 (Ze
1409 399 1603 451 Josaphat
1614 402 1852 442 etBarIaam
1867 406 1972 445 inter
1985 409 2005 445 J
2009 419 2051 446 oa
2058 420 2102 445 n-

1136 456 1198 493 nis
1222 458 1454 497 Damasceni
1483 460 1628 511 Opera,
1658 463 1858 514 Epistolae
1885 468 1924 505 S.
1958 467 2103 520 Cyrilli

1134 515 1252 556 Aleoe.
1275 519 1330 558 aii
1352 520 1624 570 Gennadium,
1650 524 1760 563 Vitae
1782 527 1895 565 Petri
1918 528 2098 568 Aleoean-

1133 576 1265 628 (Irini,
1298 582 1496 619 Passionis
1529 584 1568 621 S.
1607 583 1790 636 Ayathii,
1821 590 2098 641 sociorumque

1132 649 1218 688 ejus
1236 654 1243 678 :
1268 646 1309 679 et.
1328 644 1564 682 narrationis
1586 646 1777 686 illiraculi
1799 649 2027 701 Berytensis
2049 653 2100 692 de

1132 700 1306 751 imagine
1327 704 1479 742 Cilristi
1495 716 1517 742 a
1531 706 1692 746 Judaeis
1708 711 1900 750 transfixa
1914 712 1989 751 An.
2007 715 2097 754 765.

1182 764 1390 803 Praeterea
1414 765 1496 815 ipse
1517 768 1726 818 scripsisse
1742 772 1912 812 traditur
1930 774 2099 815 Anasta-

1129 825 1215 863 sius
1244 825 1352 864 Vitas
1380 827 1615 878 Pontificnni
1636 832 1683 879 a)
1709 842 1731 869 a
1751 833 1866 872 Petro
1890 847 2017 886 usque
2046 839 2097 876 ad

1127 886 1344 926 Nicolaum.
1366 889 1395 937 I,
1420 901 1521 940 quas
1549 902 1642 930 cum
1669 893 1858 932 Guilelmo
1891 896 2099 937 Bibliothe-

1127 958 1237 986 cario
1257 949 1306 988 de
1324 951 1407 989 vita
1424 951 1607 991 Hadriani
1630 955 1663 992 II
1684 959 1724 993 et
1740 956 1932 1007 Stephani
1951 960 2001 998 VI
2023 963 2097 999 sub

1124 1008 1323 1050 Anastasii
1346 1014 1505 1052 nomine
1530 1016 1684 1065 primus
1707 1028 1757 1055 ex
1785 1019 1920 1057 Marci
1950 1019 2100 1060 Velseri

1123 1072 1363 1111 Bibliotheca
1387 1075 1569 1126 vulgavit
1590 1077 1762 1117 Joannes
1788 1079 1970 1120 Busaeus
1986 1111 1995 1129 ,
2019 1085 2098 1121 Mo-

1123 1135 1308 1182 guntiae!
1321 1136 1397 1174 602
1419 1137 1451 1174 4.
1469 1138 1619 1177 Deinde
1641 1139 1813 1179 Carolus
1829 1140 2004 1182 Annibal
2019 1133 2098 1183 Fa-

1124 1192 1276 1234 brottzis
1292 1207 1383 1235 cum
1402 1199 1571 1238 Historia
1586 1200 1787 1240 Anastasii
1803 1204 2096 1254 Ecclesiastica‚

1121 1256 1279 1294 Parisiis
1304 1258 1405 1296 1649
1436 1260 1498 1297 fol.
1527 1262 1629 1299 inter
1659 1263 1880 1313 Scriptores
1903 1267 2096 1305 Historiae

1120 1318 1393 1367 Byzantinae,
1419 1332 1522 1370 quos
1551 1325 1769 1362 novissime
1792 1326 1957 1365 Venetis
1985 1330 2094 1378 typis

1121 1389 1284 1417 recusos
1308 1386 1477 1419 constat.
1504 1382 1666 1422 Antonii
1686 1386 1836 1424 Dadini
1865 1387 2097 1427 Alteserrae.

1121 1443 1237 1477 notae
1262 1445 1301 1479 et
1324 1442 1624 1482 observationes
1652 1458 1823 1486 excusae
1852 1453 2065 1500 separatim
2083 1481 2093 1498 ,

1118 1501 1278 1539 Parisiis
1297 1503 1397 1541 1680
1417 1504 1452 1541 4.
1469 1506 1562 1542 Post
1577 1507 1777 1546 Busaeum
1793 1514 1830 1547 et
1849 1512 2093 1561 Fabrottum,

1120 1562 1370 1612 splendidam
1390 1564 1512 1615 hujus
1528 1567 1864 1608 libriPontisscalis
1879 1571 2093 1611 editionem

1121 1625 1308 1673 auspiciis
1325 1626 1611 1667 CLEMENTIS
1630 1631 1697 1668 XI.
1710 1632 1836 1681 Papae
1851 1643 1990 1671 curare
2006 1645 2094 1671 coe—

1118 1690 1266 1734 perunt
1280 1686 1497 1727 doctissimi
1507 1691 1585 1729 Viri
1595 1692 1630 1728 F
1630 1703 1728 1730 rane
1734 1692 1838 1732 iscus
1853 1693 2095 1733 Blancln'nus

1119 1750 1159 1782 et
1173 1746 1345 1786 Joannes
1365 1749 1562 1799 Viynolius
1578 1754 1684 1791 notis
1699 1758 1738 1791 et
1747 1755 2092 1795 observationibus

1117 1806 1355 1846 illustratam
1374 1839 1382 1856 ,
1407 1811 1457 1858 b)
1481 1813 1626 1851 Rornae
1649 1814 1780 1864 1718,
1803 1815 1905 1854 1724
1924 1847 1932 1865 ,
1961 1816 2090 1866 1728,

1117 1866 1179 1904 fol.
1206 1879 1336 1918 neque
1360 1872 1475 1909 tertio
1499 1873 1571 1911 hoc
1596 1878 1702 1912 tomo
1724 1887 1824 1926 opus
1847 1877 2090 1927 absolvitur,

1118 1929 1185 1976 qui
1210 1929 1247 1965 in
1272 1930 1458 1981 Gregorio
1481 1934 1528 1971 M.
1545 1932 1627 1983 jam
1652 1935 1808 1974 desinit.

1171 1988 1192 2010 ἕ
1208 1991 1299 2029 Post
1314 1992 1537 2032 absolutam
1551 2006 1573 2033 a
1589 1996 1764 2035 Fabricio
1783 1998 1967 2036 Biblioth.
1988 1999 2090 2038 hanc

1119 2050 1299 2090 Latinam
1322 2054 1466 2103 prodiit
1485 2057 1556 2103 (an.
1571 2058 1584 2094 1
1597 2056 1683 2105 7354
1695 2062 1882 2107 quartum
1897 2060 2087 2098 volumen

1117 2112 1316 2152 Romanae
1340 2115 1525 2154 editionis
1542 2117 1661 2157 huius
1680 2120 1752 2157 tria
1772 2121 1900 2169 priora
1919 2132 1942 2158 a
1955 2121 2089 2159 Fabri-

1117 2174 1176 2210 cio
1201 2175 1371 2214 indicata
1401 2182 1508 2216 sunt.
1543 2180 1787 2219 Praecedunt
1811 2182 2090 2232 prolegomena

1119 2237 1308 2276 nonnulla
1327 2267 1335 2285 ,
1374 2240 1411 2277 in
1450 2240 1594 2289 quibus
1636 2243 1890 2281 continentur
1925 2243 2086 2294 Josephi

1117 2296 1322 2337 Blanchini
1329 2300 1570 2340 Veronensis
1583 2302 1907 2353 Congregationis
1921 2305 2090 2343 Oratorii

1117 2358 1165 2396 de
1190 2360 1286 2398 urbe
1308 2362 1534 2412 Presbyteri
1563 2363 1865 2403 dissertationes
1902 2365 2086 2415 epistola-

1117 2431 1181 2458 res
1196 2426 1369 2472 septem3
1387 2425 1624 2474 opusculum
1642 2425 1690 2463 de
1708 2426 1800 2463 vitis
1815 2427 2084 2463 Romanorum

1116 2482 1350 2521 Pontificum
1374 2496 1395 2522 a
1420 2487 1461 2522 B.
1487 2488 1601 2524 Petro
1624 2486 1811 2536 Apostolo
1827 2497 1953 2534 usquc
1977 2485 2026 2522 ad
2047 2486 2086 2523 S.

1115 2543 1282 2582 Paulum
1305 2547 1478 2595 primum
1503 2558 1552 2585 ex
1578 2548 1795 2585 Veronensi
1819 2546 1963 2583 codice.
1983 2547 2085 2583 Item

1116 2604 1223 2642 aliud
1246 2608 1483 2655 opusculum
1507 2609 1717 2646 continens
1746 2606 1930 2646 Codicein
1955 2617 2086 2644 sacra-

1117 2669 1342 2704 mentorum
1380 2672 1498 2706 vetus
1527 2670 1725 2706 Romanae
1758 2667 1960 2706 Ecclesiae
1989 2678 2012 2704 a
2042 2667 2082 2705 S.

1119 2727 1247 2764 Leone
1271 2738 1370 2777 papa
1406 2729 1654 2773 confectum,
1692 2728 1740 2766 de
1785 2738 1864 2777 quo
1906 2727 2086 2766 dicemus

1173 2905 1191 2927 a
1207 2895 1219 2933 )
1240 2896 1437 2933 Neutiquam
1459 2894 1628 2929 omnium,
1646 2892 1702 2924 scd
1726 2902 1910 2932 paucorum
1925 2902 2082 2934 quorun-

1118 2945 1194 2975 dam
1214 2944 1349 2974 sortasse
1374 2950 1392 2973 a
1418 2943 1576 2981 Gregorio
1601 2944 1639 2971 lv
1664 2942 1705 2973 ad
1737 2943 1906 2974 Nicolaum
1926 2946 1935 2972 Ι
1955 2944 2080 2982 quibus

1120 2995 1251 3024 vicinus
1271 2993 1354 3022 vixit
1372 2994 1543 3022 auctorem
1565 2999 1659 3030 posse
1676 2999 1746 3022 esse
1763 2994 1974 3023 Anastasium
1991 3017 1999 3029 ,
2019 3002 2087 3024 non

1120 3044 1192 3073 sine
1211 3049 1312 3072 causa
1335 3044 1472 3071 monent
1490 3040 1624 3071 eruditi.
1659 3041 1736 3072 Vide
1756 3049 1833 3080 prae
1856 3044 1995 3074 cacteris
2011 3044 2088 3074 Fri—

1116 3091 1219 3122 dcrici
1257 3089 1448 3128 spanheinii
1475 3092 1580 3128 opera
1605 3094 1684 3120 tom.
1708 3091 1755 3127 11,
1785 3098 1859 3129 pag.
1882 3090 1945 3120 oio
1966 3099 2036 3130 seq.
2055 3095 2088 3122 et

1125 3147 1211 3179 quac
1230 3138 1365 3177 collegit
1384 3139 1535 3169 oudinus
1556 3144 1635 3169 tom.
1661 3141 1709 3175 11,
1729 3147 1803 3178 pag.
1824 3139 1885 3168 ‘258
1902 3147 1995 3179 seqq.

1179 3187 1382 3225 1))(ὴοτιωιε
1399 3188 1615 3218 dehonorati
1636 3188 1666 3218 d'
1679 3189 1773 3218 italia
1787 3193 1867 3220 tom.
1880 3191 1992 3227 xxxi,
2011 3197 2087 3229 pag.

1125 3237 1183 3269 lifil
1198 3245 1266 3276 seq.
1284 3240 1363 3268 Acta
1381 3237 1598 3268 Erudiloruin
1616 3240 1675 3267 Au.
1696 3237 1794 3274 1711),
1810 3246 1882 3278 pag.
1906 3239 1978 3270 495.
1995 3244 2087 3270 Anno

1131 3287 1225 3325 17:³5,
1245 3294 1318 3326 pag.
1345 3285 1410 3317 153.
1430 3289 1523 3317 ¹inno
1546 3285 1638 3323 1751,
1655 3295 1715 3326 pag
1746 3287 1817 3318 54).
