2500 4009
434 253 511 291 1206

433 323 696 363 tlardinaleni.
714 335 831 374 quem
850 324 1144 373 l'raeceptorem
1163 334 1280 363 suum
1299 335 1380 362 me-

437 386 628 424 tuendum
654 385 836 435 appellat.

489 448 542 484 De
563 446 748 496 filiatione
782 446 877 484 DEI
894 446 942 485 ad
966 447 1192 485 (Ionradum
1224 449 1380 486 Warto-

435 508 685 554 bergensem.
721 510 962 547 Canonicum
1004 511 1227 548 Monasterii
1260 512 1380 549 Mem-

433 560 572 619 phelti.x
589 581 675 619 pag.
707 572 789 609 449.

490 632 670 681 Dialogus
687 644 778 671 cum
803 633 941 673 eodem
967 634 1146 674 Conrado
1170 634 1216 673 de
1240 635 1383 674 Genesi

431 696 620 741 Mosaica,
646 696 818 746 scriptus
842 696 915 734 An.
943 696 1043 735 4447
1066 726 1073 744 ,
1098 709 1184 747 pag.
1212 697 1299 736 427.

486 758 734 808 liialogorum
774 758 858 796 libri
887 759 948 797 Ν.
979 759 1053 797 An.
1079 759 1179 798 4450
1207 759 1378 802 conditi.

430 831 598 869 quorum
616 820 770 859 duobus
791 822 986 871 prioribus
1010 820 1056 859 cle
1080 821 1284 873 Sapientia
1300 822 1380 860 Au-

429 886 513 919 ctor
537 893 629 920 cum
653 882 818 921 Oratore
842 885 1016 921 Romano
1037 889 1077 921 et
1099 882 1238 931 Idi'ota,
1264 885 1379 922 tertio

431 943 478 982 (le
503 945 639 983 mentis
663 949 811 983 natura
835 958 925 985 enm
953 946 1187 997 Phlosopho.
1215 947 1379 985 Oratore

430 1012 467 1043 et
496 1006 616 1045 ldiota
636 1008 897 1057 colloquitur:
916 1013 1057 1058 quarto
1081 1019 1173 1046 cum
1197 1008 1317 1046 ldiota
1339 1013 1378 1045 et

428 1069 592 1107 Oratore
616 1069 662 1107 de
685 1070 835 1108 static-is
860 1070 1144 1120 emper-[mentis
1159 1102 1168 1118 ‚
1196 1082 1279 1121 pag.
1300 1073 1313 1110 4
1327 1071 1373 1109 47

426 1132 492 1180 qui
517 1137 744 1181 postremus
769 1138 937 1183 quartus
974 1132 1117 1183 prodiit
1147 1134 1265 1171 etiam
1307 1133 1379 1172 Ar-

428 1196 623 1238 gentorati
651 1196 664 1232 4
677 1196 778 1232 25:50.
805 1196 838 1232 4.
865 1195 912 1233 ad
942 1196 1090 1234 calcem
1118 1196 1297 1233 Vitruvii.

482 1255 536 1292 De
564 1255 708 1293 visione
733 1256 848 1296 DEI.
876 1258 960 1294 sive
985 1256 1032 1295 de
1055 1257 1173 1295 Icona
1208 1262 1248 1295 ct
1287 1258 1377 1296 faci-

429 1318 537 1355 litate
568 1320 760 1367 mysticae
790 1320 1023 1365 'l'heologiae
1047 1332 1081 1371 p.
1109 1322 1176 1360 484
1221 1320 1270 1359 ad
1300 1321 1377 1360 Ab-

426 1379 556 1416 batem
577 1384 617 1417 et
642 1380 784 1419 fratres
807 1382 1095 1432 Tegernenses.

482 1441 536 1478 De
551 1440 640 1479 lado
658 1440 766 1493 ylobc‘
786 1445 889 1482 vitae
911 1444 1108 1483 humanae
1129 1456 1198 1496 per
1212 1447 1375 1484 semitas

426 1505 592 1554 spirales
607 1511 790 1544 centrum
818 1507 931 1545 ferire
946 1507 1177 1557 gestientis,
1197 1507 1280 1546 libri
1298 1507 1376 1546 duo

427 1578 511 1616 pag.
523 1568 613 1605 ¹208.
627 1568 868 1618 dialogorum
887 1580 994 1607 more
1008 1570 1114 1619 prior
1129 1581 1219 1608 cum
1234 1570 1377 1609 Johan-

427 1641 474 1666 ne
516 1630 621 1668 Duce
650 1633 865 1679 Bavariae,
887 1632 986 1669 alter
1009 1642 1100 1670 cum
1123 1631 1285 1671 Alberto
1307 1635 1378 1671 Ba-

430 1693 561 1730 variac
586 1694 719 1741 Duce,
745 1693 1010 1732 adolescente.

479 1754 851 1806 Compendi'amsive
862 1756 1025 1795 directio
1036 1757 1378 1808 speculandaeve—

425 1817 576 1857 ritatis.
601 1817 648 1855 ad
673 1818 846 1857 eundem
871 1819 1096 1857 Albertum.
1117 1830 1202 1870 pag.
1229 1820 1317 1857 239.

478 1878 534 1915 De
558 1880 715 1918 Possest
735 1892 819 1930 past.
846 1880 935 1918 249.
962 1881 1145 1931 Dialogus
1176 1881 1376 1920 trilocuto·

430 1943 512 1978 rius
535 1952 627 1979 cum
662 1942 859 1981 Bernardo
888 1948 928 1981 et
961 1943 1168 1992 Johanne,
1198 1943 1247 1983 dc
1286 1955 1375 1995 pos-

426 2002 610 2042 sibilitate
638 2005 723 2041 sive
753 2005 917 2043 materia
948 2006 1143 2043 Universi.
1171 2006 1376 2044 Conferli-

426 2066 539 2103 hrum
564 2066 786 2105 secundum
811 2066 859 2104 de
877 2066 990 2105 docta
1011 2068 1228 2117 ignorantia
1248 2069 1375 2118 capite

427 2129 463 2164 8.
487 2140 573 2177 pag.
613 2129 687 2175 32,
715 2140 773 2177 sq.
811 2129 953 2167 librum
987 2128 1036 2167 de
1065 2130 1276 2167 venatione
1315 2141 1375 2167 sa-

428 2190 597 2238 pientiae
614 2201 697 2239 cap.
718 2192 765 2228 43
783 2201 868 2240 pag.
889 2190 963 2229 307
983 2220 990 2238 ,
1008 2195 1047 2229 et
1063 2191 1111 2229 de
1128 2192 1236 2242 apice.
1267 2192 1376 2230 theo-

428 2251 507 2287 riae
537 2262 621 2300 pag.
653 2251 742 2288 3:323.
773 2252 1068 2290 Excitationum
1109 2252 1173 2290 lib.
1203 2254 1244 2301 1,
1289 2264 1374 2304 pag.

430 2314 504 2350 3550
525 2343 531 2360 ,
558 2324 670 2363 seqq.

482 2375 537 2412 De
562 2373 707 2425 beryllo
732 2376 817 2413 sive
842 2376 1002 2426 speculo
1028 2377 1285 2416 intellectuali
1309 2389 1378 2429 per

430 2436 531 2486 quod
561 2448 624 2474 res
649 2438 938 2487 cognoscimus.
964 2449 1050 2488 pag.
1076 2438 1165 2477 267.

483 2499 537 2536 De
552 2498 642 2535 (lato
665 2499 798 2536 Patris
815 2498 1007 2537 laminam
1023 2501 1155 2539 Jacob.
1173 2502 1199 2551 1,
1228 2502 1275 2541 47
1292 2514 1377 2553 pag.

434 2562 505 2598 284
548 2560 595 2598 ad
635 2561 885 2599 (ierliardum
915 2563 1154 2614 Episcopum
1191 2564 1379 2603 Solonen-

427 2635 510 2660 sem
537 2635 585 2669 aff

485 2687 538 2723 De
562 2686 786 2736 quaerendo
812 2688 962 2726 DEUM
982 2701 1016 2739 p.
1042 2689 1111 2728 294
1155 2689 1253 2728 liber
1286 2692 1383 2729 scri-

433 2754 524 2798 ptus
549 2751 769 2799 Moguntiae
794 2750 868 2788 An.
895 2751 1008 2789 4445.

486 2811 539 2847 De
563 2811 767 2850 venatione
792 2812 1026 2863 Sapientiae
1050 2826 1083 2864 p.
1107 2814 1184 2852 298
1209 2814 1305 2853 liber
1329 2815 1384 2854 le-

438 2878 502 2910 ctu
529 2873 672 2919 dignus
698 2876 904 2925 imprimis.

490 2935 542 2973 De
562 2935 672 2986 apice
711 2935 883 2975 theoriae
921 2938 1099 2990 dialogus
1137 2950 1228 2978 cum
1270 2941 1382 2979 Petro

437 2998 631 3035 (janonico
655 3003 694 3035 et
718 2999 873 3038 Decano
898 3001 937 3038 B.
977 3002 1119 3040 Mariae
1154 3001 1379 3052 Aquensis,

440 3059 664 3098 leodiensis
687 3060 889 3100 dioecesis.
914 3075 998 3113 pag.
1026 3063 1112 3102 332.

491 3121 544 3158 De
565 3122 668 3160 1)Εο
698 3122 921 3162 abscondito
950 3125 1128 3176 dialogus
1151 3127 1319 3166 Gentilis
1342 3132 1381 3165 et

443 3182 664 3222 (Lliristiani.
692 3187 777 3237 Pag.
804 3188 891 3225 337.

498 3244 542 3280 ll.
560 3245 612 3282 De
631 3248 930 3287 annunciatione
963 3250 1004 3288 B.
1040 3250 1208 3301 Viryinis
1229 3253 1383 3292 Mariae

444 3304 611 3342 «li-votus
643 3309 834 3357 Dialogus.
860 3323 944 3361 pag.
978 3313 1065 3351 343,

501 3392 533 3419 a„
561 3385 706 3414 Fortasse
724 3389 947 3422 salonensem-

1253 252 1585 292 CUSANUS

1507 325 1802 366 Eoece'tanonmn
1825 339 1879 366 ear
1901 326 2148 367 sermonibus
2171 324 2301 365 sacris
2329 324 2392 363 Ni-

1455 389 1550 426 coiai
1576 387 1624 427 de
1649 390 1753 429 Cusa
1777 390 1861 428 libri
1887 393 1946 439 X,
1971 403 2056 442 pag.
2095 391 2183 429 349.
2220 389 2263 427 ln
2300 385 2395 426 libro

1454 454 1567 487 sexto
1591 462 1676 500 pag.
1703 452 1778 489 550
1803 451 1980 501 dialogus
2009 463 2087 503 quo
2116 450 2271 502 singula
2301 449 2396 488 Ora-

1453 513 1571 550 tionis
1595 514 1820 551 Dominicae
1844 514 1962 552 verba
1987 515 2249 565 explicantur.
2272 512 2316 550 In
2334 510 2396 548 his

1448 573 1585 612 decem
1611 575 1718 613 libris
1743 587 1818 614 non
1841 578 1998 615 invenio
2020 579 2233 628 vestigium
2249 585 2399 614 sermo-

1456 637 1517 673 nis
1545 636 1582 674 ιή
1620 636 1766 676 Psalm.
1795 639 1888 676 XXX
1906 671 1915 687 .·
1941 641 2000 678 44.
2028 641 2066 677 in
2105 649 2183 689 quo
2218 636 2400 676 Nicolaus

1455 699 1638 737 Cusanus
1669 704 1771 738 teste
1794 701 1906 739 Sixto
1931 702 2097 739 Senensi
2122 697 2185 738 lib.
2211 700 2255 748 V,
2279 708 2401 737 anno-

1455 765 1524 798 tat.
1550 762 1625 799 465
1649 761 1782 799 docuit
1804 762 2014 801 Cllristum
2038 762 2251 800 Dominum
2276 760 2396 798 susti-

1456 823 1590 860 nuisse
1616 823 1652 860 in
1679 825 1809 862 anima
1831 835 1903 862 sua
1927 823 2100 862 dolorem
2126 824 2278 862 inferni.

1506 885 1562 922 De
1588 883 1791 923 Catholica
1816 884 2108 924 Concordanti'a
2127 883 2223 923 libri
2247 885 2332 936 ΙΙΙ,
2361 896 2398 935 p.

1455 948 1530 986 683
1561 948 1696 997 scripti
1720 958 1742 986 a
1766 948 1950 996 Cusano,
1974 957 2066 985 cum
2088 950 2196 986 esset
2219 947 2401 986 Decanus

1454 1010 1492 1048 S.
1516 1010 1660 1047 l-'lorini
1688 1009 2009 1047 Constantiensis
2030 1037 2038 1052 ,
2063 1012 2241 1058 tempore
2264 1008 2403 1047 Conci-

1458 1072 1494 1109 lii
1515 1071 1753 1110 Basileensis
1771 1075 1864 1110 ante
1886 1070 2046 1110 Annum
2065 1069 2168 1110 4438
2188 1070 2402 1120 superstite

1455 1133 1584 1172 adhuc
1605 1132 1858 1183 Sigismundo
1876 1133 2127 1183 Imperatore.
2143 1131 2265 1182 Multa
2281 1132 2318 1170 in
2338 1131 2401 1170 his

1454 1197 1561 1234 libris
1598 1196 1794 1247 praeclara
1823 1195 1872 1233 de
1905 1193 2062 1245 juribus
2093 1198 2134 1234 et
2167 1194 2400 1234 auctoritate

1451 1259 1713 1298 Conciliorum
1743 1259 1928 1298 Cusanus
1951 1257 2125 1301 disserit,
2146 1260 2320 1296 testatus
2333 1256 2401 1295 do-

1450 1326 1636 1360 cumenta
1661 1332 1762 1371 quae
1799 1321 1912 1359 affert
1949 1319 2151 1370 originalia
2187 1330 2231 1358 se
2274 1319 2399 1358 multa

1450 1384 1564 1435 longo
1587 1395 1664 1423 usu
1687 1383 1837 1434 perdita
1862 1394 1932 1434 per
1968 1387 2152 1421 veterum
2189 1381 2402 1422 Coenobio-

1450 1458 1538 1485 rum
1563 1448 1756 1495 armaria,
1783 1457 1860 1484 non
1893 1446 1978 1483 sine
2017 1455 2160 1495 magna
2197 1444 2400 1496 diligentia

1449 1509 1666 1560 collegisse.
1693 1510 1737 1547 lli
1762 1512 1844 1547 tres
1874 1508 1960 1546 libri
1996 1508 2155 1558 saepius
2191 1507 2322 1546 recusi
2360 1507 2398 1544 in

1451 1572 1623 1609 Simonis
1647 1570 1824 1609 Schardii
1849 1574 2105 1621 syntagmate
2127 1569 2176 1608 de
2201 1569 2396 1620 Imperiali

1449 1635 1469 1672 J
1475 1633 1729 1672 urisdictionc
1752 1638 1792 1671 et
1806 1637 2002 1684 potestate
2018 1632 2312 1672 Ecclesiastica.
2325 1633 2399 1670 Ba-

1451 1696 1570 1734 sileac
1596 1696 1709 1734 4559.
1735 1694 1987 1746 Argentorati
2012 1693 2114 1734 4609
2138 1698 2179 1732 et
2203 1694 2318 1741 4648,
2336 1693 2398 1732 fol.

1449 1759 1658 1796 Tractatus
1676 1768 1769 1795 vero
1785 1769 1863 1808 quo
1879 1756 2035 1796 donacio
2052 1755 2299 1797 Constantini
2314 1757 2399 1795 Ma-

1449 1818 1520 1869 yni
1559 1818 1758 1869 rejicitur,
1796 1820 1938 1858 obvius
1975 1820 2013 1858 in
2051 1818 2236 1858 Orthuini
2274 1819 2399 1858 Gratii

1454 1882 1638 1920 fasciculo
1663 1893 1795 1920 rerum
1820 1880 2133 1933 expetendarum
2171 1884 2211 1919 et
2249 1880 2401 1932 fugien-

1450 1944 1590 1983 darum
1616 1955 1701 1995 pag.
1728 1944 1776 1982 79
1806 1949 1846 1983 et
1868 1955 1961 1983 cum
1981 1944 2107 1982 veteri
2131 1943 2302 1982 editione
2324 1944 2400 1982 Do-

1451 2008 1620 2045 nationis
1643 2011 1683 2045 et
1707 2007 1839 2045 Vallae
1865 2008 1901 2044 in
1923 2005 2089 2045 eandem
2112 2005 2398 2045 declamatione

1449 2080 1648 2115 excusuS,
1673 2073 1887 2119 excerptus
1908 2072 1969 2106 est
1993 2080 2042 2107 ex
2067 2068 2152 2107 libri
2177 2069 2210 2107 11
2233 2097 2242 2117 ,
2266 2069 2394 2119 capite

1454 2132 1467 2169 4
1492 2160 1498 2178 ,
1521 2142 1607 2181 pag.
1631 2130 1706 2168 780
1723 2161 1733 2178 ,
1760 2141 1843 2180 seq.
2044 2155 2046 2158 ψ

1506 2191 1704 2242 Epistolae
1733 2193 1826 2241 VII,
1852 2203 1938 2243 pag.
1970 2193 2048 2231 825
2077 2203 2245 2243 quarum
2277 2193 2401 2243 prima

1453 2254 1527 2292 An.
1552 2255 1653 2293 4442
1683 2256 1718 2292 in
1736 2254 1862 2293 diaeta
1890 2254 2227 2293 Francofordiensi
2256 2257 2399 2306 scripta

1454 2317 1502 2355 de
1527 2322 1723 2368 potestate
1748 2318 1945 2356 Romanae
1974 2317 2176 2356 Ecclesiae
2204 2317 2253 2356 ad
2281 2317 2405 2356 Rode-

1454 2381 1578 2417 rieum
1604 2379 1653 2418 de
1677 2381 1873 2429 Trevino,
1898 2379 2256 2428 Archidiaconum,
2284 2381 2402 2431 Regis

1455 2442 1649 2480 Castellac
1664 2443 1882 2481 Oratorem.
1909 2442 2098 2481 Caeterae
2123 2453 2194 2481 sex
2209 2441 2264 2481 ad
2280 2442 2400 2482 Boke-

1454 2516 1547 2554 mos,
1569 2504 1617 2543 de
1643 2516 1715 2543 usu
1734 2505 2048 2552 Communionis,
2070 2508 2110 2543 et
2127 2505 2401 2556 amplectenda

1457 2569 1600 2607 unione
1624 2567 1836 2606 Ecclesiae.
1862 2578 1948 2618 pag.
1974 2567 2063 2606 825.

1510 2632 1692 2681 Dialogus
1710 2631 1811 2669 Petri
1828 2641 1919 2669 cum
1944 2630 2109 2677 Graeco,
2132 2627 2272 2679 Arabe,
2293 2630 2401 2680 Indo,

1457 2693 1678 2742 Chaldaeo,
1698 2692 1872 2741 Judaeo,
1897 2691 2046 2742 Scytha
2065 2721 2073 2740 ,
2097 2691 2208 2731 Gallo
2227 2723 2237 2740 ,
2258 2692 2374 2731 Persa
2393 2723 2401 2743 ,

1458 2756 1582 2807 Syro,
1612 2756 1810 2805 Hispano,
1841 2756 1997 2803 Turco,
2027 2753 2273 2803 Alemanno,
2309 2755 2403 2794 Tar-

1459 2823 1541 2856 taro
1567 2848 1574 2865 ,
1605 2816 1803 2864 Armeno,
1833 2816 2032 2864 Bohemo,
2063 2819 2104 2854 et
2132 2814 2320 2866 Anglico,
2356 2816 2403 2855 de

1460 2882 1561 2919 Pace
1584 2891 1655 2919 seu
1682 2877 1971 2917 Concordantz'a
1991 2877 2126 2928 Fidei,
2147 2889 2234 2930 pag.
2259 2879 2350 2919 862.

1514 2941 1718 2982 Ονίὸναῐίο
1741 2939 1934 2979 Alcoranz'
1955 2940 2003 2979 ad
2032 2941 2143 2980 Pium
2181 2941 2402 2981 secundum

1459 3009 1607 3058 scripta
1632 3005 1704 3043 An.
1732 3004 1831 3043 4460
1858 3004 1966 3041 libris
1990 3004 2058 3050 ΙΙΙ,
2084 3014 2169 3054 pag.
2190 3003 2277 3041 869.
2300 3004 2402 3043 Haec

1458 3071 1601 3121 legitur
1630 3069 1747 3106 etiam
1779 3067 1816 3103 in
1847 3065 2039 3104 Theodori
2078 3064 2288 3104 Bibliandri
2321 3066 2402 3116 syl-

1454 3135 1539 3183 loge
1590 3132 1824 3182 scriptorum
1862 3126 2057 3166 adversus
2093 3125 2403 3167 Muhamedanos

1457 3195 1571 3235 Basil.
1598 3194 1725 3241 4543,
1755 3190 1818 3229 fol.

1512 3256 1748 3308 Conjeccura
1771 3252 1816 3292 de
1839 3249 2063 3291 novissimis
2091 3248 2229 3289 diebus
2259 3263 2294 3302 p.
2327 3253 2403 3294 932

1459 3323 1495 3359 in
1527 3331 1604 3371 qua
1630 3320 1730 3356 inter
1753 3317 1847 3356 aiia:
1875 3314 1925 3352 Et
1947 3311 2146 3352 videbitur
2165 3324 2252 3364 ipsa
2271 3313 2404 3353 Eccle-

1451 3384 1512 3422 sia
1541 3379 1722 3431 ear-tingue?
1735 3410 1744 3428 ,
1770 3376 1865 3428 quia
1901 3374 2029 3415 sancti·
2050 3373 2223 3427 Apostoli
2243 3379 2400 3417 satores
