2500 3841
887 207 1390 249 ANCILLORUM

118 281 263 327 Legum
279 275 551 326 Anglicarum.
573 275 699 314 Oxon.
725 276 824 316 4720
843 278 866 315 8
880 277 978 318 Acta
992 279 1093 319 Eru-

114 340 287 378 ditorum
304 342 398 376 tom.
415 337 503 376 VIII
524 338 721 389 supplem.
738 350 824 389 pag.
843 340 919 379 325
935 342 1090 380 Hearnii

118 402 242 451 ipsius
264 399 492 438 dissertatio
513 398 649 437 itidem
669 398 832 450 Anglice
851 400 956 440 edita
979 413 1091 453 sepa—

115 463 231 500 ratim
255 461 304 500 de
331 460 654 511 Antiquitatibus
683 461 921 511 quibusdam
948 474 1089 502 recens

117 523 292 561 inventis
307 524 346 561 in
361 523 554 561 comitatu
569 522 824 561 Eboracensi.
838 524 964 562 Oxon.
987 523 1086 563 4740

115 580 200 623 8.*0.
223 583 321 624 Vide
353 585 565 623 memorias
605 583 816 623 litterarias
839 585 1087 624 Trevoltinas

114 644 160 685 A.
197 644 316 697 4743,
340 656 427 697 pag.
461 645 541 684 287
563 650 604 684 et
641 646 742 684 Dan.
765 647 1008 697 Larroquani
1037 647 1086 685 ad

115 707 329 746 Hearnium
348 707 567 758 Epistolam
588 718 690 758 quae
715 707 753 745 in
775 707 915 746 iisdem
936 719 1086 747 memo-

116 768 186 807 riis
209 768 354 820 legitur
376 780 463 820 pag.
487 770 603 809 4534.

168 828 332 881 Anglice
352 832 472 870 etiam
488 832 537 871 ab
559 832 728 871 Hearnio
752 831 904 871 editum
928 830 1091 871 Robertc‘

117 890 418 932 Glocestriensis
447 893 671 933 Chronicon
699 893 864 945 Angliae
882 923 890 942 ,
911 893 1086 932 carmine

113 955 310 1005 scriptum
331 954 521 1006 Anglico,
546 955 653 994 unde
675 955 871 994 Robertus
895 955 983 1002 hic,
1007 955 1088 993 En-

115 1016 206 1054 nius
237 1014 400 1067 Angliae
432 1017 481 1055 ab
503 1017 654 1056 editore
687 1018 896 1056 salutatur.
916 1014 1086 1054 Additur

113 1076 164 1115 ab
182 1076 321 1115 eodem
342 1076 578 1128 glossarium
595 1108 603 1127 ‚
627 1082 667 1117 et
690 1078 927 1126 Anonymus
941 1075 991 1114 de
1012 1076 1084 1113 mi-

114 1138 303 1178 rabilibus
325 1140 577 1188 Britanniae,
601 1144 643 1178 et
668 1136 868 1179 ll't'lhelmi
882 1135 1085 1177 Malverne

113 1199 277 1239 Abbatis
319 1201 496 1240 fundatio
533 1200 722 1239 Abbatiae
765 1199 1082 1237 Glocestriensis.

113 1262 288 1301 Oxoniae
301 1262 400 1301 4724
416 1263 500 1310 85⁰,
517 1262 672 1300 duobus
680 1261 969 1300 Voluminibus.
984 1258 1084 1299 Acta

114 1322 372 1362 Erudit-orum
388 1327 482 1362 tom.
507 1324 575 1362 IX.
593 1323 871 1373 Supplementi
890 1332 977 1372 pag.
994 1320 1082 1360 373.

171 1383 286 1423 Petri
295 1383 495 1436 Lanytosh'
507 1384 730 1425 Chronicon
745 1384 1019 1434 rhythmicum
1035 1396 1085 1422 ex

115 1446 264 1485 Gallico
278 1445 442 1496 Anglice
449 1457 613 1485 versum
627 1451 872 1496 auctumque
887 1444 1085 1485 aRoberto

114 1506 341 1558 Mannmyio
373 1507 625 1556 Brunnensi,
652 1519 745 1547 cum
778 1509 967 1558 glossario
981 1538 991 1557 ,
1018 1520 1088 1547 va—

117 1569 266 1619 riisque
281 1569 444 1608 editoris
456 1568 753 1620 appendicibus.
770 1571 948 1609 oxoniae
966 1569 1085 1620 4725,

114 1630 138 1667 8
165 1629 322 1669 duobus
342 1631 632 1671 voluminibus,

169 1693 230 1731 43.
256 1693 429 1731 Thomae
469 1694 637 1731 Hearnio
668 1692 900 1744 jungendus
934 1694 1088 1735 ANTO-

115 1754 232 1793 NIUS
255 1753 472 1804 HALLUS,
496 1757 559 1794 cui
583 1759 623 1794 et
647 1757 721 1807 ipsi
750 1757 974 1807 praeclaras
1007 1755 1088 1795 edi-

115 1817 244 1854 tiones
261 1817 299 1854 in
316 1817 488 1867 acceptis
505 1818 716 1856 referimus
724 1817 914 1857 Johanms
922 1817 1086 1858 Lelandi

112 1877 272 1927 quidem
290 1878 339 1916 de
355 1879 621 1928 Scriptoribus
637 1880 889 1928 Britannicis,
906 1881 1081 1919 Oxoniae

113 1938 242 1989 4709,
268 1939 292 1976 8
315 1943 356 1977 et
385 1938 543 1978 Nicolaa·
566 1940 716 1979 Trt'veta‘
740 1941 981 1991 Annalium,
1007 1953 1078 1981 sex

109 2001 262 2051 Regum
276 2000 439 2051 Angliae
454 2002 503 2040 ab
517 2001 633 2040 Anno
651 2003 753 2042 4436
769 2003 819 2041 ad
840 2003 954 2042 4307.
975 2004 1080 2042 Oxo-

110 2062 198 2100 niae
223 2061 272 2101 47
276 2063 325 2101 49
338 2093 347 2111 ,
363 2063 389 2100 8
410 2061 554 2101 deinde
570 2064 917 2103 Continuationem
935 2076 1078 2104 eorun-

107 2122 200 2161 dem
222 2122 437 2163 Annalium
457 2124 506 2163 ab
528 2123 740 2176 Anonymo
775 2126 988 2165 deductam
1025 2127 1075 2165 ad

108 2184 270 2224 Annum
307 2186 408 2224 4336
439 2197 533 2225 cum
565 2186 713 2225 Adami
746 2187 1076 2227 Marimathensis

107 2247 301 2287 Chronico
323 2247 372 2286 ab
392 2246 507 2287 Anno
542 2249 644 2288 4303
669 2250 718 2288 ad
747 2251 849 2289 4336
878 2255 919 2289 et
942 2251 1078 2290 Conti-

111 2310 300 2348 nuatione
318 2308 520 2360 Anonymi
539 2311 590 2350 ad
607 2310 884 2352 Annuml380
905 2324 978 2352 nec
999 2324 1077 2351 non

64 2392 68 2395 -
107 2369 274 2408 Joanm's
292 2370 452 2409 Bosloni
473 2373 641 2423 Speculo
665 2374 992 2422 Coenobitarum,
1013 2374 1077 2412 vel

108 2435 217 2470 certe
235 2431 324 2481 ejus
345 2432 528 2483 Epitome
544 2448 551 2472 :
570 2439 689 2485 atque
705 2435 908 2474 Edmundi
927 2434 1084 2474 Boltoni

107 2491 390 2541 Hypercriticis
405 2523 415 2542 ,
440 2505 512 2533 seu
534 2495 813 2535 dissertatione
836 2499 981 2548 scripta
997 2498 1078 2536 An-

108 2551 206 2601 glice
222 2581 231 2600 ,
246 2552 363 2602 cujus
386 2555 653 2605 fragmentum
668 2559 864 2598 llearnius
888 2561 927 2596 in
944 2558 1078 2597 Vindi-

106 2614 177 2651 ciis
209 2613 373 2652 Galfridi
409 2617 752 2658 Monumethensis
789 2620 1073 2671 publicaverat.

106 2673 251 2712 Prodiit
287 2674 359 2712 hoe
382 2674 542 2714 Antonii
577 2679 674 2717 Halli
707 2681 897 2720 volumen
934 2681 1075 2719 Oxonii

107 2735 212 2775 4722
234 2736 271 2774 8.
294 2737 350 2775 De
379 2741 548 2787 utroque
570 2739 661 2777 vide
685 2739 784 2780 Acta
812 2742 1070 2782 Eruditorum

108 2796 225 2845 4722,
241 2809 328 2849 pag.
345 2799 421 2851 405
435 2804 476 2837 et
490 2803 584 2838 tom.
602 2801 668 2838 IX.
692 2802 966 2852 Supplementi
983 2816 1069 2855 pag.

107 2860 174 2899 484
205 2864 246 2898 et
269 2859 317 2899 de
347 2860 517 2900 Lelando
547 2862 759 2900 Historiam
782 2874 947 2914 operum
970 2865 1070 2904 Eru-

102 2921 275 2961 ditorum
298 2920 461 2973 Anglice
484 2922 631 2961 editam
655 2923 699 2962 A.
730 2924 847 2972 4709,
868 2937 954 2977 pag.
977 2929 1064 2967 443.

157 2984 219 3023 44.
235 2984 420 3023 THOMAE
435 2986 625 3024 RYMERI
639 2986 945 3038 Historiographi
959 2990 1068 3039 Regii

102 3045 280 3084 collectio
304 3057 447 3097 magna
470 3046 661 3086 Actorum
689 3048 934 3098 publicorum
954 3078 962 3098 ,
988 3050 1068 3089 foe-

102 3106 270 3156 derum,
292 3107 554 3158 diplomatum
577 3114 652 3148 etc.
677 3109 727 3148 ad
751 3121 869 3160 regna
890 3110 1066 3161 Angliae,

102 3168 281 3218 Scotiae,
305 3170 510 3210 Hiberniae
535 3173 802 3222 spectantium
827 3172 875 3210 ab
899 3174 1065 3211 Henrico

104 3229 119 3267 l
143 3230 230 3268 sive
253 3229 302 3268 ab
322 3229 437 3271 Anno
451 3232 603 3272 CHristi
625 3234 719 3273 4101
741 3233 787 3272 ad
803 3244 951 3272 annum
970 3235 1066 3274 duo-

104 3289 301 3330 decimum
317 3293 448 3333 Jacobi
466 3297 580 3345 primi
598 3297 729 3347 Regis,
746 3307 796 3335 ex
811 3296 1064 3348 autographis

2054 210 2122 248 101

1165 281 1427 321 Archivorum
1447 282 1658 333 Regiorum
1675 291 1865 332 expressa
1880 282 1923 329 a)
1946 282 2133 332 auspiciis

1165 344 1335 393 Reginae
1359 343 1511 383 ANNAE
1534 343 1733 393 publicata
1755 342 1920 381 Londini
1943 343 1992 381 ab
2015 343 2130 382 Anno

1169 405 1270 443 4704
1285 405 1333 444 ad
1357 405 1458 444 4715
1477 405 1650 444 sedecim
1665 405 1940 444 voluminibus
1954 406 1993 442 in
2013 405 2073 443 sol.
2090 405 2130 452 b)

1167 471 1207 504 et
1229 478 1277 504 ex
1296 469 1461 517 repetita
1481 467 1651 505 editione
1667 466 1876 505 emendata
1897 470 1937 504 et
1951 466 2133 516 suppleta

1162 541 1183 567 a
1211 529 1454 566 nobilissimo
1491 528 1745 567 HOLMESIO
1768 528 1814 576 c)
1837 528 1911 566 An.
1943 528 2044 568 4729
2071 539 2132 566 se-

1167 591 1393 641 ptendecim
1415 589 1702 628 Voluminibus.
1721 590 1823 628 Cum
1842 591 1982 640 prioris
1997 589 2134 628 editio—

1166 653 1227 690 nis
1247 653 1419 702 pretium
1444 654 1553 688 esset
1578 652 1772 698 immane,
1798 653 1834 688 in
1858 653 2033 689 sectione
2061 662 2132 701 pu-

1160 713 1260 752 blica
1300 723 1457 762 quoque
1495 716 1658 750 centum
1692 717 1732 749 et
1768 715 1909 763 viginti
1939 713 2131 752 librarum

1163 775 1458 824 sterlingarum‚
1478 773 1550 811 hoc
1567 777 1630 810 est
1647 773 1888 812 thalerorum
1904 776 1993 824 600,
2010 775 2131 812 etiam

1159 836 1353 885 posterior
1368 835 1481 882 haec,
1498 834 1616 884 cujus
1636 838 1794 872 tantum
1811 834 1982 873 ducenta
1997 845 2133 873 exem-

1160 897 1225 947 pla
1240 897 1347 946 typis
1364 896 1563 946 exscripta
1588 899 1685 934 sunt
1700 927 1710 943 ,
1728 895 1918 934 venditur
1933 898 2133 946 quinqua-

1160 958 1269 1008 ginta
1299 958 1432 996 numis
1460 959 1591 996 aureis
1620 958 1942 1003 Gvineensibus,
1968 958 2041 995 hoc
2069 962 2131 995 est

1160 1020 1325 1058 thaleris
1360 1019 1544 1058 ducentis
1568 1025 1609 1058 et
1647 1020 1949 1070 quinquaginta.
1984 1020 2133 1068 Regina

1157 1079 1302 1120 ANNA
1329 1080 1434 1119 diem
1458 1081 1553 1119 obiit
1576 1080 1651 1120 An.
1679 1081 1796 1129 4744,
1832 1081 1971 1120 eodem
1996 1091 2074 1130 quo
2093 1084 2133 1118 et

1157 1145 1381 1194 Rymerus:
1407 1154 1480 1182 nec
1504 1143 1572 1183 diu
1594 1148 1685 1195 post
1709 1144 1876 1183 Carolus
1903 1143 2050 1182 Comes
2082 1142 2130 1179 30

1158 1203 1246 1255 Maji
1271 1203 1316 1243 A.
1339 1204 1454 1244 4715.
1472 1207 1565 1243 Post
1581 1207 1743 1256 Rymeri
1768 1206 1848 1244 fata
1868 1205 2133 1244 ROBERTUS

1159 1267 1456 1307 SANDERSON
1480 1272 1634 1306 tomum
1652 1269 1740 1307 XVI
1760 1268 1808 1306 ab
1823 1267 1938 1306 Anno
1961 1268 2063 1306 4586
2084 1267 2133 1305 ad

1161 1330 1263 1368 4616
1287 1341 1336 1367 ex
1362 1328 1520 1367 schedis
1542 1331 1820 1379 Rymerianis,
1842 1329 1884 1377 d)
1909 1334 1950 1367 et
1976 1333 2130 1368 tomum

1159 1393 1267 1431 XVII
1305 1393 1373 1442 qui
1411 1392 1449 1429 in
1487 1391 1601 1429 Anno
1637 1391 1738 1430 4621-
1764 1391 1937 1440 desinit,
1977 1391 2132 1441 proprio

1161 1453 1291 1492 studio
1319 1452 1530 1504 adjunxit⁷
1555 1454 1774 1492 recentiora
1802 1454 1922 1491 etiam
1949 1457 2129 1503 tempora

1161 1516 1344 1555 similiter
1367 1519 1679 1566 persecuturus,
1701 1517 1804 1554 sicut
1829 1515 1906 1554 iam
1931 1514 2006 1554 An.
2028 1512 2130 1554 4726

1160 1580 1291 1618 lucem
1308 1578 1408 1616 vidit
1423 1578 1464 1627 e)
1486 1582 1620 1617 tomus
1633 1578 1759 1616 XVIII
1775 1578 1843 1627 qui
1857 1576 1958 1615 Acta
1973 1576 2130 1627 publica

1161 1652 1357 1681 annorum
1397 1641 1499 1680 4625
1530 1644 1572 1678 et
1610 1640 1711 1679 4626
1742 1639 1930 1686 exhibet,
1955 1639 2131 1687 itemque

1161 1704 1263 1743 alius
1287 1703 1360 1741 An.
1391 1702 1506 1742 4732.

1214 1764 1236 1787 *
1252 1766 1466 1814 Postquam
1488 1764 1585 1802 baec
1606 1763 1808 1801 Fabricius
1824 1762 2038 1812 scripserat
2052 1759 2130 1799 col-

1160 1825 1371 1865 lectionem
1402 1825 1504 1864 hanc
1536 1826 1818 1875 Rymerianam
1848 1823 1897 1862 ad
1926 1823 2130 1862 volumina

1157 1888 1233 1925 XX
1261 1886 1344 1937 jam
1381 1891 1579 1925 accretam
1623 1888 1766 1923 iterum
1804 1886 1910 1935 typis
1953 1885 2130 1923 subiece-

1154 1952 1249 1987 runt
1277 1949 1482 2000 Hagenses
1513 1947 1761 1999 Typographi
1780 1978 1787 1997 ‚
1809 1948 1878 1996 qui
1909 1946 2130 1984 minutiori-

1151 2011 1226 2049 bus
1255 2012 1362 2061 typis
1391 2021 1626 2061 expressam
1656 2010 1704 2048 ad
1736 2014 1868 2047 tomos
1898 2010 1934 2046 X
1963 2007 2126 2057 redege-

1150 2076 1257 2110 runt.
1288 2073 1425 2122 Coepit
1456 2071 1575 2109 editio
1606 2071 1669 2109 illa
1699 2083 1761 2109 an.
1793 2070 1906 2110 4737.

1206 2135 1219 2172 4
1231 2132 1430 2172 5LEGES
1437 2136 1586 2172 veteres
1594 2132 1625 2171 A
1632 2143 1679 2183 ny
1685 2131 1825 2179 lorum,
1835 2133 2040 2171 Scotorum
2048 2135 2121 2168 etc.

1205 2194 1391 2233 Gut‘lelmz‘
1402 2193 1624 2233 Lambardt
1648 2194 1946 2239 Archaenomia,
1957 2194 2041 2230 sive
2057 2203 2126 2229 an-

1153 2258 1286 2307 tiquae
1302 2258 1409 2308 leges
1424 2257 1783 2308 Anglo-Saxonum
1799 2255 1988 2293 collectae
2008 2265 2030 2292 a
2051 2253 2126 2291 Lu-

1207 2468 1240 2506 a)
1263 2471 1402 2502 Kenncti
1421 2471 1579 2510 Episcopi
1595 2469 1872 2509 petroburgensis
1890 2472 2049 2502 censura,
2064 2466 2122 2495 Bi·

1152 2517 1321 2557 blioteque
1338 2519 1494 2559 Angloise
1513 2523 1593 2551 tom.
1613 2521 1669 2549 ΧΗ
1684 2544 1694 2556 ,
1713 2526 1790 2557 pag.
1812 2516 1875 2547 266
1893 2523 1964 2553 seq.

1206 2566 1242 2605 b)
1265 2568 1499 2607 Bibliotheque
1523 2568 1656 2599 choisie
1680 2572 1761 2599 tom.
1784 2568 1872 2602 xvi,
1895 2572 1970 2603 pag.
1997 2562 2011 2592 1
2038 2565 2119 2593 tom.

1148 2617 1224 2654 XX,
1242 2624 1318 2656 pag.
1340 2616 1383 2648 47
1409 2621 1490 2648 tom.
1508 2619 1575 2648 XXI
1591 2642 1600 2655 ‚
1626 2625 1702 2656 pag.
1726 2615 1808 2652 118,
1832 2614 1894 2644 255
1913 2617 1993 2644 tom.
2014 2613 2096 2642 xxi!
2114 2635 2123 2650 ‚

1146 2674 1222 2705 pag.
1238 2666 1301 2696 525
1321 2670 1401 2697 tom.
1418 2669 1518 2697 xxlll
1533 2692 1542 2704 ,
1562 2674 1638 2706 pag.
1654 2666 1716 2696 257
1734 2669 1814 2695 tom.
1831 2664 1946 2700 xxiv,
1965 2670 2040 2702 pag.
2059 2662 2122 2692 257

1144 2720 1226 2746 tom.
1245 2716 1359 2753 xxm,
1378 2724 1454 2755 pag.
1475 2715 1488 2745 1
1509 2721 1573 2747 etc.
1593 2719 1682 2752 Quae
1699 2718 1789 2745 tomo
1806 2712 1923 2752 primo
1940 2713 2121 2743 continen-

1146 2767 1200 2794 tur
1215 2787 1224 2802 ‚
1241 2764 1315 2795 vide
1334 2765 1368 2795 in
1386 2765 1475 2795 Actis
1488 2764 1707 2795 Eruditorum
1731 2766 1826 2793 Anno
1847 2760 1927 2792 1709
1940 2784 1949 2799 ,
1966 2760 2123 2801 pag.5⁵.’3l

1145 2813 1298 2844 secundo
1313 2816 1408 2844 Anno
1431 2812 1511 2843 1710
1528 2837 1537 2851 ,
1554 2821 1632 2852 pag.
1647 2813 1688 2843 87
1706 2810 1812 2842 tertio
1831 2815 1862 2843 et
1879 2815 2006 2850 quarto
2021 2813 2117 2841 Anno

1142 2862 1223 2893 1710
1238 2886 1247 2900 ,
1266 2871 1342 2903 pag.
1361 2863 1425 2893 225
1443 2863 1568 2902 quinto
1597 2866 1629 2894 et
1647 2866 1750 2893 sexto
1767 2865 1858 2893 tomo
1878 2860 1926 2892 lv.
1944 2860 2114 2900 supplem.

1139 2922 1214 2953 pag.
1231 2913 1292 2944 529
1321 2912 1471 2952 septimo
1499 2916 1532 2943 et
1557 2916 1681 2943 octavo
1714 2915 1809 2942 Anno
1836 2909 1940 2947 1711,
1964 2917 2040 2949 pag.
2058 2908 2120 2940 259

1138 2970 1231 2993 ηοηο
1256 2965 1317 2993 An.
1342 2961 1447 2999 1712,
1467 2970 1543 3002 pag.
1568 2962 1609 2992 97
1635 2962 1770 2992 decimo
1796 2964 1857 2992 An.
1880 2959 1985 2999 1715,
2006 2967 2081 2998 pag.
2098 2959 2118 2989 8

1141 3012 1326 3043 undecimo
1349 3016 1430 3042 tom.
1454 3013 1508 3042 Vl.
1542 3011 1773 3051 supplementi
1804 3019 1878 3051 pag.
1902 3009 1964 3041 289
1986 3009 2120 3039 ‹luode-

1138 3062 1227 3092 cimo
1242 3060 1497 3101 An.1716,pag.
1514 3060 1580 3092 515
1595 3061 1844 3092 decimotertio
1856 3062 2016 3094 tom.Vss.
2031 3062 2116 3100 Sup-

1141 3111 1239 3150 plem.
1257 3119 1334 3151 pag.
1353 3110 1428 3141 242.

1194 3160 1226 3198 c)
1252 3160 1388 3191 Journal
1409 3160 1572 3194 litteraire
1593 3165 1674 3193 tom.
1695 3163 1767 3191 xil!
1781 3184 1791 3198 ‚
1815 3168 1894 3200 pag.
1909 3159 1984 3191 474.

1195 3208 1230 3248 d)
1253 3212 1333 3241 Acta
1350 3210 1567 3243 Eruditorum
1582 3214 1619 3244 Α.
1643 3210 1718 3242 1721
1735 3235 1744 3249 ,
1763 3218 1796 3249 p.
1815 3210 1877 3242 506
1892 3210 1952 3242 ubi
1970 3211 2010 3243 dc
2026 3213 2107 3247 lom.

1136 3261 1204 3291 xlv
1222 3262 1255 3291 et
1273 3266 1345 3298 seq.

1193 3310 1225 3349 c)
1250 3313 1330 3343 Acta
1354 3309 1459 3342 Erud.
1484 3313 1520 3342 A.
1541 3308 1645 3348 1728,
1664 3318 1738 3352 pag.
1766 3309 1832 3342 103.
