2500 4009
363 206 441 245 360

367 277 630 315 vetustiorum
651 276 828 326 sapuisse
847 302 855 319 ,
873 272 943 310 scd
970 274 1089 311 ctiam
1110 263 1317 312 deflorato-

366 350 454 377 rum
468 340 658 377 institisse
670 336 858 384 vestigiis
867 339 908 372 ut
918 333 1046 373 Bedae
1060 345 1105 372 ac
1113 334 1319 375 Primasii.

417 402 464 438 In
500 402 614 438 Josuc
630 430 638 445 ,
677 403 716 434 ct
755 394 941 433 Jucle'cum
982 397 1059 435 MS.
1104 397 1317 438 Colbcrtin.

365 463 479 501 5429.
511 466 610 498 teste
639 457 780 512 Jacobo
810 457 845 495 le
875 458 982 507 Long
1011 469 1098 509 pag.
1129 459 1217 498 677.
1256 462 1320 500 Β1-

363 524 576 563 bliothcme
601 521 850 569 Exegcticae.

415 586 461 623 In
480 582 580 622 Ruth
596 613 606 629 ,
623 582 700 619 MS.
722 580 902 619 Biblioth.
926 582 1069 631 Belgic.
1093 584 1198 635 apud
1220 585 1320 624 San-

362 648 497 685 dorum
519 656 603 695 pag.
626 644 714 682 308.
748 644 788 681 In
806 644 912 682 Ruth
933 649 974 682 et
996 643 1118 685 libros
1142 648 1317 698 Rcyzcm,

359 709 527 748 Mutinae
542 706 618 744 MS.
641 710 743 744 teste
767 705 1026 746 celeberrimo
1041 709 1318 748 Montfaucono

358 770 473 809 Diarii
499 768 620 807 Italici
640 779 726 819 pag.
749 768 810 806 36.
833 768 878 806 In
898 768 1078 809 Psalmos
1099 783 1257 821 quoque
1278 776 1319 811 et

361 830 620 872 Coneordcam
638 830 991 882 Evanyele'starwn
1012 834 1186 873 Joannes
1207 836 1319 874 Jaco-

358 896 432 934 bus
457 895 606 934 Frisius
629 899 928 934 commemorat.

410 958 587 1007 Denique
618 956 839 997 Chronicon
867 958 987 997 etiam
1026 958 1119 998 huic
1155 959 1319 999 Claudio

357 1019 493 1058 tribuit
524 1019 727 1067 LabbeuS,
757 1019 863 1070 quod
899 1019 948 1059 ab
976 1032 1022 1060 eo
1051 1021 1205 1061 editum
1238 1022 1320 1061 dixi

355 1093 475 1132 supra
504 1086 548 1121 ut
578 1081 875 1121 emendandum
905 1084 985 1132 sit,
1012 1082 1122 1134 *quod
1148 1084 1197 1123 de
1221 1084 1320 1124 Lab-

355 1144 426 1183 beo
450 1145 556 1195 legas
580 1156 639 1196 ap.
666 1143 872 1184 laudatum
899 1147 1078 1197 Longum
1103 1158 1190 1197 pag.
1228 1146 1318 1186 667.

355 1207 618 1246 Bibliothecae
635 1208 873 1258 Exegeticae
889 1237 898 1257 ,
916 1207 989 1260 qui
1001 1207 1122 1261 hujus
1142 1220 1221 1247 non
1236 1219 1320 1248 esse

355 1269 495 1308 merito
519 1268 764 1320 suspicatur.
789 1269 890 1320 Ejus
914 1281 1004 1310 esse
1028 1273 1135 1310 enim
1161 1283 1239 1310 non
1263 1276 1322 1311 te-

354 1343 462 1371 mere
478 1333 668 1382 suspicari
691 1344 734 1371 se
752 1333 961 1384 profitetur
978 1333 1159 1373 Labbeus
1175 1365 1183 1385 ,
1200 1334 1319 1385 idque

355 1396 498 1446 repetit
525 1399 618 1433 tom.
646 1395 679 1433 lI
704 1394 752 1433 de
777 1395 816 1435 S.
838 1397 882 1434 E.
908 1408 944 1446 p.
971 1397 1062 1435 288.

409 1458 664 1497 CLAUDIUS
698 1459 922 1509 Episcopus
951 1459 1212 1499 Massiliensis
1241 1460 1319 1510 pri—

357 1532 491 1568 mum,
518 1519 661 1559 deinde
686 1519 735 1558 ad
759 1520 831 1559 An.
861 1521 965 1560 1517
1000 1521 1048 1560 ad
1075 1524 1192 1562 1520.
1220 1522 1320 1561 Tau—

351 1582 525 1621 rinensis
542 1582 875 1633 Archiepiscopus
891 1613 898 1632 ,
915 1585 1149 1632 cognomine
1171 1585 1320 1623 SEYS-

352 1646 558 1692 SELIIJS,
591 1644 714 1690 idem,
746 1646 812 1694 qui
843 1657 864 1683 a
895 1647 1021 1695 patria
1052 1646 1247 1686 Claudius
1271 1645 1317 1685 cle

350 1707 477 1758 Aquis
498 1709 530 1756 a)
557 1706 917 1755 di‹.·tus,1.udovici
938 1710 1012 1747 XII
1033 1709 1182 1749 Galliae
1198 1710 1316 1760 Regis

350 1769 398 1808 ad
425 1771 555 1808 varios
577 1770 778 1820 Principes
799 1771 971 1821 Legatus
991 1801 999 1816 ,
1019 1773 1127 1810 Juris
1147 1772 1315 1810 selentia

350 1832 516 1870 celebris
540 1837 579 1869 et
605 1833 724 1869 variiS
754 1834 915 1883 scriptis
944 1834 1080 1872 Latine
1104 1839 1145 1873 et
1166 1834 1316 1873 Gallice

351 1893 497 1940 cditis,
528 1893 591 1931 vel
618 1895 655 1931 in
680 1894 874 1932 Gallicam
905 1894 1079 1945 linguam
1110 1896 1316 1935 translatis

354 1956 497 1993 samam
515 1959 738 1994 assecutus.
758 1957 895 1995 Latina
915 1961 1010 1996 sunt
1027 1970 1034 1996 :
1052 1958 1098 1995 In
1113 1958 1194 1996 tria
1204 1957 1315 2009 prio-

348 2029 398 2055 ra
415 2018 543 2055 Lucae
567 2017 700 2069 capita
714 2049 724 2066 ,
743 2017 789 2056 de
810 2017 966 2070 triplici
987 2022 1096 2058 statu
1114 2020 1286 2059 Victoris
1302 2052 1311 2068 ‚

353 2081 637 2128 poenitentium
658 2109 665 2126 ,
684 2080 974 2130 proficientium
991 2086 1030 2119 et
1046 2083 1313 2131 perfectorum

352 2141 398 2178 ad
420 2142 588 2178 Leonem
607 2142 655 2179 X.
671 2143 831 2180 Taurini
850 2144 952 2181 1518
971 2172 978 2190 ,
995 2143 1057 2181 fol.
1073 2142 1190 2193 eujus
1208 2155 1314 2182 com-

354 2203 535 2239 mentarii
560 2213 652 2251 pars
676 2203 804 2240 lucem
830 2203 984 2242 viderat
1005 2206 1162 2243 Parisiis
1184 2206 1311 2253 1514,

354 2263 387 2299 4.
414 2263 488 2300 sub
512 2263 650 2301 titulo:
676 2263 841 2302 Moralis
865 2264 1080 2316 eoepli'catz'o
1107 2265 1316 2316 Evanqelu‘

353 2318 506 2361 Lucae:
531 2326 675 2363 Missus
704 2333 766 2363 cst
795 2325 985 2377 Angelus.
1015 2327 1312 2378 Disputationes

352 2386 548 2425 adversus
570 2400 729 2427 errores
750 2393 786 2427 et
805 2393 952 2428 sectam
976 2390 1246 2430 it'aldensz'um
1261 2391 1310 2438 b).

354 2450 510 2487 Parisiis
537 2451 664 2500 1520,
697 2451 731 2488 4.
768 2452 824 2489 De
860 2451 1007 2492 Divina
1041 2452 1309 2492 Providentia.

354 2512 509 2550 Parisiis
528 2513 630 2550 1518
649 2542 656 2560 ,
675 2514 695 2551 4
717 2518 757 2551 ct
780 2514 880 2553 1637
901 2544 908 2563 ,
928 2516 961 2553 4.
984 2514 1196 2566 Speculum
1209 2516 1312 2554 Feu-

352 2572 505 2611 ‹lm-um.
546 2575 721 2613 Basileac
762 2578 889 2624 1566,
928 2578 968 2616 8.
992 2576 1221 2617 Λάιίίίίοιιεε
1257 2577 1313 2616 ad

350 2635 580 2674 Bartlzolum
609 2642 648 2675 et
681 2636 835 2689 aliquot
866 2639 1114 2691 repete'tzoncs
1144 2639 1184 2678 in
1211 2641 1310 2679 Jure

355 2697 473 2737 Civili·
494 2700 595 2737 inter
619 2701 750 2738 varios
776 2703 1055 2751 repetitionum
1087 2704 1192 2742 Juris
1215 2705 1311 2742 scri-

351 2765 507 2810 ptores,
529 2759 700 2810 junctim
725 2762 851 2801 editos
882 2764 1062 2814 Lugduni
1089 2767 1217 2816 1553,
1245 2766 1307 2805 fol.

405 2823 551 2861 Gallice
577 2825 735 2874 scripsit
766 2825 994 2877 historiam,
1020 2828 1105 2865 sive
1135 2839 1312 2880 panegy—

354 2885 474 2923 ricum
501 2885 606 2924 lectu
636 2886 799 2936 dignum
831 2888 1021 2927 Ludovici
1044 2890 1130 2928 XII.
1155 2890 1307 2939 editum

353 2948 506 2986 Parisiis
524 2950 639 2988 1508.
657 2960 689 2996 c,
709 2950 743 2987 8.
769 2949 839 2999 (dc
856 2962 933 3001 quo
949 2952 1122 2991 Jacobus
1142 2953 1178 2991 10
1200 2954 1308 3003 Long

407 3089 435 3117 a,
464 3081 568 3111 Guiilo
581 3081 789 3113 Pancirollus
807 3081 864 3114 lib.
884 3084 923 3114 ΙΙ.
942 3083 981 3115 de
999 3085 1238 3125 interpretibus
1266 3088 1320 3117 Ju-

348 3134 391 3161 riz
409 3138 480 3169 cap.
504 3130 572 3160 157.
589 3133 740 3162 Nisseron
760 3134 932 3164 Memoires
950 3138 1029 3165 torn.
1047 3137 1152 3167 xxiv.
1173 3144 1205 3175 p.
1223 3136 1296 3167 52⁶2.

409 3179 443 3217 b)
471 3181 667 3211 possevinus
692 3183 804 3212 nescio
826 3190 923 3221 quem
948 3185 1145 3215 CLAUDIUM
1171 3186 1322 3215 (lassor-

354 3229 449 3257 ‹liurn
482 3231 527 3258 ait
560 3232 730 3268 scripsisse
767 3236 893 3262 contra
921 3234 1152 3273 waldenses,
1177 3243 1320 3274 eumque

346 3279 469 3310 librum
493 3283 630 3310 exstare.

411 3337 439 3365 c,
466 3327 694 3360 liniendandus
729 3333 935 3371 morbertus,
960 3336 1017 3372 qni
1057 3334 1144 3366 lianc
1182 3334 1318 3367 laudans

1159 204 1540 244 CLAUDIUS

1392 278 1429 314 in
1446 276 1686 316 Bibliotheca
1702 280 1938 329 scriptorum
1954 278 2102 319 Galliae
2120 291 2228 319 num.
2246 279 2349 319 7543

1394 339 1533 388 seqq.)
1559 339 1616 378 Dc
1639 341 1851 391 Republica
1870 342 2072 382 Gallorum
2093 343 2213 381 libros
2236 342 2349 381 duos.

1392 402 1550 440 Parisiis
1575 403 1689 441 1519.
1716 403 1832 442 1540.
1859 403 1961 443 1548
1979 434 1988 452 ,
2018 406 2054 443 8.
2085 416 2184 456 quos
2215 405 2350 443 Latine

1393 465 1515 502 vertit
1564 464 1766 503 Johannes
1816 465 2051 515 Sleidanus,
2098 467 2350 518 Argentorati

1395 527 1510 565 1548.
1550 527 1798 566 Franeofurti
1829 527 1955 578 1608,
1985 529 2021 567 8.
2061 529 2202 580 (idem.
2241 539 2351 568 num.

1394 589 1537 638 1101.)
1568 590 1713 638 Legem
1744 589 1913 628 Salicam
1943 589 2170 639 Gallorum,
2195 591 2353 630 Parisiis

1395 649 1510 688 1540.
1535 650 1664 698 1557,
1686 651 1722 688 8.
1746 651 1876 700 (idem
1898 663 2010 691 num.
2033 652 2201 703 11762.)
2225 654 2354 693 Victo-

1393 712 1493 750 riam
1517 711 1706 750 Ludovici
1729 713 1803 751 XII
1824 716 1962 752 contra
1984 714 2157 753 Venetos
2179 720 2220 754 et
2242 726 2355 766 prae-

1393 774 1489 814 lium
1517 772 1808 825 Agnadellense
1837 774 1912 813 An.
1951 776 2054 814 1508
2090 778 2353 817 commissum

1394 838 1431 875 in
1458 835 1717 884 Lombardia,
1741 837 1901 875 Parisiis
1926 838 2028 876 1510
2049 866 2056 886 ,
2082 838 2117 876 4.

1444 899 1488 937 111
1526 898 1717 938 Gallicam
1743 899 1919 949 linguam
1944 900 2152 939 transtulit
2173 903 2355 951 (praeter

1393 962 1570 1012 proprias
1609 961 1906 1000 lucubrationes
1944 960 1992 1000 de
2032 961 2280 1001 Providentia
2316 967 2358 1003 et

1394 1028 1532 1062 eontra
1555 1035 1710 1062 errores
1730 1023 2033 1073 Waldensium)
2055 1023 2355 1075 Thucydidem,

1392 1087 1550 1125 Parisiis
1584 1085 1701 1126 1527.
1741 1086 1869 1134 1559,
1906 1086 1970 1125 fol.
1992 1086 2274 1137 Xenophontis
2312 1087 2357 1125 li-

1392 1149 1484 1187 bros
1520 1149 1587 1188 VII
1622 1148 1671 1187 de
1706 1148 1959 1199 expeditione
1990 1149 2110 1199 Cyri,
2139 1161 2190 1188 ex
2218 1150 2356 1188 Latina

1394 1213 1576 1250 vcrsIone
1605 1212 1772 1250 Joannis
1801 1211 2011 1261 Lascaris,
2043 1212 2200 1250 Parisiis
2229 1211 2356 1261 1529,

1395 1273 1455 1312 fol.
1482 1274 1695 1312 Historiam
1727 1284 2010 1312 successorum
2033 1271 2250 1313 Alexandri
2278 1275 2357 1313 Ma-

1393 1337 1459 1386 gni
1478 1348 1528 1375 cx
1548 1336 1715 1375 Diodoro
1739 1336 1871 1375 Siculo
1892 1340 1931 1375 ct
1951 1336 2172 1375 Plutarcho.
2198 1336 2356 1375 Parisiis

1398 1399 1524 1446 1530,
1549 1399 1612 1437 fol.
1643 1398 1867 1449 Appianum
1897 1397 2224 1438 Alexandrinum.
2257 1399 2358 1448 Lug-

1392 1460 1488 1499 duni
1515 1461 1642 1510 1544,
1669 1462 1731 1500 fol.
1755 1463 1972 1500 Justinum.
2004 1462 2164 1500 Parisiis
2189 1462 2290 1501 1559
2316 1462 2356 1498 111

1395 1522 1455 1562 fol.
1481 1522 1612 1562 Aurea
1631 1523 1735 1562 dicta
1757 1525 1932 1562 Senecae
1956 1527 1996 1562 et
2019 1523 2163 1562 librum
2189 1523 2238 1562 de
2258 1534 2356 1574 qua-

1393 1589 1482 1624 tuor
1497 1585 1715 1624 virtutibus
1732 1584 2022 1624 Cardinalibus.
2038 1584 2221 1635 Lugduni
2238 1585 2354 1633 1530,

1393 1649 1427 1685 8.
1453 1648 1663 1686 Historiam
1694 1648 2019 1686 Ecclesiasticam
2053 1647 2230 1686 Eusebii.
2252 1647 2357 1686 Pari-

1391 1711 1460 1747 siis
1478 1710 1578 1748 1554
1598 1740 1606 1759 ,
1628 1710 1663 1747 8.
1684 1708 1784 1748 1579
1805 1739 1812 1758 ,
1831 1710 1865 1747 8.
1887 1714 1927 1748 et
1948 1709 2119 1748 duorum
2144 1709 2354 1759 librorum,

1389 1783 1489 1822 quos
1505 1771 1676 1810 Eusebio
1695 1771 1864 1810 Rufinus
1879 1771 2040 1810 addidit.
2060 1771 2158 1811 Ibid.
2175 1772 2296 1820 1553,
2317 1772 2352 1810 8.

1390 1838 1430 1872 et
1452 1844 1544 1873 eum
1569 1833 1740 1873 Eusebio
1766 1834 1888 1882 1560,
1915 1834 1980 1873 fol.

1442 1895 1636 1935 Claudius
1665 1897 1839 1946 primum
1859 1897 2122 1935 Massiliensis
2142 1895 2234 1935 dein
2254 1896 2356 1935 Tau-

1388 1960 1561 1998 rinensis
1600 1959 1824 2009 Episcopus
1865 1970 1927 1998 an.
1970 1958 2084 1999 1520.
2125 1959 2352 1998 defunctus.

1388 2022 1486 2061 Eius
1511 2023 1692 2072 repetitio
1718 2022 1754 2058 111
1775 2052 1783 2059 .
1803 2050 1824 2059 ..
1853 2020 1973 2071 (deest
1990 2021 2029 2060 in
2052 2020 2158 2070 Cod.)
2189 2022 2352 2060 Taurini

1388 2083 1530 2133 prodiit
1560 2094 1622 2121 an.
1656 2083 1758 2121 1493
1788 2094 1849 2133 ap.
1873 2083 2078 2122 Nicolaum
2109 2082 2157 2121 de
2186 2082 2352 2121 Benedi-

1388 2146 1463 2183 ctis
1490 2149 1529 2183 et
1552 2144 1743 2182 Jacobum
1768 2145 1907 2194 Guygs
1931 2144 1979 2183 dc
2003 2145 2041 2184 S.
2059 2144 2256 2183 Germano
2280 2144 2348 2183 for.

1440 2207 1725 2246 CLEnOMUs
1740 2207 1942 2245 Romanus
1957 2208 2141 2255 Senator,
2157 2207 2352 2246 Constan-

1388 2269 1671 2319 tinopolitanus
1687 2268 1982 2307 Grammaticus
1994 2267 2129 2318 ,cujus
2147 2267 2349 2308 Commen-

1388 2330 1518 2369 tarius
1541 2330 1581 2368 in
1599 2332 1728 2367 artem
1752 2334 1964 2382 utramque
1987 2330 2135 2370 Donati
2155 2342 2205 2370 ex
2229 2332 2350 2370 Fran—

1385 2394 1478 2431 ‹zisci
1504 2393 1653 2432 Pithoei
1685 2393 1827 2432 Codice
1858 2393 1990 2433 editus
2019 2394 2124 2432 inter
2146 2393 2353 2433 Gramma-

1386 2457 1485 2494 ticos
1509 2457 1618 2495 Eliae
1656 2456 1830 2495 Putschii
1869 2467 1955 2507 pag.
1984 2457 2112 2507 1856,
2138 2457 2253 2496 1939.
2276 2458 2352 2496 Ha-

1385 2530 1475 2556 nov,
1505 2519 1632 2567 1605,
1660 2519 1693 2557 4.
1718 2518 2035 2557 Grammaticum
2068 2530 2142 2558 nec
2176 2518 2350 2559 inerudi-

1385 2582 1470 2616 tum
1496 2590 1568 2616 nec
1592 2578 1719 2616 malae
1739 2578 1863 2628 frugis
1888 2577 2023 2617 laudat
2045 2577 2234 2618 Barthius
2257 2589 2345 2629 pag.

1386 2641 1500 2679 1555.
1526 2639 1742 2678 Adversar.

1437 2701 1624 2741 Nicotaus
1647 2701 1693 2741 de
1716 2700 2007 2742 CLEMANGIS
2027 2702 2060 2752 a)
2082 2702 2208 2753 patria
2233 2701 2347 2741 Cata-

1384 2765 1540 2803 lunensi
1579 2776 1701 2815 pago,
1741 2764 1984 2815 Clamengc)
2021 2765 2207 2815 Magister
2243 2763 2347 2802 Pari-

1383 2829 1527 2866 siensis
1550 2831 1590 2865 et
1618 2838 1667 2866 ex
1696 2827 1806 2866 curia
1833 2825 2104 2866 Avenionensi
2141 2824 2345 2865 Benedicti

1382 2891 1486 2929 XIII.
1509 2890 1572 2928 cui
1592 2889 1640 2928 ab
1663 2889 1852 2940 Epistolis
1877 2888 2024 2938 fuerat,
2050 2889 2197 2929 Cantor
2215 2887 2248 2936 a)
2266 2887 2341 2925 Ba-

1382 2952 1574 3002 jocensis,
1595 2953 1657 2990 vir
1680 2951 1821 2991 doctus
1845 2955 1886 2990 et
1909 2951 2114 3000 cordatus,
2138 2949 2242 2988 diem
2263 2947 2344 2986 obi—

1387 3017 1414 3053 it
1433 3017 1535 3054 circa
1554 3013 1716 3054 Annum
1735 3014 1835 3053 1440
1856 3011 1973 3064 cujus
1990 3014 2113 3052 vitam
2133 3013 2225 3062 post
2242 3011 2343 3049 Lau-

1382 3182 1557 3214 historiam
1580 3184 1651 3220 ait,
1668 3180 1710 3212 ab
1729 3182 1822 3210 Anno
1846 3178 1926 3210 1498
1953 3177 2131 3219 procedere
2153 3177 2194 3209 ad
2216 3180 2348 3210 Annum

1382 3231 1474 3270 1515,
1493 3232 1622 3263 Essais
1646 3231 1687 3261 de
1710 3229 1924 3260 Litterature
1952 3233 2032 3260 tom.
2056 3230 2093 3266 I,
2116 3235 2191 3267 pag.
2215 3226 2266 3259 74.

1442 3282 1476 3322 a)
1500 3285 1568 3313 Non
1592 3279 1877 3317 archidiaconus,
1902 3282 1938 3310 ut
1965 3278 2187 3310 Trithernium
2223 3286 2252 3310 c.
2274 3278 2345 3310 750.

1380 3335 1484 3366 secuti
1508 3331 1686 3364 tradidere.
