2500 4009
390 267 410 289 ,ι
855 242 859 245 ’
1285 258 1313 294 Α
1341 257 1366 293 ιι
1388 256 1417 293 B
1437 257 1470 294 o

390 345 474 382 pag.
503 334 574 369 fiis
591 337 625 368 et
646 332 735 369 cdii.
761 343 795 366 ιιι
821 330 878 364 iol.
905 327 972 363 133
989 325 1054 372 qui
1076 326 1194 361 ctiani
1211 324 1258 361 de
1277 324 1345 362 hoc
1419 325 1544 375 cilegii
1566 326 1725 365 l'atruni
1747 338 1831 377 pag.
1855 328 1930 366 232
1954 327 2072 377 (Edit.
2110 338 2232 367 novae
2268 331 2376 367 Toni.

392 394 551 430 Alvhonc
592 405 606 427 x
622 391 784 429 idcndus
822 386 954 423 seculo
993 389 1105 421 sexto
1133 384 1346 422 Annalium

396 453 675 492 Rem-dictinor.
706 456 741 487 et
774 451 918 486 Caesar
937 446 1129 495 lig-*assius
1153 446 1347 484 Boulaeus

395 517 502 552 'l'‹·1n.
527 515 551 551 l.
574 511 806 550 Aradi-miae
823 509 939 546 Paris.
962 518 1047 558 pag.
1070 507 1218 544 54310.
1241 519 1262 545 a
1279 509 1349 544 Bo-

395 590 460 612 >ro
482 577 517 610 in
535 556 776 611 bibliotheca
797 569 1031 607 Floriacensi
1053 573 1125 606 etc.
1150 569 1202 607 lle
1223 573 1352 606 cacte-

397 637 448 672 ris
470 633 638 671 Almonis
654 631 810 680 scriptis
830 630 925 668 nihil
960 629 1217 678 habeo,‹11md
1243 641 1354 679 prae-

398 693 729 732 stantissimorum
759 693 950 739 virorum,
980 692 1101 729 Cavci
1136 690 1350 728 industriae

397 755 618 802 (hulinique
647 752 871 803 adiungam.

451 814 788 853 ‚iniuncta-naus
804 815 888 851 sivo
906 814 1066 852 humilis
1081 814 1099 835 ἵ
1116 814 1238 864 patria
1253 814 1354 852 Neu-

399 879 519 913 strius
538 874 755 914 ,uomit-lias
777 876 1007 913 Parisicnsis
1030 876 1069 913 S.
1097 875 1287 913 Germani
1309 874 1355 912 (le

402 937 546 975 l'rale's.
568 936 659 976 Ord.
683 936 922 975 Benedictini
946 937 1077 975 clarus
1105 939 1206 975 circa
1235 936 1279 974 A.
1310 937 1353 974 (ἶ.

401 1001 476 1036 802
497 1005 533 1036 et
556 1010 646 1036 cuin
671 999 903 1036 Floriacensi
925 998 1075 1036 Abbate
1096 999 1197 1036 male
1222 998 1357 1036 confu-

402 1072 470 1097 sus
491 1073 510 1098 a
532 1059 780 1110 quibusdam.
804 1061 964 1110 Scripsit
987 1061 1160 1097 carmine
1193 1059 1359 1098 obsidio-

404 1134 503 1159 nem.
525 1124 586 1160 cui
610 1123 690 1172 ipse
717 1122 909 1168 interfuit,
936 1120 1187 1159 Parisiorum
1210 1134 1233 1159 a
1262 1122 1359 1160 Nor-

405 1183 556 1220 nmnni's
572 1182 616 1220 A.
633 1183 676 1220 C.
697 1184 772 1220 886
794 1183 870 1220 887
891 1183 1046 1230 fact-am,
1068 1181 1181 1221 libris
1196 1181 1359 1226 (luobus,

406 1247 442 1282 in
464 1245 609 1282 l‘ithoei
630 1246 714 1283 xli.
732 1244 994 1295 scriptoribus
1015 1245 1253 1282 Francorum
1274 1256 1358 1294 pag.

410 1308 483 1343 4:315
506 1309 542 1344 in
566 1307 777 1345 Duchesnii
799 1307 907 1343 Tom.
934 1306 956 1343 2
978 1317 1062 1355 pag.
1096 1306 1169 1343 499
1200 1307 1237 1343 in
1267 1306 1362 1344 Nor-

409 1370 599 1406 inannicis
615 1367 792 1406 eiusdem
813 1378 898 1417 pag.
921 1367 981 1405 35.
1003 1371 1043 1404 et
1061 1366 1110 1405 ad
1129 1368 1277 1405 calcem
1297 1367 1362 1405 Ai-

408 1430 540 1465 inoini.
558 1433 788 1466 recensente
804 1428 946 1466 Jacobo
963 1428 1118 1466 Breulio
1131 1429 1248 1466 Paris.
1261 1430 1274 1466 4
1286 1429 1361 1466 603

408 1490 468 1526 tol.
501 1502 584 1539 μιᾳ.
609 1490 682 1526 400
703 1494 739 1527 et
764 1490 802 1526 in
822 1490 842 1526 J
847 1489 1012 1527 ohannis
1026 1488 1073 1527 de
1090 1490 1264 1528 Bouchet
1279 1492 1364 1529 Ori—

407 1550 564 1596 ginibus
584 1553 731 1600 primae
758 1556 797 1589 et
827 1550 1024 1589 secundae
1053 1552 1186 1601 stirpis
1214 1553 1364 1602 Regum

413 1613 649 1650 Francorum
667 1614 783 1650 Paris.
808 1613 903 1651 1642
921 1613 982 1650 fol.
999 1610 1116 1650 Liber
1135 1613 1298 1661 Tertius,
1315 1613 1369 1651 ml

413 1672 600 1721 elericos.
622 1675 711 1723 quia
743 1673 837 1711 nihil
859 1674 1031 1712 historici
1050 1675 1240 1721 continet,
1262 1687 1283 1712 a
1305 1677 1363 1713 l’i—

412 1734 526 1771 thoeo
545 1736 717 1773 omissus
739 1736 820 1773 suit.
841 1736 1100 1774 SermonesV.
1116 1735 1208 1773 editi
1225 1748 1245 1773 a
1262 1738 1364 1775 Luca

415 1796 600 1833 Dat-herio
616 1798 723 1835 Tom.
735 1798 801 1850 lX.
821 1798 1015 1848 Spicilegii
1031 1809 1115 1848 pag.
1134 1797 1181 1834 79
1198 1802 1237 1835 et
1253 1799 1360 1836 Tom.

415 1857 425 1893 1
447 1857 628 1895 editionis
649 1870 772 1896 novae
793 1870 878 1908 pag.
901 1859 988 1895 336.

463 1918 646 1957 ABDIAS
683 1921 955 1970 supposititius
982 1921 1148 1970 scriptor
1176 1921 1363 1960 librorum

412 1981 458 2016 Χ.
481 1979 679 2018 Historiae
697 1979 955 2031 aspostolicae.
977 1980 1024 2018 de
1039 1993 1116 2030 quo
1132 1982 1287 2020 abunde
1307 1981 1364 2019 di-

411 2043 448 2077 xi
467 2043 504 2078 in
520 2042 663 2079 Codice
678 2042 913 2092 Apocrypho
927 2043 1024 2080 Novi
1040 2045 1281 2090 testamenti.
1298 2044 1362 2081 ubi

409 2102 569 2139 eosdem
600 2105 702 2140 notis
726 2104 940 2141 illustratos
959 2103 1129 2140 exhibui.
1152 2104 1363 2154 Ilaniburgi

412 2164 513 2201 4703
534 2164 630 2202 1719
652 2165 686 2201 8.
702 2165 908 2202 Eruditam
930 2163 961 2213 ej
971 2174 1016 2202 us
1034 2174 1243 2203 censuram
1262 2166 1362 2211 vide⁷

409 2227 440 2262 si
472 2226 613 2275 placet.
645 2227 680 2263 in
711 2226 899 2263 Blondelli
922 2226 1016 2263 libro
1036 2225 1085 2263 de
1114 2227 1272 2275 Papissa
1299 2229 1364 2265 ,10-

410 2287 538 2324 hanna
568 2298 652 2337 pag.
675 2288 750 2326 248
771 2298 852 2336 seq.
874 2286 934 2325 Ad
955 2288 1061 2325 initia
1083 2288 1202 2325 seculi
1225 2290 1272 2325 Χ.
1304 2300 1363 2326 re-

410 2349 531 2385 fertur
559 2348 607 2386 ab
635 2348 788 2387 Oudino
819 2350 926 2386 Toni.
949 2349 971 2386 2
991 2350 1361 2387 commentariorum

409 2411 456 2446 de
487 2412 523 2447 S.
554 2411 598 2448 E.
633 2422 715 2461 pac.
749 2412 823 2449 448
853 2422 935 2460 seq.
959 2409 1107 2448 Laudat
1131 2411 1362 2449 Vincentius

410 2472 600 2510 Bellovac.
632 2473 779 2522 speculi
814 2472 949 2509 histor.
979 2473 1077 2510 Vlll.
1110 2473 1131 2509 4
1161 2473 1184 2511 5
1215 2473 1279 2511 lx.
1312 2473 1360 2511 42

408 2534 631 2571 Antoninus
652 2532 980 2583 Archiepiscopus
1008 2534 1258 2572 Florentinus
1285 2539 1358 2571 etc.

410 2593 702 2632 l'osscAbdiam
719 2594 964 2632 ePhilalethe
983 2594 1234 2645 {dequoinsra
1254 2596 1262 2643 )
1293 2597 1361 2634 ali-

408 2656 576 2703 ipioties7
601 2656 631 2691 si
671 2657 786 2701 tanti,
815 2656 1041 2704 emaculari,
1073 2658 1224 2694 notavit
1248 2656 1361 2695 Chri-

408 2717 559 2753 stianus
575 2717 950 2767 namiuuslipistola
959 2718 1005 2755 ad
1027 2719 1228 2757 Nicolaum
1245 2720 1361 2757 llein-

408 2779 435 2812 si
445 2789 506 2814 um
519 2779 655 2816 Tam-³5
666 2779 1169 2829 syllogesssurmannianae
1179 2793 1264 2831 pae.
1276 2781 1362 2819 254.

458 2839 655 2878 Asslinoc
674 2840 814 2878 Clerici
831 2845 948 2879 vetus
963 2842 1170 2880 Canonum
1185 2843 1360 2881 collectio

406 2902 559 2949 scripta.
576 2900 824 2939 llaelhucaro
839 2902 989 2941 Abbate
1013 2904 1181 2942 Iliberuo
1204 2903 1362 2954 dispen—

407 2965 517 2997 sante
537 2963 614 2999 MS.
638 2963 674 2998 in
696 2963 931 3001 Bibliotheca
955 2964 1186 3003 S.Germani
1207 2964 1255 3001 de
1272 2966 1361 3003 Pra-

407 3027 454 3057 tis
474 3022 568 3058 (lod.
591 3023 666 3060 572
687 3027 789 3060 teste
809 3023 967 3069 Canuio.
999 3026 1060 3063 Ex
1089 3026 1257 3063 Iliberna
1287 3026 1359 3064 hae

406 3085 526 3119 veteri
564 3084 771 3121 Canopum
804 3085 1057 3134 Colles-tione,
1097 3098 1197 3136 quae
1227 3088 1360 3125 seculo

407 3143 501 3179 Vlll.
526 3145 647 3182 Libris
669 3146 780 3183 LXV.
801 3146 950 3191 ‹lif-resta
974 3148 1058 3194 suit.
1075 3149 1245 3199 capitula
1261 3149 1360 3186 sele—

405 3209 463 3239 cta
498 3216 510 3239 x
526 3207 667 3249 uluavit
695 3208 817 3245 Lus-iffi
834 3208 1047 3245 barin-rius
1064 3211 1171 3247 Toni.
1191 3211 1255 3248 lx.
1275 3211 1360 3260 Spi-

444 3333 451 3341 '
470 3333 555 3363 Adde
572 3337 736 3368 Raithiurn
753 3341 915 3371 adversar.
932 3341 1065 3370 XKXlll.
1087 3340 1129 3369 14.
1151 3343 1283 3371 xxxvl.
1314 3341 1360 3371 11»,

1422 387 1453 423 1.
1477 397 1561 437 pag.
1585 387 1689 436 492.)
1709 389 1904 428 Nonnulla
1924 402 1946 428 a
1968 389 2169 438 Dacherio,
2191 400 2262 428 uso
2284 390 2380 429 duo-

1420 446 1493 485 bus
1512 448 1722 488 Codicibus
1740 451 1847 489 MSS.
1871 451 2202 500 Sangermanensi
2222 455 2262 489 et
2285 451 2380 491 Cor-

1421 507 1569 558 bejensi
1590 512 1735 549 omissa
1765 512 1965 561 supplevit
1993 523 2042 548 ex
2072 512 2149 550 MS.
2179 513 2380 562 Bigotiano

1423 566 1660 610 Edinundus
1680 572 1854 610 Martene
1883 568 1992 608 Tom.
2032 571 2053 608 4
2088 571 2264 611 thesauri
2289 584 2382 612 ane-

1423 630 1628 669 cdotorum
1658 632 1732 669 sub
1762 632 1928 670 initium.

1477 692 1645 730 Joannes
1660 691 1860 730 ABGILLI
1872 693 1974 730 inter
1990 693 2209 744 Scriptores
2223 695 2381 745 Frisiae,

1427 755 1494 802 qui
1515 752 1641 791 Caroli
1653 754 1700 791 M.
1712 757 1841 792 aetate
1857 755 2008 806 vixere}‚
2023 755 2244 795 celebratur
2259 768 2280 795 a
2294 757 2384 796 Suf-

1428 814 1523 853 frido
1543 815 1646 853 Petri
1665 815 1756 853 Dec.
1776 813 1820 853 V.
1854 826 1936 866 cap.
1959 816 1981 853 9
2010 815 2257 868 traditurque
2290 820 2385 856 scri—

1427 879 1555 927 psisse
1575 876 1623 914 de
1643 875 1891 926 expeditione
1910 876 2038 916 Caroli
2059 877 2297 917 Francorum
2312 880 2386 918 Re-

1428 939 1487 987 gis
1503 939 1540 976 in
1556 940 1716 975 Terram
1739 938 1940 985 Sanctam,
1961 942 2080 988 atque
2096 939 2181 987 alia,
2202 939 2271 978 sed
2287 935 2386 979 tam-

1428 1011 1547 1049 quam
1568 1003 1838 1037 commentum
1859 998 2032 1048 explodit
2057 999 2222 1039 Vossius
2251 1001 2330 1039 Lib.
2362 1002 2385 1040 2

1430 1061 1477 1098 de
1507 1061 1709 1098 llistoricis
1739 1060 1888 1098 Latinis
1907 1071 1992 1110 pag.
2013 1060 2089 1099 299
2111 1071 2194 1111 seq.

1484 1121 1734 1160 ABLAVlUS
1773 1122 1857 1159 sive
1895 1119 2144 1160 ABLABIUS
2171 1120 2388 1174 descriptor

1431 1184 1798 1238 (lethot-unigentis
1817 1182 2016 1232 egregius,
2041 1181 2226 1221 laudatus
2254 1194 2276 1222 a
2303 1184 2390 1222 Jor-

1435 1245 1562 1283 nande
1591 1245 1639 1282 de
1667 1245 1759 1282 Reb.
1785 1244 1933 1281 Geticis
1952 1243 2046 1294 Cap.
2079 1243 2099 1281 4
2132 1244 2180 1282 44
2210 1244 2260 1282 23
2290 1245 2387 1283 Vide

1435 1307 1618 1345 Vossium
1633 1306 1682 1343 de
1697 1307 1795 1344 11151..
1818 1306 1899 1343 Lat.
1916 1305 2077 1343 Nullum
2097 1316 2119 1344 e
2139 1307 2298 1356 scriptis
2318 1306 2390 1345 hu-

1436 1368 1496 1405 ius
1523 1366 1676 1405 Ablavii
1704 1367 1753 1405 ad
1782 1377 1854 1404 nos
1882 1367 2075 1416 pervenit.

1487 1428 1718 1467 ABSALON
1739 1440 1787 1466 ex
1808 1427 2007 1466 Canonico
2028 1428 2066 1466 S.
2087 1429 2255 1467 Victoris
2287 1430 2392 1468 Pari-

1437 1492 1555 1527 siensi
1576 1489 1708 1529 Abbas
1727 1489 1807 1527 ord.
1829 1490 2117 1529 Canonicorum
2138 1490 2390 1540 Regularium

1439 1553 1477 1590 S.
1498 1551 1709 1599 Augustini
1739 1551 2118 1602 Spinchirbacensis,
2147 1552 2232 1589 sive
2261 1554 2392 1602 potius

1440 1611 2391 1664 Springkirchbacensis(CaesarioSprekirisbach)

1436 1677 1474 1712 in
1495 1674 1663 1712 dioecesi
1692 1674 1918 1712 Trevirensi
1941 1674 2045 1711 circa
2064 1671 2109 1711 Α.
2130 1673 2174 1711 C.
2197 1673 2298 1712 4420
2327 1673 2391 1712 vel

1440 1736 1540 1776 4210
1563 1740 1605 1774 ut
1625 1736 1787 1782 rectius,
1810 1735 1848 1772 ni
1868 1734 1994 1782 fallor,
2027 1734 2186 1773 Caveus
2205 1738 2246 1773 et
2273 1734 2394 1774 Oudi-

1437 1808 1514 1835 nus
1529 1808 1550 1835 o
1561 1795 2078 1836 CaesarioIleisterbacensi.
2094 1793 2303 1834 Absalonis
2318 1796 2395 1834 Ho-

1435 1856 1566 1896 milias
1588 1858 1646 1895 LI.
1667 1857 1869 1896 festivales
1897 1857 2077 1908 vulgavit
2105 1857 2241 1896 Daniel
2269 1857 2395 1896 Schil-

1436 1919 1580 1969 lingius
1599 1918 1734 1957 Colon.
1752 1918 1854 1957 4534
1872 1917 1933 1956 fol.
1951 1929 1972 1955 e
1987 1917 2132 1968 quibus
2149 1917 2283 1956 recudi
2298 1929 2395 1956 non-

1436 1981 1566 2018 nullos
1586 1980 1677 2018 fecit
1696 1981 1837 2018 Petrus
1851 1979 1899 2017 de
1914 1977 2015 2017 Alva
2030 1984 2071 2017 et
2085 1977 2251 2030 Astorga
2269 1980 2306 2017 in
2322 1989 2394 2018 suo

1434 2042 1591 2080 Mariali.
1612 2042 1735 2080 Extat
1765 2045 1805 2079 et
1836 2040 1954 2079 editio
1973 2039 2274 2078 Mediolanensis
2301 2041 2393 2078 anni

1438 2104 1540 2141 4605
1578 2104 1616 2140 in
1656 2103 1676 2140 4
1714 2114 1734 2140 a
1760 2102 1900 2141 Basilio
1930 2094 2090 2140 Sorenio
2118 2105 2266 2141 curata.
2298 2101 2393 2141 Vide

1436 2163 1648 2202 Oudinum.

1486 2224 1717 2265 ABSOLON
1732 2225 1798 2274 qui
1813 2224 1935 2264 vitam
1956 2223 2142 2264 Guthlacz·
2157 2226 2315 2276 scripsit
2333 2227 2394 2263 vi-

1434 2286 1482 2323 de
1499 2287 1534 2323 in
1541 2285 1734 2334 fra,Fele'.1;
1746 2285 1972 2335 Monachus,
1988 2291 2028 2324 et
2040 2287 2259 2337 Epistolam
2274 2287 2392 2327 Cam-

1436 2347 1551 2385 bdcni
1580 2348 1841 2387 CCLXXXV.
2288 2370 2291 2373 <

1488 2408 1948 2448 LaurentiusABSTEMl
1957 2410 2300 2449 USMaceratensis
2313 2411 2391 2449 cla-

1436 2483 1503 2509 rus
1523 2473 1622 2509 circa
1644 2470 1688 2509 Λ.
1710 2472 1753 2510 C.
1777 2472 1877 2510 4500
1893 2471 1941 2510 de
1955 2472 2070 2510 cuius
2084 2470 2389 2521 Hecatomythio,

1434 2535 1518 2571 sive
1542 2534 1704 2572 CXCIX
1740 2534 1880 2572 fabulis
1899 2538 1988 2583 post
2010 2531 2102 2571 edit.
2128 2531 2391 2583 Argentinen-

1432 2606 1515 2633 sem
1538 2597 1551 2633 4
1564 2596 1639 2633 522
1655 2596 1678 2633 8
1694 2597 1851 2645 saepius
1866 2596 2016 2633 recusis
2031 2594 2111 2636 dixi
2128 2595 2165 2632 in
2181 2593 2391 2633 Bibliothe-
2408 2600 2411 2602 ’

1431 2668 1475 2693 ca
1508 2657 1652 2694 Latina.
1682 2657 1872 2695 Eiusdem
1900 2655 2176 2694 Annotatioizes
2203 2666 2392 2706 quorum—

1433 2717 1522 2755 dam
1545 2718 1717 2755 locorum
1747 2718 2003 2756 obscurorum
2025 2719 2062 2755 in
2083 2718 2223 2768 priscis
2243 2715 2391 2756 Aucto-

1435 2778 1607 2821 ribus.ad
1626 2779 1842 2829 Principem
1860 2790 1977 2817 suum
1992 2778 2165 2818 Guidum
2182 2777 2388 2824 Ubaldum,

1435 2840 1623 2888 repetitae
1645 2841 1680 2877 in
1697 2840 1853 2878 Gruteri
1874 2839 2053 2890 lampade
2075 2840 2219 2878 artium
2237 2839 2345 2876 Tom.
2365 2840 2379 2876 4

1434 2913 1519 2951 pag.
1542 2901 1617 2939 878
1638 2902 1725 2939 893.
1747 2900 1950 2954 Praefatio
1980 2901 2020 2940 in
2040 2899 2247 2938 Aurelium
2269 2899 2390 2939 Victo-

1433 2973 1518 2999 rem
1532 2962 1578 3001 cle
1586 2961 1840 3002 Caesaribus.
1857 2961 2017 3014 Argeut.
2035 2962 2136 3000 4505
2150 2961 2265 2999 Basil.
2285 2961 2385 3000 4530

1435 3024 1499 3061 a*
1514 3025 1687 3075 Scriptor
1703 3026 1775 3062 iste
1798 3024 2016 3063 fabularum
2031 3022 2145 3072 longe
2171 3025 2406 3072 antequam.

1435 3085 1495 3123 hic
1516 3086 1710 3124 indicatur
1728 3096 1750 3123 a
1770 3085 1938 3123 Fabritio
1957 3083 2104 3133 opellas
2127 3093 2221 3122 suas
2249 3083 2389 3134 vulga-

1434 3153 1557 3186 verat.
1577 3148 1674 3187 Nam
1696 3147 1734 3184 in
1755 3146 1924 3183 editione
1943 3144 2220 3194 Ilecatomythi
2245 3155 2389 3184 secun—

1434 3210 1486 3257 di,
1508 3220 1609 3259 quae
1628 3207 1769 3258 prodiit
1788 3217 1849 3244 an.
1873 3206 1990 3252 4505,
2011 3209 2056 3244 ut
2075 3216 2124 3243 ex
2143 3205 2385 3244 Praefatione

1431 3271 1608 3309 eiusdem
1629 3269 1676 3308 ad
1697 3268 1892 3317 Angelum
1908 3266 2107 3305 Grifonem
2127 3265 2250 3314 disco,
2272 3266 2386 3304 intel—

1433 3333 1587 3376 ligimus
1604 3335 1693 3369 ante
1717 3330 1799 3367 illos¹
1820 3340 1944 3365 annos
1966 3328 2199 3377 produxisse
2215 3328 2381 3377 priorem
