2500 3841
813 220 1023 260 CAROLO
1053 217 1328 258 SPINELLlO
1972 223 2042 253 xiii

87 297 150 348 plo
192 295 259 334 tibi
303 296 354 332 sit
394 294 692 333 LAMBERTUS
735 291 1247 332 SCHAPNABURGENSIS
1291 289 1503 326 historicus
1547 286 1683 337 optimi
1728 285 1879 334 saporis
1920 289 1960 321 et
1989 294 2058 333 pro

86 361 215 397 aetate
244 357 293 396 ad
323 357 560 396 miraculum
590 356 853 394 cultissimus.
882 356 1089 393 Praetereo
1113 352 1410 391 renascentium
1435 350 1640 388 literarum
1667 348 1896 386 Latinarum
1924 350 2058 396 patres

86 420 204 458 PIUM
233 419 266 457 11
296 418 526 457 Pontificem
557 418 804 461 maximum,
834 417 931 455 alias
959 416 1134 454 Aeneam
1165 414 1376 464 Sylvium,
1405 412 1599 449 Joannem
1624 409 1841 448 Antonium
1873 405 2059 446 CAMPA-

85 482 190 522 NUM
209 510 217 529 ,
238 481 492 520 Francisoum
514 479 851 526 PHILELPHUM,
871 477 1133 517 GUARINUM
1155 477 1425 515 Veronensem
1446 503 1453 520 ,
1478 475 1670 511 Joannem
1691 470 1898 510 Albertum
1922 469 2060 512 PIUM,

86 545 279 583 Joannem
308 542 528 581 Antonium
558 540 863 588 FLAMINIUM,
894 550 1063 590 quorum
1096 541 1132 576 in
1165 539 1324 588 scriptis
1354 546 1432 574 non
1463 534 1625 584 quidem
1656 543 1791 581 raras,
1823 541 1900 569 non
1936 529 2061 568 multo

88 607 126 644 in
157 606 240 645 luto
269 604 472 656 dispersas
502 615 683 654 gemmas
714 605 934 649 scruteris,
965 601 1035 640 sed
1067 603 1168 639 inter
1197 602 1404 638 consertas
1432 606 1612 646 gemmas
1657 596 1729 634 luti
1759 593 1962 633 residuum
1994 591 2063 630 de*-

88 672 256 717 tergeas.
287 668 391 706 Haec
420 666 490 704 tibi
519 666 648 716 plenis
678 664 842 715 scyphis
884 661 1100 701 Fabricius
1138 662 1320 713 propinat
1350 668 1423 696 nec
1452 657 1564 695 alteri
1595 656 1794 695 offerenda
1823 659 1938 694 erant
1970 665 2060 692 cum

87 739 109 768 a
138 739 202 768 me
231 728 527 779 proferrentur:
559 729 635 766 etsi
667 728 773 766 enim
804 727 978 776 comperi
1008 725 1158 774 aliquot
1181 733 1271 761 esse
1297 722 1335 758 in
1360 719 1470 757 Italia
1492 717 1664 767 juvenes
1695 720 1750 756 tui
1784 729 1860 756 non
1892 716 2065 755 dissimi—

88 791 147 830 les
175 792 323 842 optime
352 789 401 829 ad
431 789 563 829 studia
594 790 802 828 literarum
831 788 1046 838 dispositos
1071 816 1079 836 ,
1108 790 1150 823 tu
1181 793 1340 833 semper
1369 786 1504 819 tamen
1536 779 1629 817 mihi
1667 781 1790 818 menti
1828 779 2065 817 observatus

89 864 134 892 es
162 864 212 892 ex
242 857 340 892 tunc
359 882 367 900 ,
388 863 480 891 cum
511 853 690 892 Venetiis
715 861 839 902 agens
868 850 917 888 ab
940 848 1219 888 Excellentiss.
1241 843 1442 883 avunculo
1472 842 1685 892 apostolico
1714 841 1762 878 ad
1790 843 1926 891 Remp.
1957 841 2063 879 illam

88 914 276 966 Ampliss.
307 915 459 954 Nuncio
490 916 665 964 (quanto
687 915 771 951 viro
793 915 800 950 l
823 912 832 960 )
856 917 900 951 ut
919 911 968 949 de
988 909 1167 960 prosectu
1191 905 1416 944 studiorum
1441 909 1601 942 tuorum
1635 904 1837 953 specimen
1868 902 2065 941 exibituro

85 976 210 1027 judex
239 988 331 1016 cum
363 977 460 1015 viris
479 977 630 1027 aliquot
651 976 834 1023 selectis,
859 978 899 1012 et
921 970 1164 1010 doctissimis
1185 968 1418 1006 assisterem
1445 965 1587 1015 jussus
1617 976 1720 1004 sum.
1746 964 1939 1003 Admirati
1969 969 2065 1002 tunc

90 1050 234 1078 sumus
263 1049 403 1078 omnes
432 1039 542 1077 latini
570 1038 768 1076 sermonis
798 1037 836 1073 in
867 1033 1030 1084 prolatis
1059 1043 1082 1071 a
1110 1036 1149 1069 te
1180 1030 1340 1080 scriptis
1376 1030 1615 1079 puritatem,
1641 1032 1681 1065 et
1710 1027 1954 1076 elegantias,
1979 1036 2064 1063 car-

91 1102 245 1139 minum
275 1101 575 1151 pangendorum
607 1100 862 1143 felicitatem,
887 1100 928 1134 et
952 1094 1198 1133 harmoniam
1224 1103 1269 1131 ac
1294 1102 1415 1142 super
1438 1091 1571 1128 omnia
1603 1091 1641 1126 in
1670 1087 1917 1139 explicandis
1947 1087 2068 1126 Grae-

91 1163 149 1201 cis
173 1161 338 1201 Homeri
354 1162 622 1208 carminibus,
645 1171 747 1210 quae
772 1170 844 1209 ego
868 1168 964 1196 casu
994 1156 1229 1206 designavi,
1255 1164 1475 1203 eorumque
1505 1152 1666 1202 syntaxi
1698 1151 1940 1189 facilitatem.
1966 1150 2068 1188 Con-

93 1229 209 1276 cepta
239 1229 336 1263 tunc
365 1224 414 1262 de
438 1228 477 1262 te
500 1223 630 1273 opinio
653 1222 732 1279 alte
755 1220 928 1259 inhaesit
951 1220 1102 1266 menti,
1127 1222 1172 1257 ut
1196 1221 1278 1255 toto
1303 1216 1376 1254 hoc
1400 1217 1694 1254 intercurrente
1717 1213 1876 1251 biennio
1900 1223 1992 1250 cum
2018 1211 2067 1249 de

87 1286 238 1337 juvene
259 1286 374 1325 docto
397 1286 537 1336 cogito,
553 1289 599 1323 tu
623 1288 716 1323 ante
740 1293 882 1322 omnes
903 1288 943 1321 et
966 1293 1016 1320 ex
1040 1281 1226 1320 omnibus
1250 1289 1474 1318 succurras.
1501 1278 1610 1324 Quae
1634 1288 1726 1315 cum
1753 1277 1806 1313 ita
1830 1286 1873 1313 se
1897 1274 2069 1312 habeant

91 1350 239 1400 optime
267 1347 476 1386 consultus
505 1346 554 1385 de
582 1347 811 1386 Mecaenate
841 1343 1083 1383 Fabrz‘cz‘ano
1110 1342 1201 1380 huic
1227 1341 1335 1391 operi
1361 1350 1526 1387 censeo,
1554 1338 1674 1377 simul
1702 1348 1796 1376 vero
1823 1341 1864 1375 et
1890 1347 1979 1374 mea
2005 1346 2070 1373 res

92 1416 181 1450 acta
206 1413 269 1448 est
293 1410 464 1460 egregie.
491 1409 592 1449 Cum
621 1409 770 1448 etenim
796 1408 1063 1448 Bibliothecae
1090 1404 1220 1443 eidem
1247 1401 1507 1442 illustrandae
1535 1399 1819 1451 perficiendae,
1850 1397 2071 1437 elimandae

91 1472 246 1523 vigilias
266 1475 307 1510 et
326 1471 613 1510 meditamenta
640 1471 901 1510 contulissem
921 1466 1214 1522 providendum
1237 1465 1331 1503 mihi
1353 1468 1439 1502 erat
1465 1462 1513 1502 de
1539 1468 1725 1513 patrono,
1746 1462 1814 1511 qui
1832 1461 2072 1499 authoritate

93 1544 167 1573 sua
193 1544 257 1573 me
282 1537 462 1585 regeret,
489 1537 531 1572 et
556 1534 690 1572 favore
716 1535 883 1584 gratiam
910 1533 1171 1583 compararet.
1212 1529 1315 1567 Haec
1340 1537 1436 1564 vero
1462 1526 1594 1564 omnia
1634 1526 1673 1562 in
1714 1529 1753 1562 te
1794 1534 1873 1562 uno
1911 1527 2073 1561 nactum

92 1606 159 1634 me
183 1605 276 1634 esse
302 1594 470 1634 confido.
498 1594 618 1634 Avita
643 1597 749 1634 enim
778 1595 962 1634 nobilitas
990 1598 1088 1637 tua⁷
1114 1602 1236 1641 quam
1275 1593 1460 1628 vetustas
1500 1591 1540 1626 et
1579 1586 1701 1637 gloria
1737 1586 1932 1624 maiorum
1971 1596 2077 1623 com-

93 1657 273 1707 mendat,
302 1662 343 1696 et
368 1661 502 1708 auget,
529 1669 620 1697 cum
649 1669 807 1696 morum
834 1658 1034 1697 suavitate
1060 1660 1101 1695 et
1127 1654 1307 1693 doctrina
1333 1657 1402 1690 tua
1427 1651 1630 1702 praesenti
1658 1653 1948 1699 magna,atque
1969 1647 2076 1686 futu-

92 1731 227 1760 rorum
245 1721 523 1771 expectatione
543 1721 685 1770 maJ'ori
710 1721 934 1768 coniuncta,
957 1729 1158 1758 summam
1179 1716 1248 1754 tibi
1265 1714 1549 1754 authoritatem
1569 1716 1609 1750 et
1630 1711 1950 1750 benevolentiam
1972 1709 2076 1760 apud

92 1793 232 1822 omnes
258 1781 342 1832 jam
371 1793 478 1821 nunc
504 1782 700 1821 conciliat.
727 1781 893 1820 Accedit
939 1780 1128 1820 avunculi
1164 1780 1222 1817 tui
1249 1777 1412 1815 maximi
1439 1786 1535 1814 sane
1563 1775 1755 1813 momenti
1783 1774 2045 1824 patrocinium
2069 1802 2076 1819 ,

95 1846 163 1895 qui
190 1855 283 1883 cum
312 1847 351 1882 te
377 1855 423 1883 ea
448 1855 529 1894 qua
554 1855 626 1895 par
651 1848 715 1882 est
741 1847 928 1895 nepotem
955 1855 1003 1881 ex
1032 1852 1165 1880 sorore
1191 1839 1289 1878 adeo
1315 1839 1463 1889 optime
1490 1841 1690 1875 moratum
1719 1836 1930 1875 dilectione
1956 1835 2077 1887 depe-

93 1911 206 1955 reat,
234 1907 272 1944 in
299 1906 527 1945 clientelam
550 1911 662 1945 tuam
697 1906 850 1945 adscito
888 1905 1036 1943 homini
1079 1904 1212 1941 favere
1248 1912 1326 1939 non
1357 1898 1648 1950 dedignabitur.
1679 1898 1942 1937 Avunculum
1970 1898 2078 1937 hunc

93 1972 210 2007 tuum
236 1978 329 2006 cum
357 1968 510 2018 appello
539 1968 778 2018 probitatem
803 1968 943 2018 ipsam,
969 1966 1238 2017 prudentiam,
1265 1963 1553 2012 benignitatem
1581 1964 1622 1998 et
1648 1964 1776 1999 totum
1798 1959 1996 2010 quidquid
2016 1964 2079 1998 est

94 2031 294 2082 optimum
315 2059 324 2077 ,
345 2033 434 2068 tum
460 2031 499 2067 in
528 2030 706 2069 moribus
734 2034 819 2069 tum
847 2031 885 2067 in
913 2030 1091 2076 virtute,
1113 2031 1200 2066 turn
1229 2027 1268 2063 in
1296 2024 1431 2063 arduis
1452 2021 1638 2061 omnibus
1658 2022 1879 2073 prudenter
1900 2023 2082 2061 feliciter-

90 2102 169 2143 que
195 2090 415 2129 tractandis
445 2091 644 2142 appellare
669 2103 733 2130 me
760 2092 942 2131 arbitror.
969 2090 1011 2129 ld
1038 2100 1110 2141 ego
1136 2093 1281 2140 partim
1311 2098 1361 2126 ex
1393 2087 1524 2134 fama,
1545 2096 1648 2136 quae
1675 2084 1723 2123 de
1751 2085 1815 2123 illo
1844 2085 1943 2123 mira
1968 2096 2080 2135 prae-

94 2152 227 2202 dicat,
252 2153 398 2203 partim
424 2163 475 2191 ex
501 2164 591 2191 meo
617 2155 702 2203 ipso
728 2155 1005 2204 experimento
1032 2151 1163 2190 didici.
1186 2152 1334 2189 Moram
1361 2149 1468 2187 enim
1498 2153 1685 2198 agentem
1715 2158 1777 2185 me
1803 2147 1983 2185 Venetiis
2012 2158 2082 2198 per

93 2213 180 2252 dies
203 2213 380 2264 aliquot,
411 2215 518 2264 quali
548 2226 625 2252 non
654 2215 781 2253 officio
807 2220 1047 2266 prosecutus
1077 2211 1168 2254 est?
1195 2212 1419 2262 Hospitium
1448 2211 1613 2256 obtulit,
1641 2213 1978 2259 recusantemque
2017 2220 2081 2247 co-

94 2276 194 2327 egit,
214 2280 259 2314 ut
278 2276 421 2314 saltem
447 2277 619 2315 conviva
638 2288 708 2327 pro
728 2289 815 2317 meo
841 2278 1001 2316 arbitrio
1027 2287 1187 2327 semper
1213 2275 1420 2320 venirem,
1442 2283 1507 2311 me
1535 2272 1716 2310 familiari
1742 2272 1911 2321 alloquio
1937 2270 1986 2309 ad
2013 2270 2081 2309 ho-

95 2347 161 2375 ras
186 2336 381 2383 detinuit,
406 2348 471 2376 me
498 2337 604 2388 apud
632 2349 752 2387 suos,
779 2350 843 2377 me
870 2339 974 2390 apud
1002 2344 1193 2377 externos
1218 2336 1448 2376 celebravit.
1487 2335 1547 2373 Ea
1572 2336 1779 2373 occasione
1806 2338 1844 2372 te
1873 2335 1964 2371 novi
1987 2364 1994 2382 ,
2018 2332 2081 2383 ju-

99 2399 214 2437 venis
238 2400 387 2450 optime
407 2428 416 2447 ,
436 2410 481 2437 ac
501 2402 570 2438 vix
589 2401 771 2450 agnitum
797 2403 942 2439 amavi.
967 2401 1102 2439 Amori
1129 2400 1221 2439 huic
1247 2398 1423 2445 tribuas,
1449 2399 1480 2436 si
1503 2397 1596 2447 quid
1620 2401 1683 2436 est
1708 2398 1747 2434 in
1776 2396 1848 2434 boc
1878 2407 1963 2434 meo
1987 2407 2080 2434 con-

97 2460 183 2498 silio
208 2459 421 2510 audaciae,
446 2465 486 2499 te
513 2472 657 2512 nempe
683 2467 804 2511 atque
829 2463 1077 2502 avunculum
1105 2467 1220 2502 tuum
1247 2465 1383 2499 tantae
1413 2459 1620 2510 dignitatis
1647 2460 1807 2508 virum,
1835 2457 1953 2496 rebus
1981 2458 2080 2495 meis

100 2522 362 2573 implicando,
387 2524 644 2575 cogendoque
661 2557 672 2574 ‚
700 2531 746 2564 ut
771 2537 845 2564 vos
871 2526 986 2564 ambo
1018 2531 1153 2564 vestra
1183 2525 1316 2562 omnia
1345 2522 1442 2560 mihi
1473 2521 1775 2572 impenderetis.
1799 2522 1870 2559 Est
1896 2520 2078 2558 virtutis.

101 2586 164 2649 est
188 2582 394 2633 dignitatis
421 2586 651 2625 inferiorum
689 2587 910 2626 commodis
937 2589 1159 2635 inservire,
1186 2584 1292 2635 quod
1320 2584 1416 2622 dum
1446 2585 1696 2633 praestiteris
1719 2583 1882 2632 juvenis
1908 2582 2076 2619 eximie.

101 2641 139 2680 1d
160 2646 258 2681 tunc
283 2654 389 2694 ageS,
406 2649 450 2684 ut
474 2652 710 2697 conceptam
736 2649 785 2687 de
813 2654 852 2688 te
878 2650 1199 2700 expectationem
1226 2647 1418 2697 praecoci,
1436 2656 1482 2684 ac
1509 2646 1610 2683 felici
1637 2645 1926 2683 acceleratione
1952 2641 2078 2680 adim—

101 2703 222 2753 pleas.
250 2705 356 2743 Vale.

182 2765 286 2804 Haec
313 2765 406 2804 olim
433 2769 670 2818 scripseram
693 2770 788 2810 dum
809 2773 960 2812 Excell.
999 2772 1162 2811 Imzicus
1195 2769 1456 2810 Caracciolus
1486 2770 1683 2808 Nuncium
1723 2767 1996 2818 Apostolicum
2030 2766 2077 2804 ad

100 2825 277 2894 Venetos
303 2827 468 2877 agebat,
496 2840 603 2867 nunc
629 2841 723 2869 vero
749 2834 863 2872 triste
890 2837 1083 2874 nuncium
1110 2833 1159 2872 ad
1187 2843 1259 2870 nos
1285 2832 1449 2870 devenit
1488 2832 1619 2869 virum
1659 2830 1781 2868 istum
1803 2829 1942 2867 clariss
1983 2838 2076 2866 cum

103 2887 359 2938 Hispanicam
384 2888 623 2940 legationem
647 2902 717 2941 pro
741 2893 836 2932 sede
865 2894 1089 2945 Apostolica
1115 2896 1372 2945 fungeretur,
1399 2892 1540 2931 acerbo
1567 2892 1686 2930 nimis
1711 2895 1751 2930 et
1777 2891 1959 2930 luctuoso
1981 2899 2076 2928 casu

104 2948 456 3050 interiisse‚ffqq0d
499 2962 563 2990 me
603 2956 644 2990 et
683 2964 823 2993 omnes
863 2960 1059 3007 quotquot
1085 2958 1172 2995 eius
1199 2956 1389 2994 virtutem
1433 2955 1702 3003 meritumque
1730 2956 1873 2991 norant
1901 2962 2077 2991 moerore

107 3020 267 3050 summo
293 3021 312 3049 a
345 3016 434 3051 ecit.
