2500 4009
468 287 543 326 '⁴⁸25

465 359 564 396 mino
590 360 730 394 nostro,
756 354 841 389 Dat.
869 349 906 387 Χ.
933 346 1096 386 Kalend.
1123 345 1235 383 lunii
1247 376 1255 391 ,
1279 348 1316 382 et
1336 355 1402 382 ac—

461 424 567 472 cepta
602 413 798 456 Kalendas
823 408 1022 449 Octobris:
1055 408 1176 447 missa
1206 406 1252 445 de
1281 409 1402 447 Roma

461 478 777 528 Hierosolymam.

511 544 622 581 Porro
640 533 873 585 Pontificali's
899 534 1021 580 illius,
1044 534 1128 570 sive.
1144 532 1234 585 *libri
1253 532 1400 569 veteris

457 605 501 641 de
517 601 604 642 vetis
630 598 855 649 Pontificum
880 598 1158 642 Romanorum,
1180 593 1310 644 qualis
1332 592 1397 630 ho-

455 667 515 703 ‹lie
539 667 669 702 exstat
689 693 696 703 .
722 664 924 700 auctorem
952 669 1026 696 non
1052 668 1141 695 esse
1165 657 1398 700 Damasum,

455 726 594 766 eruditi
633 722 868 774 jampridem
915 722 994 759 tere
1036 719 1317 757 consentiuntz
1358 721 1398 755 et

454 789 658 839 praecipue
688 785 934 835 argumentis
961 784 1080 821 etiam
1109 781 1398 820 demonstravit

453 850 636 889 laudatus
667 847 1019 891 Schelstratenus,
1057 845 1119 882 cui
1156 843 1397 894 praeclaram

454 913 556 951 illius
577 911 749 960 Cat-alogi
766 909 978 947 editionem
995 907 1200 946 debemus.
1215 905 1399 943 desinen—

454 975 610 1013 tentin
634 971 1043 1020 Foncelx'quiluum
1070 966 1398 1006 nntab.An.526

453 1036 499 1074 ad
533 1036 620 1075 530.
650 1035 776 1080 Quem
814 1035 920 1071 enim
959 1043 1007 1070 ex
1045 1032 1151 1069 MSS.
1190 1029 1398 1069 Codicibus

455 1099 674 1137 Vaticanis.
699 1094 1007 1135 Cassinensibus
1026 1125 1036 1142 ,
1059 1093 1188 1143 Regiis
1211 1093 1400 1130 Parisien-

452 1161 562 1199 sibus
582 1192 591 1207 ,·
644 1159 812 1208 Reginae
856 1156 1105 1202 christinae,
1143 1154 1396 1201 Colbertino,

453 1223 673 1261 Florentino
693 1226 731 1259 et
757 1221 993 1258 Parnesiano
1019 1219 1145 1256 Lucas
1169 1216 1397 1255 Holstenius

449 1284 755 1330 emendaverat,
795 1293 885 1320 eum
925 1279 1251 1319 Schelstratenus
1292 1277 1397 1316 notis

449 1349 565 1385 etiam
591 1346 734 1384 additis
765 1344 925 1383 exhibet
948 1345 986 1380 in
1012 1347 1118 1380 tomo
1142 1341 1267 1392 primo
1285 1339 1397 1378 Anti-

447 1410 609 1459 quitatis
627 1408 845 1447 illustratae
862 1417 946 1457 pag.
960 1402 1393 1449 tot-496.Rom.4692,

449 1471 508 1510 sol.
535 1472 588 1509 De
612 1471 698 1509 aliis
729 1468 966 1508 editionibus
997 1466 1282 1506 recentioribus
1311 1465 1392 1503 dixi

447 1537 483 1572 in
510 1534 717 1572 Volumine
741 1533 967 1582 superiore,
1000 1530 1064 1568 ubi
1095 1528 1144 1567 de
1176 1527 1394 1566 ANASTA-

447 1597 526 1636 510
566 1609 601 1647 p.
625 1596 686 1634 82.
725 1596 779 1633 De
809 1595 910 1631 notis
936 1591 1093 1630 ineditis
1130 1592 1232 1629 Petri
1268 1591 1392 1628 Boerii

446 1661 481 1696 in
504 1658 728 1696 Pontilicale
744 1688 753 1704 ‚
782 1655 978 1693 videndus
995 1653 1242 1693 Colomcsius
1262 1653 1297 1689 in
1324 1653 1392 1690 Pa-

445 1721 694 1771 ralipomenis
718 1719 766 1756 de
791 1717 1049 1768 scriptoribus
1070 1715 1364 1754 Ecclesiasticis
1379 1746 1390 1762 ,

447 1794 530 1834 pag.
563 1784 652 1820 706·

497 1844 729 1884 DAMASUS
752 1843 981 1882 Portuensis
1003 1841 1237 1891 EpiscopuS,
1254 1843 1389 1889 postea

443 1908 543 1945 inter
567 1907 689 1957 Papas
715 1909 832 1944 notus
871 1904 945 1942 sub
980 1902 1191 1940 FORMOSI
1229 1901 1388 1938 nomine

440 1968 487 2007 ab
510 1969 580 2007 An.
607 1969 695 2008 891.
721 1970 811 2007 Jun.
835 1968 885 2006 43
908 1965 956 2004 ad
989 1966 1077 2003 896.
1103 1963 1308 2002 Decembr.
1335 1962 1384 2002 23

438 2036 591 2081 praeter
615 2043 696 2070 rem
720 2030 896 2069 creditus
916 2030 936 2067 a
963 2026 1163 2066 nonnullis
1178 2030 1316 2064 auctor
1341 2025 1385 2063 li—

440 2093 494 2130 bri
520 2092 768 2138 Pontificalis,
785 2103 904 2142 quem
921 2090 984 2127 vel
1005 2088 1124 2139 hujus
1141 2088 1203 2125 vel
1226 2087 1383 2125 Damasi

440 2155 606 2191 senioris
630 2166 720 2192 esse
744 2156 978 2202 argumento
1002 2153 1110 2189 certo
1149 2149 1257 2187 nullo
1292 2159 1384 2185 con-

439 2221 528 2253 stat.
556 2215 649 2253 vide
670 2216 870 2254 Oudinum
890 2219 983 2250 tom.
1002 2214 1038 2259 ⁶2,
1055 2223 1140 2262 pag.
1159 2210 1248 2259 357,
1270 2221 1381 2260 seqq.

440 2278 502 2316 ubi
527 2280 644 2315 etiam
667 2276 715 2315 dc
740 2278 859 2314 variis
876 2276 978 2313 illius
996 2272 1232 2312 l’ontiticalis
1248 2271 1384 2310 editio-

441 2339 555 2378 nibus
576 2371 582 2383 ,
608 2344 694 2389 post
720 2340 885 2389 primam
912 2337 1102 2375 Venetam
1127 2334 1202 2372 sub
1227 2333 1382 2371 Damasi

441 2401 639 2450 vulgatam
678 2402 834 2438 nomine
860 2400 933 2438 An.
973 2398 1089 2437 4547.
1125 2396 1288 2435 Caetera
1328 2405 1386 2432 re-

440 2465 542 2501 ctius
567 2463 662 2500 intra
686 2463 721 2499 in
747 2460 987 2500 FORMOSO.

490 2525 724 2563 DAMASUS
763 2523 1004 2569 Scombrus,
1040 2524 1181 2561 Orator
1219 2521 1383 2570 insignis

436 2592 579 2625 citatur
594 2586 642 2625 ab
659 2586 969 2635 :EneaSylvioin
981 2582 1379 2634 descriptioneAsiae.

437 2651 730 2687 Centuriatores
755 2648 1112 2697 Magdeburgenses
1138 2645 1200 2684 ubi
1223 2645 1380 2683 Damasi

439 2715 574 2763 pruni.
599 2714 664 2762 qui
690 2712 915 2761 Hieronymi
945 2709 1121 2760 aequalis
1160 2708 1258 2756 fuit,
1284 2707 1381 2745 scri-

440 2782 500 2825 pta
524 2778 835 2812 commemorant
860 2773 919 2811 IV.
946 2772 1007 2820 40,
1032 2783 1068 2822 p.
1094 2769 1184 2808 748.
1204 2768 1379 2819 Scripto-

440 2850 501 2876 rcs
523 2869 532 2884 .·
559 2838 739 2886 inquiunt
760 2865 767 2881 ,
792 2838 966 2873 recentes
984 2834 1182 2872 Gesncrus
1207 2835 1245 2870 et
1264 2833 1382 2882 Lyco-

437 2899 609 2940 sthenes,
635 2898 798 2937 Damasi
820 2896 1070 2936 Brocardium
1102 2895 1184 2933 sive
1219 2896 1380 2933 Brocar-

438 2963 573 3000 closum
604 2962 745 3000 librum
770 2960 818 2998 ds·
841 2958 1199 3005 contrarietatibus,
1225 2957 1263 2994 in
1280 2955 1382 2994 clen-

439 3023 519 3062 chi's
543 3024 625 3062 sais
649 3024 915 3069 annotarunt,
940 3020 1010 3072 qui
1041 3018 1264 3071 cujusmodi
1297 3018 1348 3057 sit
1365 3050 1376 3067 ,

441 3085 675 3134 i'ynoramus.
711 3086 855 3122 Verum
887 3084 999 3129 longe
1029 3082 1213 3121 diversus
1251 3093 1295 3120 ac
1316 3081 1380 3131 ju-

443 3158 522 3183 nior
558 3147 616 3183 liic
660 3147 730 3185 fuit
763 3147 804 3184 D.
850 3143 1075 3184 Wz'lhelmus
1111 3143 1375 3192 DAMASUS,

440 3209 571 3247 lctus,
593 3211 745 3246 natione
763 3210 982 3258 llungarus,
999 3208 1064 3257 qui
1082 3207 1228 3244 Azonis
1243 3217 1379 3245 exem-

445 3267 505 3317 plo
521 3269 758 3306 Brocardica
777 3268 889 3307 Juris
906 3268 1033 3307 medio
1054 3268 1210 3307 saeculo
1226 3267 1378 3306 decimo

445 3335 555 3367 sexto
580 3332 756 3380 scripsit.
784 3342 919 3369 rvr-,usa
943 3332 1060 3370 etiam
1089 3341 1180 3369 cum
1213 3331 1380 3369 Azenia-

447 3392 516 3426 nie.
541 3391 650 3428 ΒικίΙ.
683 3392 789 3429 17367.
815 3394 849 3429 8.
875 3398 914 3429 ct
936 3394 971 3429 in
991 3392 1146 3431 Oceano
1166 3394 1272 3433 Juris
1293 3394 1378 3431 sive

1282 272 1629 311 DAMASUS

1479 345 1667 384 Tractatu
1693 349 1935 386 tractatuum
1960 352 2056 386 tom.
2088 347 2240 394 XVIII,
2278 358 2314 398 p.
2341 348 2431 386 506.

1478 406 1671 456 Ejusdem
1695 407 1854 447 Damasi
1880 410 2072 460 scriptum
2113 420 2183 460 pro
2221 409 2432 460 Religionis

1477 468 1701 508 Catholicae
1726 480 1821 519 pace
1845 475 1885 508 et
1908 470 2116 510 concordia
2141 470 2190 511 ad
2210 470 2431 511 Germanos

1474 530 1549 569 An.
1572 531 1674 569 4558
1691 530 1843 570 editum
1861 537 2055 571 memorat
2070 533 2194 572 David
2215 533 2429 573 Czwittin-

1473 603 1593 642 gerus
1630 594 1667 630 in
1711 594 1929 644 specimine
1962 594 2183 645 Hungariae
2233 595 2430 634 litteratae

1474 665 1561 705 pag.
1587 655 1675 693 443.

1524 714 1783 756 DAMIANUS
1801 717 1990 762 Crassus,
2012 717 2236 768 Ripolensis
2259 719 2429 759 Insuber

1471 777 1563 817 Ord.
1603 778 1921 818 Praedicatorum
1945 808 1954 827 ,
1996 779 2131 818 docuit
2175 779 2426 832 Theologiam

1472 840 1698 890 praefectus
1720 840 1895 890 Collegio
1912 841 1950 879 S.
1968 840 2142 879 Thomae
2159 842 2199 880 in
2215 840 2427 882 Academia

1472 903 1668 941 'l'icinensi
1692 931 1700 951 ,
1725 902 1901 952 obiitque
1925 902 2000 941 An.
2027 903 2144 942 4545.
2166 903 2327 943 Praeter
2362 915 2429 943 vo-

1473 964 1603 1003 lumen
1646 964 2034 1005 Commentariorum
2063 963 2104 1003 in
2131 962 2280 1004 librum
2313 963 2425 1015 Jobi,

1472 1029 1545 1066 An.
1573 1028 1673 1067 4506
1697 1026 1850 1067 editum
1877 1032 2122 1067 memoratur
2150 1026 2239 1078 ejus
2270 1027 2427 1068 libellus

1472 1089 1744 1140 quaestionum
1773 1088 1820 1128 de
1853 1090 1892 1128 S.
1925 1089 2076 1128 Joaune
2108 1088 2366 1141 Evanqelista
2388 1093 2427 1129 et

1472 1150 1518 1190 de
1541 1151 1626 1203 ejus
1662 1151 1853 1206 affinitate
1888 1155 1926 1190 et
1960 1151 2300 1203 consanquinitate
2334 1162 2424 1191 cum

1474 1213 1642 1253 CHristo
1662 1213 1837 1264 Domino,
1855 1219 1993 1254 contra
2015 1213 2243 1254 Samuelem
2267 1214 2316 1254 de
2332 1215 2428 1254 Cas-

1470 1278 1586 1324 sinis,
1609 1276 1745 1315 Ordin.
1767 1274 1901 1316 Minor.
1927 1276 2061 1316 editus
2086 1276 2162 1316 An.
2188 1277 2304 1316 4506.
2327 1276 2425 1317 Vide

1469 1338 1716 1378 Altamuram
1733 1350 1770 1390 p.
1789 1338 1878 1379 237.
1890 1338 2082 1378 Jacobum
2095 1337 2315 1378 Echartum
2328 1342 2424 1378 tom.

1468 1401 1519 1450 2,
1544 1412 1629 1452 pag.
1656 1401 1698 1440 34
1741 1405 1781 1439 et
1804 1401 1910 1452 Nigri
1941 1400 2149 1440 historiam
2186 1401 2423 1452 scriptorum

1467 1463 1784 1502 Florentinorum
1814 1473 1900 1514 pag.
1937 1463 2026 1502 tto.
2064 1463 2121 1502 De
2157 1462 2317 1514 scriptis
2355 1463 2425 1502 Sa-

1468 1525 1611 1564 muelis
1627 1525 1675 1564 de
1699 1526 1877 1564 Cassinis
1894 1526 2027 1576 (quem
2047 1525 2242 1565 Joannem
2258 1524 2308 1565 de
2327 1525 2423 1566 Cas-

1466 1589 1564 1626 sivis
1579 1588 1641 1626 alii
1663 1599 1868 1639 perperam
1891 1591 2049 1637 vocant)
2064 1588 2255 1627 Damiano
2277 1587 2420 1627 Crasso

1466 1650 1514 1689 de
1537 1651 1696 1701 Ripolis,
1720 1651 1910 1702 oppositis
1935 1651 2084 1689 mentio
2105 1648 2211 1701 apud
2231 1648 2422 1688 Waddin—

1468 1724 1588 1763 gum,
1614 1724 1698 1763 pag.
1721 1713 1797 1752 343
1813 1744 1823 1762 ,
1849 1723 1933 1763 seq.

1521 1774 1780 1814 DAMlANUS
1795 1803 1806 1822 ‚
1830 1773 2050 1826 Episcopus
2082 1774 2329 1823 Tioinensis‚
2353 1775 2421 1824 qui

1466 1836 1597 1875 adhuc
1620 1836 1832 1888 presbyter
1861 1836 1936 1875 sub
1959 1837 2118 1874 nomine
2141 1834 2422 1884 MANSUETI,

1460 1897 1663 1937 Ecclesiae
1687 1897 1994 1937 Mediolanensis
2016 1896 2313 1949 Archiepisoopi
2334 1922 2346 1947 ,
2380 1901 2421 1937 et

1462 1962 1622 1999 Patrum
1644 1960 1790 2011 Synodi
1807 1959 2112 1999 Mediolanensis
2126 1958 2201 1998 An.
2219 1958 2295 1999 679
2317 1961 2414 1998 scri-

1459 2025 1538 2073 psit
1561 2021 1779 2075 Epistulam
1798 2026 1919 2073 atque
1952 2021 2254 2073 Eoeposittonem
2277 2025 2411 2061 rectae

1459 2084 1573 2122 Fidei
1587 2089 1724 2123 contra
1746 2083 2052 2131 Monotheletas,
2077 2095 2197 2134 quam
2224 2085 2260 2122 in
2293 2088 2408 2124 sexta

1458 2146 1617 2196 Synodo
1641 2145 2077 2196 constantinopolitana
2094 2145 2180 2194 (An.
2205 2147 2310 2196 680.)
2331 2157 2409 2186 non

1456 2208 1652 2246 mediocre
1677 2207 1909 2258 suffragium
1933 2207 2076 2245 tulisse
2100 2207 2239 2246 scribit
2263 2208 2412 2248 Paulus

1456 2271 1652 2309 Diaconus
1675 2270 1723 2309 Vl
1743 2299 1751 2318 ,
1778 2270 1812 2308 t.
1837 2268 1886 2308 de
1909 2270 2033 2320 gestis
2057 2269 2406 2321 Langobardorum

1457 2337 1497 2370 ct
1519 2333 1759 2371 llumbertus
1783 2331 1980 2371 adversus
2016 2332 2194 2371 Nicetam
2235 2332 2415 2372 Pectora—

1459 2399 1558 2443 tum,
1582 2394 1630 2433 ad
1654 2393 1801 2433 calcem
1819 2395 1914 2432 tomi
1936 2394 2004 2432 XI.
2023 2392 2237 2433 Annalium
2254 2395 2408 2433 Baronii

1459 2469 1494 2507 p.
1515 2456 1605 2494 798.
1630 2458 1686 2495 De
1710 2456 1783 2495 hoc
1807 2457 1998 2496 Damiano
2022 2455 2216 2507 Ughellus
2250 2461 2345 2496 tom.
2376 2459 2410 2497 4.

1459 2519 1592 2558 ltaliae
1628 2528 1764 2558 sacrae
1800 2528 1886 2570 pag.
1913 2519 2030 2558 4082.
2061 2516 2241 2570 Epistola
2267 2520 2331 2559 illa
2355 2523 2414 2559 at-

1458 2593 1535 2632 que
1567 2582 1760 2632 expositio
1796 2581 1904 2620 Fidei
1930 2588 2049 2633 saepe
2082 2580 2187 2620 edita
2211 2582 2350 2621 Latine
2372 2583 2410 2621 in

1458 2645 1576 2681 tomis
1599 2643 1866 2682 conciliorum
1891 2646 1984 2682 ante
2008 2642 2217 2683 Actionem
2243 2645 2410 2695 primam

1458 2706 1620 2744 Concilii
1645 2705 1778 2753 sexti,
1804 2707 1911 2744 utin
1937 2704 2204 2745 narduiniana
2236 2709 2330 2745 tom.
2356 2707 2409 2755 3,

1458 2779 1544 2818 pag.
1576 2768 1670 2807 4054
1696 2797 1704 2816 ,
1732 2764 1850 2827 4οξξξϊ.

1514 2829 1771 2870 DAMIANUS
1793 2841 1820 2868 a
1843 2828 2011 2868 Finario
2028 2859 2039 2878 ,
2063 2828 2156 2869 Ord.
2181 2829 2316 2869 Praed.
2346 2829 2414 2869 de-

1457 2894 1617 2932 functus
1639 2894 1746 2943 Regii
1769 2892 1929 2943 Lepidi,
1950 2891 2024 2931 An.
2050 2891 2154 2931 4450
2174 2890 2292 2942 cujus
2316 2891 2410 2931 Pias

1455 2954 1722 2994 meditationes
1754 2958 1793 2994 et
1812 2965 2012 2994 sermones
2056 2953 2103 2992 de
2153 2956 2324 3005 tempore
2359 2965 2408 2993 ac

1455 3017 1500 3056 (Ie
1538 3017 1698 3057 Sanctis
1743 3021 1939 3056 memorat
1982 3017 2152 3055 Rovetta
2189 3019 2230 3054 et
2271 3026 2321 3054 ex
2360 3026 2406 3054 eo

1454 3080 1659 3119 fichardus
1675 3111 1684 3129 ,
1708 3084 1802 3118 tom.
1826 3080 1860 3117 4.
1885 3090 1972 3129 pag.
1996 3078 2086 3117 808.

1504 3141 1762 3181 DAMIANUS
1777 3140 1826 3179 de
1850 3139 1993 3188 Padua,
2017 3139 2084 3190 qui
2107 3141 2150 3177 et
2171 3137 2399 3177 Carrarien-

1452 3206 1531 3252 sis,
1556 3216 1605 3243 ex
1631 3203 1746 3242 nobili
1771 3203 1968 3242 Comitum
1992 3200 2136 3239 familia
2160 3198 2252 3238 Ord.
2277 3201 2400 3239 Mino-

1454 3279 1554 3315 rum,
1583 3265 1686 3304 diem
1710 3264 1804 3303 obiit
1826 3264 2043 3303 Cremonae
2061 3261 2138 3301 An.
2161 3261 2278 3301 4404.
2301 3260 2400 3312 Ejus

1455 3331 1671 3367 tractatum
1689 3328 1826 3366 contra
1840 3323 2051 3364 mulierum
2062 3321 2175 3376 fucos
2192 3326 2230 3362 et
2243 3322 2400 3364 vanita-

1456 3394 1510 3431 tes
1535 3390 1665 3430 laudat
1693 3387 1938 3440 Waddingus
1962 3399 2048 3439 pag.
2077 3387 2141 3426 99.
