2500 3841
928 238 1326 280 BELGICUM

123 319 218 359 Vide
238 315 447 356 Mabillonii
469 314 548 353 Iter
567 312 747 352 Italicum
768 323 853 363 pag.
878 311 964 352 444.
982 312 1082 351 Acta

122 382 359 420 Sanctorum
398 381 493 415 tom.
518 377 547 426 Ι,
584 374 730 426 Aprilis
766 386 852 426 pag.
883 376 958 413 866
997 386 1079 425 seq.

120 441 249 492 Hujus
279 440 467 490 reliquiae
490 437 671 477 Genuam
707 437 922 476 translatae
959 441 1078 484 sunt,

122 503 193 542 sed
216 502 376 541 videtur
398 505 533 540 tamen
566 499 672 539 Beda
695 499 817 538 Italus
850 499 991 548 aliquis
1013 510 1083 537 an-

125 576 211 604 sam
236 564 395 604 dedisse
418 562 619 602 traditioni
640 561 688 600 de
707 561 814 600 Beda
835 560 1053 600 Venerabili
1072 591 1080 610 ‚

120 627 267 666 Romae
287 626 442 677 sepulto
468 626 505 663 in
525 625 687 663 basilica
705 624 895 662 Vaticana
910 653 918 672 ‚
936 623 983 661 de
1003 634 1080 673 quo

123 691 327 729 Romanus
347 688 570 728 Canonicus
584 688 622 726 S.
639 687 742 726 Petri
758 690 849 725 ante
865 697 989 725 annos
1006 686 1080 725 550

121 754 161 791 in
185 751 450 802 descriptione
479 750 668 788 basiiicae'
686 750 724 788 S.
758 750 862 787 Petri
882 748 985 799 apud
1005 749 1084 787 Ma—

119 815 324 854 billonium
343 827 350 851 :
367 811 590 865 Requiescit
602 810 720 850 etiam
734 815 824 849 ante
838 813 997 862 portam
1015 821 1084 847 ar-

117 879 298 928 qenteam
309 906 321 925 ‚
343 873 416 915 sub
435 879 525 914 rota
545 873 696 913 scillcet
710 872 989 926 porphyretica
1007 901 1015 919 ,
1038 874 1085 909 ut

121 950 148 977 a
161 938 308 977 nostris
325 936 545 990 majoribus
565 935 790 987 accepimus
808 965 815 983 7
840 931 1101 974 Venerabilis·

119 1001 229 1040 Beda
256 999 486 1053 Presbyter,
515 999 587 1052 qui
618 997 715 1051 fecit
739 996 940 1037 homilias:
970 999 1009 1034 et
1035 993 1082 1033 ob

122 1063 206 1116 ejus
229 1063 492 1102 reverentiam
506 1061 662 1114 antiqui
681 1060 809 1100 nostri
826 1059 986 1111 penitus
1007 1068 1084 1095 non

122 1124 354 1177 transibant
383 1136 460 1176 per
487 1136 590 1174 eam,
610 1134 680 1162 nee
699 1134 768 1162 nos
799 1120 973 1160 transire
990 1130 1085 1170 per-

121 1185 334 1226 mittebant.
359 1188 507 1226 Omitto
531 1187 579 1235 3)
605 1184 786 1226 Natalem
824 1181 1083 1232 BEDAMju-

121 1252 298 1299 niorem,
323 1251 408 1289 sive
429 1246 635 1289 BEDDAM
653 1249 862 1287 Doctorem
890 1246 1086 1284 Parisien-

122 1323 233 1359 sem,
257 1312 454 1352 fervidum
477 1311 607 1350 Jacobi
631 1310 744 1349 Fabri
779 1313 900 1359 atque
926 1308 1082 1347 Erasmi

124 1374 399 1413 adversarium
422 1373 656 1413 defunctum
673 1373 776 1410 circa
791 1370 951 1410 Annum
970 1371 1084 1409 4536.

119 1436 171 1475 de
193 1447 272 1486 quo
290 1436 448 1475 Baelius
468 1437 508 1473 in
530 1436 674 1474 Lexico
690 1464 698 1482 ,
716 1433 941 1472 Ludovicus
963 1433 1086 1471 Ellies

121 1498 176 1537 du
191 1499 258 1536 Pin
276 1502 370 1536 tom.
390 1498 497 1537 XIV.
519 1497 702 1536 Biblioth.
725 1496 877 1536 Eccles.
900 1506 986 1546 pag.
1009 1494 1085 1534 457

120 1564 162 1598 et
180 1559 400 1599 Richardus
427 1559 565 1599 Simon
586 1559 650 1598 lib.
675 1559 710 1598 3.
728 1559 871 1597 Hister.
888 1558 981 1597 Crit.
999 1569 1085 1608 pag.

124 1622 200 1661 489
218 1651 227 1671 ,
249 1622 325 1660 498
342 1651 351 1671 ⁷
377 1622 467 1662 524.
487 1622 642 1674 Scripta
656 1619 744 1671 ejus
766 1624 923 1671 praeter
941 1619 1090 1659 Censu-

120 1694 194 1723 ras
217 1683 291 1723 An.
318 1685 421 1725 4524
446 1688 486 1723 et
510 1685 614 1725 4525
638 1684 790 1731 editas,
812 1687 932 1722 sunt:
958 1681 1089 1720 Anno-

121 1737 313 1777 tationum
348 1740 387 1776 in
420 1737 588 1777 Erasmi
606 1737 869 1788 paraphrases
893 1737 992 1775 Novi
1016 1737 1089 1775 Te-

127 1810 341 1858 stamenti,
362 1813 403 1848 et
415 1807 557 1847 Jacobi
571 1807 700 1847 Fabri
718 1807 1034 1848 Commentarios
1050 1807 1089 1844 in

121 1871 401 1922 Evangelistas
440 1871 631 1921 Paulique
668 1869 896 1921 Epistolas‚
922 1868 1009 1907 libri
1038 1868 1089 1906 III

122 1933 218 1972 editi
238 1934 396 1972 Parisiis
422 1934 523 1972 4526
551 1933 614 1971 fol.
639 1933 684 1971 In
714 1933 893 1972 Censura
928 1934 1090 1969 senten-

123 1997 218 2035 tiam
255 2007 371 2034 suam
404 1997 516 2034 inter
539 1995 612 2034 alia
650 1997 811 2045 exponit
835 1994 896 2031 his
927 1993 1086 2031 verbis:

124 2056 308 2110 Confecto
345 2056 516 2097 Lutbero
535 2086 544 2103 ,
585 2068 662 2094 non
692 2059 820 2108 potest
845 2066 911 2093 res
955 2053 1090 2093 Eccle-

122 2118 286 2158 siastica
321 2129 406 2158 esse
442 2117 651 2158 incolumis
672 2150 682 2167 ,
720 2117 802 2156 nisi
829 2116 1088 2169 conjiciantur

124 2184 163 2220 et
196 2180 498 2221 Graecissantes
528 2179 714 2232 Theoloyi.
743 2179 959 2232 Respondit
992 2180 1089 2218 Era-

123 2254 238 2283 smus
259 2243 334 2283 An.
362 2244 464 2283 4526
488 2249 582 2283 tom.
613 2245 679 2284 IX.
705 2244 880 2294 Operum
904 2253 990 2293 pag.
1016 2242 1092 2280 366

122 2317 205 2356 sec}
242 2310 512 2357 supputatque
535 2317 698 2357 operose
725 2305 854 2344 Bedae
883 2304 1088 2343 mendacia

122 2369 332 2409 CLXXXI.
359 2369 591 2408 Calumnias
607 2368 744 2408 CCCX
761 2372 801 2406 et
815 2367 1088 2417 Blasphemias

120 2433 280 2480 XLVII⁷
300 2443 386 2483 pag.
424 2431 500 2470 426
524 2442 610 2481 seq.
631 2441 676 2469 ac
697 2430 902 2480 speciatim
927 2439 1089 2479 respon—

123 2493 192 2532 det
214 2493 261 2531 ad
289 2497 426 2532 notata
449 2491 537 2542 ejus
559 2503 646 2542 pag.
673 2491 748 2530 366
784 2502 865 2540 seq.
892 2489 1086 2529 574-«588.

126 2554 344 2605 Respondit
367 2559 408 2592 et
427 2554 550 2592 Faber
566 2582 573 2601 ‚
589 2554 651 2592 cui
670 2552 804 2592 itidem
819 2553 1087 2591 controversia

121 2617 196 2655 alia
218 2615 366 2666 duplex
381 2627 474 2654 cum
497 2614 605 2654 Beda
627 2616 875 2663 intercessit,
900 2615 966 2663 qui
995 2625 1088 2652 con-

123 2682 185 2717 tra
200 2678 371 2717 Fabrum
387 2681 427 2716 et
442 2676 718 2715 Clichtoveum
734 2677 891 2726 scripsit
905 2674 951 2712 de
966 2674 1086 2712 unica

123 2737 358 2791 Maqdalena
366 2738 440 2778 An.
451 2740 465 2778 4
476 2740 517 2777 54
528 2739 565 2785 9,
578 2739 598 2776 4
611 2741 651 2775 et
665 2742 800 2776 contra
816 2737 928 2776 Fabri
944 2736 1085 2786 Apolo-

122 2804 225 2854 giam
230 2813 307 2853 pro
317 2799 479 2852 filiabus
493 2803 530 2838 et
543 2797 744 2851 nepotibus
755 2796 951 2847 S.Annae,
961 2798 1049 2837 ibid.
1062 2799 1083 2837 4

128 2865 278 2906 Contra
305 2861 565 2902 clandestinos
588 2861 832 2900 Lutlicranos
852 2860 897 2899 A.
921 2860 1021 2899 4529
1047 2861 1081 2898 4.

122 2928 283 2968 Notavit.
302 2927 422 2965 etiam
445 2927 483 2964 in
500 2924 739 2964 Bibliotheca
756 2933 866 2962 sacra
882 2922 958 2960 MS.
969 2923 1084 2961 ,loan-

123 3000 196 3029 nes
207 2989 386 3029 Molanus
401 2987 522 3038 hujus
538 2985 667 3025 Bedae
683 2995 772 3024 esse
788 2983 1083 3023 Restitutionem

127 3052 170 3092 in
187 3052 385 3104 inteyrum
416 3047 688 3090 benedictionis
726 3046 832 3086 cerei
852 3044 1082 3093 Pasa-hatis,

126 3116 213 3155 sine
233 3116 392 3154 nornine
411 3113 583 3152 auctoris
599 3111 755 3150 Parisiis
771 3119 958 3147 excusam
982 3108 1082 3146 4520

125 3173 193 3217 4.““
214 3182 352 3217 contra
371 3176 561 3215 Jodocum
586 3173 871 3214 Clichtoveum.
894 3168 952 3208 Ad
976 3169 1082 3209 hune

126 3239 275 3279 Bedam
297 3241 432 3291 plures
455 3240 617 3278 exstant
635 3235 788 3276 Erasmi
810 3232 1020 3284 Epistolae⁷
1040 3236 1083 3272 ut

124 3304 249 3344 amico
273 3305 454 3354 scriptae.

180 3366 400 3408 chronicon
415 3374 601 3415 maynum
615 3364 676 3404 BE
685 3361 793 3401 LGIC
804 3360 887 3410 UM,
905 3361 953 3401 ab
969 3359 1081 3400 Anno

2032 234 2105 273 181

1154 315 1306 353 CHristi
1331 312 1380 352 54
1404 311 1453 351 ad
1490 311 1591 351 4470
1619 312 1778 349 auctore
1800 306 1865 346 vel
1901 306 2109 345 collectore

1153 377 1311 416 Ordinis
1347 373 1624 425 Augustiniani
1647 371 1934 411 Canonicorum
1957 368 2111 419 regula-

1154 441 1256 478 rium
1280 438 1458 489 religioso
1478 447 1597 487 prope
1613 434 1809 474 Neussam
1831 433 1916 470 sive
1936 431 2111 470 Nussam

1153 502 1201 541 ad
1224 501 1406 539 Rhenum
1424 528 1432 547 ,
1449 497 1639 537 dioecesis
1663 494 1908 534 Coloniensis
1928 494 1994 542 qui
2016 493 2111 531 scri-

1151 564 1280 615 psisse
1319 572 1362 600 sc
1398 563 1569 599 testatur
1599 557 1672 596 An.
1699 556 1801 596 4498
1825 555 1976 593 editum
2000 566 2023 592 a
2046 555 2109 591 Jo-

1153 636 1256 665 anne
1280 623 1442 663 Pistorio
1465 625 1571 658 tomo
1590 621 1706 657 tertio
1741 619 1978 668 scriptorum
2015 616 2112 654 Ger-

1156 688 1340 725 manicor.
1360 682 1534 722 Francof.
1558 680 1659 720 4607
1684 680 1745 718 fol.
1767 690 1853 730 pag.
1871 679 1999 718 4-456
2015 677 2111 716 Vide

1154 749 1315 798 Pagium
1328 745 1376 785 ad
1392 744 1552 783 Annum
1571 742 1671 782 4477
1690 753 1726 779 n.
1749 741 1798 779 20
1820 745 1859 779 et
1880 743 1920 778 B.
1938 740 2110 779 Hubneri

1155 809 1280 848 nostri
1303 805 1584 845 Bibliothecam
1602 803 1828 841 historicam
1845 802 2113 851 Hamburgen—

1155 882 1241 909 sem
1265 873 1372 908 torno
1395 868 1503 916 vlu,
1528 878 1613 918 pag.
1640 866 1717 905 224
1743 876 1825 914 seq.

1207 930 1293 970 Alia
1316 935 1453 970 vetera
1470 928 1665 970 Chronica
1687 926 1845 978 Belyica
1861 927 1996 964 Latine
2017 937 2113 963 non-

1156 993 1280 1043 nulla,
1297 994 1371 1032 alia
1394 993 1513 1031 etiam
1537 992 1691 1041 Belgice
1712 990 1859 1039 scripta
1881 992 2042 1025 exstant
2073 989 2111 1025 in

1155 1055 1316 1095 Antonii
1328 1054 1520 1095 Matthaei
1531 1053 1719 1106 praeclari
1735 1053 1830 1099 Viri,
1847 1051 1932 1090 JCti
1952 1049 2115 1087 Leiden-

1157 1120 1236 1167 sis,
1261 1120 1329 1169 qui
1352 1118 1428 1157 An.
1448 1117 1542 1158 4744
1574 1116 1694 1155 rebus
1709 1114 1895 1154 humanis
1910 1111 2112 1157 valedixit,

1157 1181 1359 1220 Analectis
1392 1181 1546 1220 Veteris
1570 1180 1682 1226 aevi,
1708 1190 1809 1228 quae
1832 1177 1969 1216 decem
2000 1178 2115 1216 Volu-

1161 1244 1334 1282 minibus
1351 1242 1474 1293 Lugd.
1490 1243 1628 1281 Batav.
1655 1242 1781 1290 4698,
1807 1241 1922 1291 4740,
1943 1241 2012 1278 8.'⁰
2028 1252 2116 1291 pro-

1157 1305 1317 1345 dierunt
1339 1310 1379 1344 et
1401 1306 1586 1344 distincte
1606 1307 1866 1342 recensentur
1880 1305 1919 1341 in
1935 1303 2115 1341 laudatae

1158 1368 1422 1408 Bibliothecae
1437 1368 1646 1406 historicae
1669 1370 1776 1404 tomo
1791 1365 1943 1404 decimo
1957 1394 1964 1410 ,
1979 1366 2114 1404 statim

1159 1432 1234 1471 sub
1258 1433 1426 1470 initium.

1212 1494 1475 1533 BELLATOR
1510 1492 1722 1542 Presbyter
1744 1503 1766 1529 a
1788 1490 2002 1529 Trithemio
2030 1501 2113 1540 cap.

1160 1558 1250 1597 268.
1275 1558 1387 1597 Sixto
1408 1556 1594 1603 Senensi,
1613 1554 1817 1594 Lambecio
1837 1554 2000 1602 aliisque
2015 1553 2116 1590 male

1159 1621 1331 1660 refertur
1349 1618 1398 1658 ad
1419 1618 1622 1657 saeculum
1647 1627 1815 1655 nonum:
1832 1616 1880 1654 ab
1902 1615 2117 1665 Heidegge-

1160 1695 1203 1722 ro
1222 1696 1259 1734 p.
1286 1682 1376 1721 520.
1403 1679 1774 1728 Hieromnemonici‚
1814 1678 2025 1716 pontificiis
2054 1687 2117 1715 ac—

1159 1749 1347 1784 censetur
1370 1742 1642 1794 scriptoribus:
1661 1741 1731 1780 sed
1754 1744 1910 1780 constat
1929 1752 2021 1779 eum
2038 1740 2120 1778 lau-

1163 1808 1246 1847 dari
1268 1818 1290 1845 a
1310 1805 1563 1853 Cassiodoro,
1581 1805 1649 1854 qui
1668 1815 1752 1855 cap.
1771 1805 1785 1843 4
1809 1803 1858 1842 de
1873 1805 2119 1843 institutione

1163 1871 1396 1910 Divinarum
1434 1868 1675 1913 litterarum,
1699 1877 1790 1904 cum
1829 1871 2014 1916 negasset
2040 1867 2120 1916 pri-

1163 1944 1252 1972 scas
1273 1931 1571 1983 explanationes
1594 1928 1634 1966 in
1658 1926 1804 1966 librum
1820 1927 1921 1966 Ruth
1946 1939 2116 1978 usquam

1160 1997 1339 2047 potuisse
1373 2005 1416 2032 se
1445 1993 1616 2043 reperire
1634 2021 1643 2039 ‚
1683 1990 1905 2041 subjungit:
1932 1989 2116 2029 Novellas

1162 2061 1298 2096 autem
1320 2056 1455 2096 virum
1479 2052 1820 2105 reliqiosissimum
1837 2051 2119 2103 Presbyterum

1160 2121 1396 2160 Bellatorem
1420 2117 1586 2156 condere
1603 2115 1806 2168 persvasi‚
1831 2115 1903 2166 qui
1921 2114 2047 2153 inulta
2071 2115 2118 2153 cle

1155 2182 1384 2235 praeconiis
1403 2177 1520 2233 hujus
1541 2178 1749 2232 foeminae,
1787 2177 1963 2216 aliarum
1987 2176 2122 2216 subse-

1160 2246 1381 2298 quentium,
1402 2241 1555 2283 duobus
1580 2240 1694 2281 libris
1717 2240 1872 2293 copiosa
1887 2239 2003 2278 laude
2026 2239 2122 2278 cele-

1163 2307 1305 2348 bravit.
1326 2307 1434 2347 Idem
1459 2306 1585 2357 capite
1608 2305 1762 2354 quinto,
1786 2302 1889 2353 quod
1914 2314 1963 2340 ex
1987 2314 2032 2341 eo
2062 2314 2122 2340 re-

1161 2374 1261 2422 petit
1279 2372 1399 2410 etiam
1424 2368 1653 2419 Sigebertus
1681 2367 1808 2416 capite
1851 2366 1900 2402 88
1929 2364 1976 2403 de
2006 2365 2044 2402 S.
2075 2366 2119 2402 E.

1161 2433 1386 2485 Sapientiae
1408 2429 1619 2470 voluminis
1658 2427 1925 2480 empostionern
1953 2425 2122 2476 Presby-

1163 2499 1222 2534 ter
1241 2495 1411 2534 Bellator
1432 2496 1514 2531 octo
1540 2491 1787 2542 (Sieebertus
1811 2489 1968 2540 septem)
2005 2487 2119 2526 libris

1161 2568 1202 2596 se
1224 2555 1480 2595 assumsissie
1504 2557 1669 2592 testatus
1692 2555 1767 2597 est,
1788 2562 1906 2602 quam
1923 2561 2010 2587 curn
2027 2548 2119 2588 aliis

1161 2617 1361 2669 opusculis
1377 2618 1462 2668 ejus
1474 2616 1632 2668 pariter
1651 2613 1902 2654 sustinemus.
1920 2613 1970 2650 Et
1989 2613 2117 2661 eapite.

1160 2684 1295 2719 sexto:
1343 2679 1483 2717 Tobiae
1530 2680 1663 2714 autem
1700 2675 1740 2712 in
1775 2672 1888 2712 libris
1923 2673 2116 2723 quinque,

1158 2741 1305 2781 Esther
1324 2740 1364 2778 in
1378 2738 1492 2777 libris
1507 2748 1601 2785 seat,
1619 2739 1637 2774 J
1644 2736 1754 2774 uditb
1771 2734 1810 2772 in
1826 2733 1938 2772 libris
1954 2738 2115 2784 septem,

1160 2807 1198 2842 et
1217 2802 1541 2842 Machabaeorum
1576 2799 1616 2837 in
1639 2796 1751 2836 libris
1771 2795 1940 2837 (luobus.
1966 2797 2117 2835 Graeco

1159 2875 1336 2904 sermone
1356 2861 1534 2913 singulas
1559 2859 1738 2898 homilias
1762 2859 1966 2909 eoepositos
1981 2860 2117 2905 Orige-

1158 2928 1219 2965 nis
1244 2925 1389 2973 inveni,
1414 2936 1514 2975 quae
1539 2922 1712 2975 ejusdem
1735 2921 1913 2972 reliyiosi
1934 2920 2017 2959 viri
2030 2921 2116 2959 Bel-

1157 2989 1292 3027 latoris
1327 2984 1460 3025 labore
1484 2984 1703 3023 translatae
1736 2987 1854 3022 sunt.
1882 3013 1889 3020 .
1917 3013 1924 3020 .
1952 3013 1959 3020 .
2005 2981 2119 3021 Libri

1157 3061 1250 3089 vero
1270 3049 1564 3088 Maeabaeorum
1589 3059 1614 3085 a
1637 3045 1864 3097 supradicto
1888 3044 2012 3082 amico
2050 3056 2116 3082 no-

1157 3115 1239 3151 stro
1269 3112 1460 3150 Bellatore
1488 3108 1625 3148 sedula
1658 3107 1918 3160 empositione,
1947 3106 2110 3145 Domino

1147 3174 1316 3225 juvante
1338 3171 1501 3224 consecti
1521 3175 1623 3211 sunt.
1657 3172 1762 3209 Vixit
1794 3169 1923 3208 adhuc
1957 3170 2110 3208 Cassio-

1158 3236 1277 3274 dorus
1316 3234 1430 3273 Anno
1471 3235 1558 3273 562.
1598 3234 1801 3272 Bellatoris
1836 3232 1930 3270 nihil
1959 3243 2007 3270 ex
2052 3232 2113 3270 liis

1158 3297 1315 3347 seriptis
1338 3295 1385 3334 ad
1414 3307 1484 3334 nos
1506 3296 1758 3346 pe1‘venit,et
1781 3294 1960 3333 homilias
1980 3294 2114 3344 Orige-

1161 3361 1222 3398 nis
1246 3360 1283 3397 in
1300 3359 1538 3399 Matthaeum
1556 3369 1602 3396 ex
1624 3357 1726 3396 illius
1750 3357 1931 3396 versione
1956 3368 2026 3395 nos
2047 3358 2114 3396 ha-
