2500 4009
420 229 497 268 '⁴80

416 301 703 339 Conirrwiitutor
727 294 947 344 appellatus
966 322 976 339 ,
1011 293 1199 341 quoniam
1236 292 1361 331 fertur

413 361 500 410 ejus
519 359 728 411 plusquam
751 357 1006 392 commentum
1029 352 1067 390 in
1085 352 1222 390 Arcem
1246 352 1362 392 Gale-

414 423 478 459 m':
520 426 606 471 post
644 418 854 455 editionem
900 414 1092 452 Venetam
1141 414 1215 453 Au.
1256 417 1269 454 4
1283 416 1357 453 504

412 485 568 532 saepius
591 478 732 517 deinde
757 477 906 514 editum
931 505 939 521 ,
964 477 1211 525 recognitum
1236 477 1356 514 etiam

411 550 446 581 et
473 541 750 590 locupletatum
766 549 788 576 a
807 538 909 576 lulio
926 539 1114 576 Martiano
1130 539 1239 576 Rota.
1262 537 1358 576 Vide

409 603 582 642 Mei-klini
609 600 888 640 bibliothecam
914 598 1102 638 Medicam
1129 593 1213 650 pag.
1241 598 1356 638 4034.

409 665 576 713 >mugeti
598 669 692 701 toni.
716 664 751 700 τὶ.
775 674 859 713 pag.
883 662 961 699 205
986 666 1026 699 et
1050 661 1140 700 Julii
1175 662 1279 711 Nigri
1301 661 1360 698 hi-

406 728 566 764 storiam
616 726 854 775 scriptorum
904 724 1220 762 Florentinorum
1271 734 1358 774 pag.

404 788 479 825 5¹ss
497 818 506 834 ‚
533 798 614 837 seq.
637 789 702 837 qui
729 791 886 837 praeter
910 785 1095 824 libellum
1117 784 1205 835 ejus
1230 784 1276 823 de
1292 784 1360 836 hy-

398 848 567 899 postasi.
592 850 720 894 etiam
744 847 784 885 in
819 846 1061 886 ,lvicennam
1087 845 1358 898 praefationes

403 916 595 948 memorat
614 941 624 957 ¹,
649 915 689 948 et
721 911 904 948 (Iunones
940 907 1155 946 balnewzcli
1185 909 1357 951 LXXXI,

401 983 451 1009 ex
496 972 599 1009 illius
643 972 857 1022 plusquam
888 975 1116 1009 commento
1150 970 1359 1020 decerptos

402 1038 512 1070 notat
538 1045 701 1072 recusos
726 1044 934 1072 occurrere
956 1034 994 1070 in
1016 1044 1132 1083 opere
1150 1034 1300 1071 Veneto
1314 1032 1362 1071 de

404 1096 568 1133 balneis.

457 1156 711 1195 Christianus
738 1156 1102 1204 DRCTHMARUS,
1125 1156 1173 1195 de
1197 1168 1276 1206 quo
1296 1168 1363 1195 su-

401 1230 468 1268 pra
488 1221 523 1256 in
544 1218 844 1257 CllltlSTIANO
861 1223 954 1256 tom.
974 1221 987 1258 4
1006 1250 1013 1267 ,
1032 1230 1118 1269 pag.
1151 1219 1240 1258 345.
1273 1229 1355 1269 seq.

453 1281 492 1318 S.
511 1282 777 1319 DtTBRlClL'S
801 1280 979 1319 Geminus
1000 1312 1009 1328 ‚
1026 1281 1358 1331 Archiepiscopus

402 1342 514 1379 Urbis
543 1344 754 1393 Legionum
777 1343 823 1381 ad
851 1345 976 1381 lseam
1002 1344 1168 1382 iluvium
1205 1344 1243 1380 in
1277 1344 1359 1381 Bri-

401 1406 534 1442 tannia
573 1403 789 1453 (Coei-leon)
826 1406 1000 1444 Concilio
1024 1405 1223 1444 adversus
1251 1405 1359 1444 Pela-

399 1469 534 1513 gianos
562 1469 664 1505 cirea
686 1467 847 1506 Annum
875 1468 964 1506 5⁴⁶2.
990 1467 1122 1505 habito
1149 1467 1353 1513 interfuit,

399 1529 584 1578 diemque
604 1530 698 1568 obiit
719 1530 793 1568 An.
813 1530 901 1568 522.
922 1528 1018 1567 Vide
1040 1529 1353 1579 Speelmannum

396 1597 488 1628 tom.
513 1593 546 1629 4.
572 1591 718 1630 Concil.
746 1592 1004 1629 Britannicor.
1040 1602 1125 1641 pag.
1169 1591 1231 1628 60.
1268 1601 1351 1639 seq.

397 1653 612 1692 Lelandum
636 1665 720 1704 cap.
746 1654 808 1692 34.
832 1653 992 1692 Baleum
1019 1654 1181 1691 Centur.
1210 1653 1244 1691 4.
1268 1662 1353 1702 cap.

395 1718 458 1754 51.
482 1721 520 1753 et
547 1718 722 1754 Pitseum
744 1728 830 1767 pag.
851 1717 914 1753 94.
942 1715 1036 1754 Vide
1062 1716 1118 1752 sis
1142 1716 1260 1752 etiam
1287 1724 1354 1752 su-

395 1789 463 1827 pra
489 1779 525 1815 in
551 1778 768 1817 nxxuiLE
795 1778 967 1815 Arvonio
985 1787 1069 1827 pag.
1090 1776 1178 1814 4¹29.
1199 1780 1239 1813 et
1268 1775 1351 1814 DA-

395 1840 510 1878 vimi
535 1842 720 1878 Britanno
746 1851 829 1891 pag.
858 1840 945 1877 432.

450 1903 582 1940 DL'DO
604 1901 834 1949 Neustrius,
856 1903 1039 1940 Decanus
1065 1901 1102 1939 S.
1142 1900 1320 1946 Quintini
1338 1929 1347 1945 ,

392 1966 549 2014 scripsit
570 1964 616 2002 ad
657 1963 944 2002 Adalberonem
984 1964 1222 2013 Episcopum
1251 1963 1350 2000 Lau-

393 2026 615 2064 dunensem
635 2057 641 2069 ,
668 2025 713 2063 (Ie
739 2024 915 2064 moribus
940 2028 977 2062 et
999 2025 1102 2063 actis
1122 2024 1349 2075 primorum

395 2087 663 2125 Normcznniue
680 2088 832 2124 Ducum
848 2088 967 2124 libros
983 2091 1078 2133 tres,
1095 2086 1144 2124 ab
1161 2086 1348 2133 llastingo

395 2151 498 2194 Beue
522 2151 667 2187 huniae
688 2153 728 2186 et
752 2149 911 2186 Rollone
933 2150 1058 2198 primo
1087 2147 1348 2185 Normanniae

396 2213 527 2256 buco,
553 2212 618 2260 qui
640 2210 754 2248 Anno
779 2211 930 2247 Cllristi
954 2210 1042 2247 912.
1069 2209 1263 2258 baptismo
1285 2217 1350 2244 su-

395 2277 530 2322 scepto
556 2283 698 2309 nomen
723 2272 885 2309 Cllristo
909 2270 1040 2316 dedit,
1057 2280 1184 2319 usque
1200 2268 1248 2306 ad
1270 2268 1350 2306 An-

395 2346 488 2371 num
512 2335 599 2370 996.
623 2335 707 2369 sive
732 2333 881 2370 obitum
926 2331 1104 2370 lliehardi
1131 2333 1156 2369 1.
1188 2344 1208 2369 a
1234 2330 1348 2380 cujus

396 2396 538 2433 fratre,
564 2397 716 2433 Comito
737 2394 939 2443 ltuclolplio
965 2398 1121 2431 narrata
1161 2393 1231 2429 sibi
1272 2392 1350 2430 col-

395 2457 536 2505 legisse
561 2468 686 2506 eaque
711 2455 946 2494 scholastico
969 2454 1178 2493 cle'ctamine
1198 2453 1350 2505 scripta

395 2519 617 2568 relinquere
639 2520 807 2568 posteris
830 2517 938 2556 lludo
963 2522 1146 2557 testatur.
1183 2516 1283 2566 Ejus
1307 2516 1351 2553 li-

394 2580 482 2617 bros
503 2579 623 2617 edidit
649 2580 827 2617 Andreas
851 2579 904 2618 du
931 2580 1088 2618 Chesne
1114 2581 1149 2616 in
1186 2580 1351 2629 scripto-

394 2642 502 2679 ribus
527 2642 801 2679 Normannicis
827 2654 913 2691 pag.
949 2642 1009 2679 49.
1042 2642 1198 2680 Parisiis
1234 2640 1347 2679 4619.

395 2705 431 2741 in
459 2704 556 2741 solio.
585 2704 883 2754 l‘lurimumque.
900 2705 933 2741 ei
953 2704 1130 2742 tribuunt
1148 2702 1350 2741 GVlLEL-

394 2766 493 2804 Mus
512 2767 827 2810 (iemeticensis,
849 2767 915 2815 qui
938 2766 1065 2804 tribus
1090 2764 1286 2816 prioribus
1307 2763 1351 2801 li-

393 2827 472 2865 bris
495 2827 542 2865 de
568 2829 881 2866 Normaunorum
907 2832 1030 2877 gestis
1054 2826 1141 2876 ejus
1171 2826 1282 2876 sequi
1306 2835 1350 2863 se

393 2891 555 2939 vestigia
590 2902 665 2927 non
691 2889 907 2939 diffitetur,
934 2900 1005 2927 nec
1032 2900 1107 2926 non
1147 2887 1352 2925 ORDERI-

394 2952 489 2989 (ζιᾞι
514 2952 712 2990 ΥΙΤΛΙᾸΞ
737 2953 773 2989 in
799 2952 966 2990 llistoria
984 2948 1348 2998 Ecclesiastica7qui

393 3013 506 3050 ambo
528 3015 563 3050 in
589 3013 724 3051 eodem
748 3013 892 3051 laudati
914 3012 1125 3051 buehosnii
1145 3011 1349 3048 volumine

393 3075 587 3123 leguntur.
611 3075 813 3114 Videndus
837 3077 955 3113 etiam
987 3073 1180 3112 Claudius
1206 3074 1346 3110 ileme-

394 3146 508 3173 meus
533 3139 568 3173 in
607 3138 915 3187 antiquitatibus
952 3136 1064 3175 L'rbis
1100 3136 1140 3174 S.
1171 3133 1350 3180 Quintini

451 3238 636 3278 b313cquos
657 3240 683 3271 le
701 3243 788 3279 Loug
803 3241 1033 3279 bibliotheque
1059 3240 1245 3279 historique
1269 3240 1308 3271 de
1333 3239 1362 3270 la

397 3289 519 3317 Franco
538 3289 800 3327 1iag.502.num.
819 3289 909 3320 117⁸.
926 3298 1017 3328 seqq.
1035 3290 1206 3320 Mernoires
1220 3288 1261 3319 de
1275 3291 1355 3320 Tre·

395 3344 479 3365 *oux
499 3339 556 3364 An.
580 3336 666 3368 iri-2.
684 3347 758 3377 pag,
773 3339 845 3370 032»,
864 3343 894 3370 ρῑ
912 3342 972 3369 An.
997 3338 1083 3369 1713.
1105 3347 1176 3377 pag,
1199 3338 1289 3370 μμ,

1145 223 1663 265 DRUTHMARUS

1433 305 1518 345 pag.
1547 295 1636 334 407.
1662 297 1752 335 444.
1776 297 1888 343 Quod
1918 309 2015 337 vero
2051 300 2217 339 Vossius
2242 311 2278 351 p.
2305 301 2395 340 356.

1427 356 1580 405 judicat
1601 356 1802 397 Dodonem
1839 362 1992 410 po'etica
2031 363 2157 412 magis
2180 373 2302 412 quam
2331 362 2392 400 hi-

1430 419 1573 456 storica
1597 418 1674 456 tide
1702 421 1934 470 scripsisse,
1958 421 2055 461 adeo
2088 424 2234 463 multas
2270 423 2395 462 inser-

1431 480 1533 517 sisse
1559 480 1737 527 fabulas.
1764 482 1799 520 id
1825 483 1952 533 magis
1987 485 2105 523 etiam
2143 485 2310 536 probare
2333 486 2393 523 vi-

1432 552 1502 580 sus
1530 546 1593 580 est
1628 542 1755 581 (luido
1791 543 1955 582 Alexius
1999 546 2222 595 Lobineau,
2255 547 2387 597 quiin

1433 605 1596 641 minoris
1613 606 1837 643 Britanniae
1854 605 2016 644 historia
2030 606 2178 647 Gallice
2197 608 2303 647 edita
2323 609 2394 646 Pa-

1433 667 1537 704 risiis
1560 666 1673 705 4707.
1700 667 1761 704 fol.
1790 678 1865 704 non
1890 667 2046 707 dubitat
2065 671 2289 709 auctoritati
2310 670 2392 708 Du-

1432 728 1546 767 donis
1577 728 1747 766 multum
1778 727 1989 779 derogare:
2028 730 2180 781 Operae
2217 732 2390 782 pretium

1433 795 1566 828 tamen
1589 795 1651 828 est
1676 790 1838 839 videre,
1862 801 1964 840 quae
1988 802 2059 842 pro
2075 792 2289 832 asserenda
2302 792 2392 844 ejus

1434 853 1508 891 lide
1538 856 1673 890 contra
1704 852 1986 891 Lobineavium
2022 852 2223 904 disputata
2249 859 2345 893 sunt
2367 865 2388 893 a

1434 916 1582 953 Renato
1605 913 1777 953 Auberio
1802 913 1851 952 de
1889 915 2026 952 Vertot
2050 915 2088 952 in
2112 913 2390 954 dissertatione

1434 978 1618 1015 historica
1639 983 1672 1026 a)
1693 977 1840 1015 Gallice
1875 975 1981 1014 edita
2003 977 2161 1015 Parisiis
2185 975 2300 1016 4740.
2327 977 2390 1016 42.

1433 1040 1480 1078 (le
1503 1038 1542 1078 la
1562 1049 1779 1078 mouvauce
1799 1039 2014 1089 Bretayne,
2035 1042 2076 1077 et
2091 1049 2113 1077 a
2133 1037 2298 1078 Claudio
2314 1040 2392 1078 Μο-

1433 1103 1554 1141 lineto
1573 1104 1608 1140 in
1627 1102 1723 1140 libro
1741 1130 1748 1147 ‚
1765 1102 1827 1139 cui
1845 1101 1988 1139 titulus
2006 1113 2013 1139 :
2039 1099 2303 1139 Dissertatzon
2317 1111 2391 1140 sur

1433 1163 1472 1202 Ιιι
1492 1174 1706 1202 mouvonce
1725 1161 1772 1200 de
1795 1162 2004 1212 Bretaqne.
2022 1163 2045 1201 a
2062 1163 2171 1200 Paris
2192 1161 2307 1202 4744.
2329 1163 2388 1202 42.

1486 1226 1784 1275 DL'LClDlUS,
1818 1225 2031 1275 Presbyter
2069 1224 2308 1273 Toletanus‚
2350 1229 2392 1263 et

1431 1289 1620 1340 Alphonsi
1646 1289 1762 1338 Regis
1785 1287 1833 1326 ad
1859 1287 1975 1326 Abub
1998 1286 2204 1337 Alabum,
2228 1287 2391 1326 Sarace-

1430 1363 1568 1389 norum
1595 1352 1757 1398 Ducem,
1780 1349 1853 1388 An.
1880 1350 1969 1388 883.
1995 1349 2163 1400 legatus,
2188 1348 2280 1388 inde
2299 1349 2392 1400 Epi-

1428 1424 1573 1463 scopus
1598 1412 1920 1460 salmaticensis,
1946 1422 1968 1449 a
1988 1411 2160 1462 Josepho
2183 1411 2386 1450 Pellizerio

1433 1475 1664 1526 perhibetur
1681 1478 1820 1512 auctor
1838 1472 2028 1513 Chronica·
2041 1504 2050 1522 ,
2066 1473 2169 1524 quod
2188 1473 2390 1513 illustran-

1427 1538 1521 1577 dum
1545 1537 1615 1575 sibi
1638 1537 1785 1575 sumsit
1805 1540 1845 1574 et
1866 1547 1957 1574 eum
1983 1537 2089 1574 notis
2113 1534 2236 1573 edidit
2261 1536 2392 1574 Barci-

1429 1611 1530 1638 none
1550 1599 1663 1638 4663.
1687 1597 1722 1636 [ι.
1744 1597 1804 1637 Ab
1826 1598 2034 1636 Ambrosio
2049 1598 2180 1637 Morali
2197 1598 2391 1648 allegatur

1428 1661 1501 1700 hoc
1527 1660 1609 1711 jam
1640 1660 1716 1699 sub
1745 1660 1864 1699 titulo
1893 1658 2109 1698 Annalium
2140 1657 2390 1710 compluten-

1427 1723 1532 1762 sium
1548 1754 1558 1770 ,
1572 1722 1654 1772 jam
1678 1720 1834 1761 Codicis
1859 1720 2094 1760 Abeldensis
2114 1722 2300 1760 nomine:
2324 1722 2390 1760 Vi-

1423 1785 1496 1823 deo
1520 1786 1638 1823 etiam
1664 1784 1850 1834 Gregorio
1871 1783 2053 1834 Argaizio
2073 1786 2114 1821 et
2133 1783 2290 1822 Nicolao
2307 1782 2389 1822 An-

1424 1846 1529 1883 tonio
1555 1847 1690 1883 venire
1715 1846 1875 1883 nomine
1901 1843 2094 1884 Chroniei
2125 1843 2389 1884 AEmz'lz'anen-

1422 1907 1479 1946 sis
1494 1939 1504 1956 ‚
1529 1918 1575 1946 eo
1599 1906 1704 1958 quod
1730 1910 1937 1945 servatum
1961 1906 2014 1945 sit
2038 1907 2076 1944 in
2102 1906 2294 1946 tabulario
2318 1907 2388 1946 AE-

1423 1970 1668 2008 milianensis
1685 1969 1925 2007 monasterii.
1942 1967 2119 2007 Titulum
2137 1968 2176 2005 in
2191 1967 2384 2006 Pellizerii

1421 2030 1592 2069 editione
1618 2030 1723 2069 hunc
1748 2041 1841 2080 prae
1875 2041 1919 2068 se
1957 2030 2056 2068 fert:
2097 2028 2240 2081 Incipit
2276 2027 2378 2068 liber

1429 2091 1653 2140 Chronica,
1684 2103 1755 2130 seu
1788 2090 2066 2130 Fabularium.
2099 2092 2289 2130 Initium:
2323 2089 2385 2130 Ab

1421 2152 1550 2191 Adam
1566 2163 1693 2203 usque
1711 2151 1766 2191 ad
1781 2151 2382 2194 DiluviumAnm‘MMCCXLH.

1422 2219 1496 2252 etc.
1536 2216 1587 2253 Et
1621 2218 1710 2265 post
1733 2215 1996 2253 summarium
2033 2215 2212 2254 omnium
2247 2215 2381 2254 Mundi

1422 2277 1721 2327 generationum
1743 2286 1872 2325 usque
1889 2275 1936 2314 ad
1958 2275 2150 2326 Alphonsi
2166 2277 2296 2328 Regis,
2311 2277 2384 2316 Or-

1422 2338 1525 2377 donii
1547 2338 1611 2376 filii
1629 2369 1637 2387 ,
1652 2339 1814 2377 Annum
1838 2339 1976 2377 XVlll.
2002 2339 2290 2377 Incarnationis
2305 2340 2381 2378 Do-

1423 2401 1589 2439 minicae
1614 2402 1690 2439 883
1729 2405 1769 2438 et
1794 2411 1862 2439 sex
1885 2404 2063 2439 aetatum
2087 2399 2222 2439 Mundi
2245 2411 2384 2440 recen-

1422 2463 1601 2509 sionem,
1625 2462 1822 2512 Orbisque
1851 2464 1974 2500 totius
2012 2462 2294 2501 brevissimam
2315 2461 2384 2501 de-

1422 2524 2028 2575 scriptionem,dividiturtotum
2039 2524 2383 2575 opusinquatuor‚

1423 2587 1477 2624 uti
1505 2590 1645 2634 vocat,
1672 2584 1856 2633 ordines,
1893 2585 2050 2624 scilicet
2086 2586 2356 2625 Romanorum
2373 2615 2383 2635 ,

1423 2646 1637 2685 Gothorum
1651 2679 1661 2696 ,
1680 2646 1992 2686 Asturianorum
2010 2650 2047 2686 et
2067 2647 2378 2686 Saracenorum.

1423 2710 1632 2748 Caeterum
1653 2722 1730 2749 uon
1751 2709 1849 2748 adeo
1869 2710 2119 2760 exploratum
2140 2720 2230 2748 esse
2248 2738 2257 2757 ,
2278 2709 2384 2760 quod

1422 2775 1559 2810 auctor
1577 2771 1697 2822 hujus
1714 2772 1895 2811 Chroniei
1913 2773 1965 2810 sit
1980 2770 2203 2820 Duleidius‚
2221 2771 2385 2811 demon-

1425 2837 1524 2871 strat
1552 2833 1738 2871 laudatus
1766 2833 1949 2872 Nicolaus
1986 2831 2185 2872 Antonius
2218 2834 2281 2872 VI.
2321 2833 2384 2873 40.

1423 2895 1686 2933 Bibliothecae
1732 2896 1927 2945 Hispanae
1965 2895 2115 2933 veteris
2157 2905 2245 2946 pag.
2293 2895 2383 2935 365.

1421 2957 1586 2995 Erudite
1609 2958 1729 2995 etiam
1758 2957 1924 2995 brevem
1962 2957 2143 2996 notitiam
2171 2957 2387 3007 Episcopo-

1423 3030 1511 3057 rum
1543 3019 1753 3069 Hispaniae
1792 3018 1966 3056 illustrat
2001 3019 2038 3056 in
2078 3018 2144 3057 illo
2187 3018 2382 3057 Chronico

1423 3080 1580 3118 obviam
1603 3084 1693 3131 post
1712 3090 1844 3118 aeram
1867 3080 1957 3119 945.
1975 3081 2062 3118 sive
2084 3079 2248 3118 Annum
2267 3079 2385 3119 CHri-

1428 3143 1476 3178 sti
1506 3142 1595 3180 877.

1480 3203 1748 3242 DUNGALUS
1764 3202 1945 3241 reclusus
1957 3233 1968 3251 ,
1986 3203 2073 3240 sive
2090 3201 2305 3241 Monachus
2322 3213 2384 3242 so-

1432 3265 1597 3303 litariam
1624 3265 1755 3303 Vitam
1780 3263 1959 3312 ducens,
1983 3264 2142 3314 scripsit
2163 3262 2383 3315 Epistolam

1431 3324 1482 3363 ml
1505 3325 1694 3365 Coi-olum
1720 3326 1905 3375 Magynum
1925 3323 1972 3364 de
1995 3323 2145 3378 duplici
2161 3323 2303 3376 eclipsi
2314 3327 2383 3365 So-
