<?xml version="1.0" encoding="UTF-8"?>
<!DOCTYPE html PUBLIC "-//W3C//DTD XHTML 1.0 Transitional//EN"
    "http://www.w3.org/TR/xhtml1/DTD/xhtml1-transitional.dtd">
<html xmlns="http://www.w3.org/1999/xhtml" xml:lang="en" lang="en">
 <head>
  <title>
</title>
<meta http-equiv="Content-Type" content="text/html;charset=utf-8" />
  <meta name='ocr-system' content='tesseract 3.04.00' />
  <meta name='ocr-capabilities' content='ocr_page ocr_carea ocr_par ocr_line ocrx_word'/>
</head>
<body>
  <div class='ocr_page' id='page_1' title='image "./bibliothecalatin01fabruoft_0128.png"; bbox 0 0 2500 4009; ppageno 0'>
   <div class='ocr_carea' id='block_1_1' title="bbox 422 185 1584 233">
    <p class='ocr_par' dir='ltr' id='par_1_1' title="bbox 422 185 1584 233">
     <span class='ocr_line' id='line_1_1' title="bbox 422 185 1584 233; baseline 0.005 -15"><span class='ocrx_word' id='word_1_1' title='bbox 422 196 472 233; x_wconf 71' lang='lat'>90</span> <span class='ocrx_word' id='word_1_2' title='bbox 1237 185 1584 224; x_wconf 72' lang='lat' dir='ltr'>ANDREAS</span> 
     </span>
    </p>
   </div>
   <div class='ocr_carea' id='block_1_2' title="bbox 421 253 1393 3352">
    <p class='ocr_par' dir='ltr' id='par_1_2' title="bbox 421 253 1375 438">
     <span class='ocr_line' id='line_1_2' title="bbox 423 253 1373 312; baseline -0.011 -11"><span class='ocrx_word' id='word_1_3' title='bbox 423 265 541 301; x_wconf 68' lang='lat' dir='ltr'>lvonn</span> <span class='ocrx_word' id='word_1_4' title='bbox 570 262 755 312; x_wconf 71' lang='lat' dir='ltr'>appellat.</span> <span class='ocrx_word' id='word_1_5' title='bbox 779 264 815 295; x_wconf 74' lang='lat' dir='ltr'>et</span> <span class='ocrx_word' id='word_1_6' title='bbox 841 257 1032 306; x_wconf 77' lang='lat' dir='ltr'>scriptum</span> <span class='ocrx_word' id='word_1_7' title='bbox 1061 257 1178 293; x_wconf 81' lang='lat' dir='ltr'>etiam</span> <span class='ocrx_word' id='word_1_8' title='bbox 1209 253 1255 292; x_wconf 78' lang='lat' dir='ltr'>(le</span> <span class='ocrx_word' id='word_1_9' title='bbox 1282 253 1373 292; x_wconf 83' lang='lat' dir='ltr'>Hie-</span> 
     </span>
     <span class='ocr_line' id='line_1_3' title="bbox 421 316 1375 377; baseline -0.009 -15"><span class='ocrx_word' id='word_1_10' title='bbox 421 324 699 377; x_wconf 79' lang='lat' dir='ltr'>rosolynu&#39;lana</span> <span class='ocrx_word' id='word_1_11' title='bbox 727 331 801 359; x_wconf 78' lang='lat' dir='ltr'>sua</span> <span class='ocrx_word' id='word_1_12' title='bbox 825 316 1141 369; x_wconf 69' lang='lat' dir='ltr'>pereqrinatione</span> <span class='ocrx_word' id='word_1_13' title='bbox 1175 317 1210 355; x_wconf 83' lang='lat' dir='ltr'>ei</span> <span class='ocrx_word' id='word_1_14' title='bbox 1239 316 1375 355; x_wconf 76' lang='lat' dir='ltr'><strong>tribuit</strong></span> 
     </span>
     <span class='ocr_line' id='line_1_4' title="bbox 423 388 620 438; baseline -0.02 -11"><span class='ocrx_word' id='word_1_15' title='bbox 423 400 508 438; x_wconf 72' lang='lat' dir='ltr'>pag.</span> <span class='ocrx_word' id='word_1_16' title='bbox 534 388 620 426; x_wconf 72' lang='lat'>483:</span> 
     </span>
    </p>

    <p class='ocr_par' dir='ltr' id='par_1_3' title="bbox 421 440 1377 921">
     <span class='ocr_line' id='line_1_5' title="bbox 475 440 1372 494; baseline -0.012 -5"><span class='ocrx_word' id='word_1_17' title='bbox 475 445 705 488; x_wconf 74' lang='lat' dir='ltr'>ANDREAS</span> <span class='ocrx_word' id='word_1_18' title='bbox 727 443 773 483; x_wconf 84' lang='lat' dir='ltr'>de</span> <span class='ocrx_word' id='word_1_19' title='bbox 797 440 1084 494; x_wconf 71' lang='lat' dir='ltr'>Lonqiumello,</span> <span class='ocrx_word' id='word_1_20' title='bbox 1114 441 1206 482; x_wconf 90' lang='lat' dir='ltr'>Ord.</span> <span class='ocrx_word' id='word_1_21' title='bbox 1239 440 1372 480; x_wconf 82' lang='lat' dir='ltr'>Praed.</span> 
     </span>
     <span class='ocr_line' id='line_1_6' title="bbox 422 505 1375 561; baseline -0.008 -13"><span class='ocrx_word' id='word_1_22' title='bbox 422 512 486 561; x_wconf 79' lang='lat' dir='ltr'>qui</span> <span class='ocrx_word' id='word_1_23' title='bbox 511 509 582 547; x_wconf 67' lang='lat' dir='ltr'>An.</span> <span class='ocrx_word' id='word_1_24' title='bbox 604 507 702 546; x_wconf 67' lang='grc'>4249</span> <span class='ocrx_word' id='word_1_25' title='bbox 720 518 740 545; x_wconf 89' lang='lat' dir='ltr'>a</span> <span class='ocrx_word' id='word_1_26' title='bbox 764 505 958 545; x_wconf 88' lang='lat' dir='ltr'>Ludovico</span> <span class='ocrx_word' id='word_1_27' title='bbox 970 509 1119 552; x_wconf 87' lang='lat' dir='ltr'>sancto,</span> <span class='ocrx_word' id='word_1_28' title='bbox 1135 505 1375 541; x_wconf 80' lang='lat' dir='ltr'>Francorum</span> 
     </span>
     <span class='ocr_line' id='line_1_7' title="bbox 421 566 1374 621; baseline -0.007 -12"><span class='ocrx_word' id='word_1_29' title='bbox 421 574 522 621; x_wconf 67' lang='lat' dir='ltr'>Rege</span> <span class='ocrx_word' id='word_1_30' title='bbox 548 570 695 608; x_wconf 82' lang='lat' dir='ltr'>missus</span> <span class='ocrx_word' id='word_1_31' title='bbox 717 572 779 606; x_wconf 85' lang='lat' dir='ltr'>est</span> <span class='ocrx_word' id='word_1_32' title='bbox 807 567 855 607; x_wconf 92' lang='lat' dir='ltr'>ad</span> <span class='ocrx_word' id='word_1_33' title='bbox 881 567 1075 607; x_wconf 88' lang='lat' dir='ltr'>Chamum</span> <span class='ocrx_word' id='word_1_34' title='bbox 1096 566 1374 613; x_wconf 84' lang='lat' dir='ltr'>Tartarorum,</span> 
     </span>
     <span class='ocr_line' id='line_1_8' title="bbox 424 625 1376 671; baseline -0.007 0"><span class='ocrx_word' id='word_1_35' title='bbox 424 637 463 671; x_wconf 79' lang='lat' dir='ltr'>et</span> <span class='ocrx_word' id='word_1_36' title='bbox 486 631 559 670; x_wconf 85' lang='lat' dir='ltr'>An.</span> <span class='ocrx_word' id='word_1_37' title='bbox 584 630 686 670; x_wconf 66' lang='lat'>4247</span> <span class='ocrx_word' id='word_1_38' title='bbox 700 630 748 669; x_wconf 87' lang='lat' dir='ltr'>ab</span> <span class='ocrx_word' id='word_1_39' title='bbox 769 630 995 669; x_wconf 80' lang='lat' dir='ltr'>Innocentio</span> <span class='ocrx_word' id='word_1_40' title='bbox 1011 629 1059 668; x_wconf 79' lang='lat' dir='ltr'>IV</span> <span class='ocrx_word' id='word_1_41' title='bbox 1083 627 1131 666; x_wconf 90' lang='lat' dir='ltr'>ad</span> <span class='ocrx_word' id='word_1_42' title='bbox 1154 625 1376 666; x_wconf 90' lang='lat' dir='ltr'>Catholicos</span> 
     </span>
     <span class='ocr_line' id='line_1_9' title="bbox 421 689 1377 744; baseline -0.006 -12"><span class='ocrx_word' id='word_1_43' title='bbox 421 706 492 733; x_wconf 83' lang='lat' dir='ltr'>seu</span> <span class='ocrx_word' id='word_1_44' title='bbox 516 694 704 744; x_wconf 83' lang='lat' dir='ltr'>primates</span> <span class='ocrx_word' id='word_1_45' title='bbox 719 693 939 733; x_wconf 83' lang='lat' dir='ltr'>Orientales</span> <span class='ocrx_word' id='word_1_46' title='bbox 953 690 1217 730; x_wconf 82' lang='lat' dir='ltr'>Jacobitarum</span> <span class='ocrx_word' id='word_1_47' title='bbox 1238 689 1377 728; x_wconf 76' lang='lat' dir='ltr'>Nesto-</span> 
     </span>
     <span class='ocr_line' id='line_1_10' title="bbox 425 750 1375 806; baseline -0.005 -11"><span class='ocrx_word' id='word_1_48' title='bbox 425 759 713 806; x_wconf 85' lang='lat' dir='ltr'>rianorumque.</span> <span class='ocrx_word' id='word_1_49' title='bbox 737 754 833 794; x_wconf 71' lang='lat' dir='ltr'>vido</span> <span class='ocrx_word' id='word_1_50' title='bbox 861 753 1048 793; x_wconf 89' lang='lat' dir='ltr'>Jacobum</span> <span class='ocrx_word' id='word_1_51' title='bbox 1077 750 1212 798; x_wconf 80' lang='lat' dir='ltr'>Qvetii</span> <span class='ocrx_word' id='word_1_52' title='bbox 1237 754 1329 789; x_wconf 90' lang='lat' dir='ltr'>tom.</span> <span class='ocrx_word' id='word_1_53' title='bbox 1359 751 1375 790; x_wconf 79' lang='grc' dir='ltr'>ἰ</span> 
     </span>
     <span class='ocr_line' id='line_1_11' title="bbox 422 811 1377 870; baseline -0.007 -13"><span class='ocrx_word' id='word_1_54' title='bbox 422 830 507 870; x_wconf 74' lang='lat' dir='ltr'>pag.</span> <span class='ocrx_word' id='word_1_55' title='bbox 535 819 607 858; x_wconf 70' lang='lat'>⁴40</span> <span class='ocrx_word' id='word_1_56' title='bbox 633 829 714 868; x_wconf 87' lang='lat' dir='ltr'>seq.</span> <span class='ocrx_word' id='word_1_57' title='bbox 737 817 800 856; x_wconf 89' lang='lat' dir='ltr'>ubi</span> <span class='ocrx_word' id='word_1_58' title='bbox 825 813 1042 867; x_wconf 74' lang='lat' dir='ltr'>Epistulam</span> <span class='ocrx_word' id='word_1_59' title='bbox 1065 814 1150 866; x_wconf 88' lang='lat' dir='ltr'>ejus</span> <span class='ocrx_word' id='word_1_60' title='bbox 1170 811 1224 851; x_wconf 89' lang='lat' dir='ltr'>ad</span> <span class='ocrx_word' id='word_1_61' title='bbox 1236 814 1377 864; x_wconf 71' lang='lat' dir='ltr'>Reqem</span> 
     </span>
     <span class='ocr_line' id='line_1_12' title="bbox 425 880 888 921; baseline -0.011 0"><span class='ocrx_word' id='word_1_62' title='bbox 425 880 661 921; x_wconf 79' lang='lat' dir='ltr'>Ltulovicmn</span> <span class='ocrx_word' id='word_1_63' title='bbox 687 883 888 919; x_wconf 83' lang='lat' dir='ltr'>memorat.</span> 
     </span>
    </p>

    <p class='ocr_par' dir='ltr' id='par_1_4' title="bbox 427 937 1393 3352">
     <span class='ocr_line' id='line_1_13' title="bbox 477 937 1378 991; baseline -0.007 -8"><span class='ocrx_word' id='word_1_64' title='bbox 477 942 726 989; x_wconf 64' lang='lat' dir='ltr'>AxiiluiAs,</span> <span class='ocrx_word' id='word_1_65' title='bbox 771 941 1097 991; x_wconf 86' lang='lat' dir='ltr'>Archiepiscopus</span> <span class='ocrx_word' id='word_1_66' title='bbox 1136 937 1378 986; x_wconf 83' lang='lat' dir='ltr'>Lundensis,</span> 
     </span>
     <span class='ocr_line' id='line_1_14' title="bbox 428 1001 1380 1052; baseline -0.008 -6"><span class='ocrx_word' id='word_1_67' title='bbox 428 1007 611 1052; x_wconf 78' lang='lat' dir='ltr'>Sunonis,</span> <span class='ocrx_word' id='word_1_68' title='bbox 622 1007 706 1043; x_wconf 84' lang='lat' dir='ltr'>sive</span> <span class='ocrx_word' id='word_1_69' title='bbox 722 1004 915 1044; x_wconf 78' lang='lat' dir='ltr'>Svenonis</span> <span class='ocrx_word' id='word_1_70' title='bbox 933 1012 1152 1051; x_wconf 80' lang='lat' dir='ltr'>successor,</span> <span class='ocrx_word' id='word_1_71' title='bbox 1166 1001 1270 1040; x_wconf 91' lang='lat' dir='ltr'>diem</span> <span class='ocrx_word' id='word_1_72' title='bbox 1286 1001 1380 1039; x_wconf 88' lang='lat' dir='ltr'>obiit</span> 
     </span>
     <span class='ocr_line' id='line_1_15' title="bbox 428 1061 1381 1108; baseline -0.008 0"><span class='ocrx_word' id='word_1_73' title='bbox 428 1069 501 1108; x_wconf 82' lang='lat' dir='ltr'>An.</span> <span class='ocrx_word' id='word_1_74' title='bbox 524 1069 637 1108; x_wconf 67' lang='lat'>⁴228.</span> <span class='ocrx_word' id='word_1_75' title='bbox 655 1068 751 1107; x_wconf 89' lang='lat' dir='ltr'>lluic</span> <span class='ocrx_word' id='word_1_76' title='bbox 772 1066 972 1105; x_wconf 77' lang='lat' dir='ltr'>historiam</span> <span class='ocrx_word' id='word_1_77' title='bbox 989 1075 1102 1103; x_wconf 89' lang='lat' dir='ltr'>suam</span> <span class='ocrx_word' id='word_1_78' title='bbox 1119 1064 1304 1103; x_wconf 87' lang='lat' dir='ltr'>Danieam</span> <span class='ocrx_word' id='word_1_79' title='bbox 1323 1061 1381 1100; x_wconf 91' lang='lat' dir='ltr'>di-</span> 
     </span>
     <span class='ocr_line' id='line_1_16' title="bbox 427 1126 1380 1174; baseline -0.007 -4"><span class='ocrx_word' id='word_1_80' title='bbox 427 1132 531 1170; x_wconf 77' lang='lat' dir='ltr'>cavit</span> <span class='ocrx_word' id='word_1_81' title='bbox 556 1131 657 1169; x_wconf 70' lang='lat' dir='ltr'>Saxo</span> <span class='ocrx_word' id='word_1_82' title='bbox 673 1129 976 1174; x_wconf 78' lang='lat' dir='ltr'>Grammaticus,</span> <span class='ocrx_word' id='word_1_83' title='bbox 993 1128 1093 1165; x_wconf 86' lang='lat' dir='ltr'>inter</span> <span class='ocrx_word' id='word_1_84' title='bbox 1115 1126 1189 1165; x_wconf 86' lang='lat' dir='ltr'>alia</span> <span class='ocrx_word' id='word_1_85' title='bbox 1209 1128 1380 1164; x_wconf 88' lang='lat' dir='ltr'>testatus</span> 
     </span>
     <span class='ocr_line' id='line_1_17' title="bbox 428 1185 1381 1243; baseline -0.008 -11"><span class='ocrx_word' id='word_1_86' title='bbox 428 1205 520 1233; x_wconf 88' lang='lat' dir='ltr'>cum</span> <span class='ocrx_word' id='word_1_87' title='bbox 562 1192 771 1243; x_wconf 70' lang='lat' dir='ltr'>mirificum</span> <span class='ocrx_word' id='word_1_88' title='bbox 810 1188 1118 1229; x_wconf 74' lang='lat' dir='ltr'>reverendorum</span> <span class='ocrx_word' id='word_1_89' title='bbox 1157 1185 1381 1238; x_wconf 74' lang='lat' dir='ltr'>doqmatum</span> 
     </span>
     <span class='ocr_line' id='line_1_18' title="bbox 429 1249 1380 1307; baseline -0.006 -14"><span class='ocrx_word' id='word_1_90' title='bbox 429 1267 525 1307; x_wconf 77' lang='lat' dir='ltr'>opus</span> <span class='ocrx_word' id='word_1_91' title='bbox 546 1267 633 1293; x_wconf 84' lang='lat' dir='ltr'>esse</span> <span class='ocrx_word' id='word_1_92' title='bbox 657 1254 918 1304; x_wconf 83' lang='lat' dir='ltr'>complexum.</span> <span class='ocrx_word' id='word_1_93' title='bbox 938 1252 999 1291; x_wconf 85' lang='lat' dir='ltr'>Ex</span> <span class='ocrx_word' id='word_1_94' title='bbox 1023 1249 1110 1301; x_wconf 83' lang='lat' dir='ltr'>ejus</span> <span class='ocrx_word' id='word_1_95' title='bbox 1132 1251 1380 1289; x_wconf 74' lang='lat' dir='ltr'>Heoeaemero</span> 
     </span>
     <span class='ocr_line' id='line_1_19' title="bbox 429 1312 1383 1368; baseline -0.005 -13"><span class='ocrx_word' id='word_1_96' title='bbox 429 1317 533 1368; x_wconf 84' lang='lat' dir='ltr'>quod</span> <span class='ocrx_word' id='word_1_97' title='bbox 558 1317 738 1355; x_wconf 80' lang='lat' dir='ltr'>versibus</span> <span class='ocrx_word' id='word_1_98' title='bbox 761 1315 917 1366; x_wconf 79' lang='lat' dir='ltr'>scripsit</span> <span class='ocrx_word' id='word_1_99' title='bbox 941 1314 1195 1360; x_wconf 77' lang='lat' dir='ltr'>hexametris,</span> <span class='ocrx_word' id='word_1_100' title='bbox 1217 1312 1383 1351; x_wconf 90' lang='lat' dir='ltr'>nonnul-</span> 
     </span>
     <span class='ocr_line' id='line_1_20' title="bbox 431 1373 1384 1418; baseline -0.006 0"><span class='ocrx_word' id='word_1_101' title='bbox 431 1380 465 1418; x_wconf 81' lang='lat' dir='ltr'>la</span> <span class='ocrx_word' id='word_1_102' title='bbox 479 1380 589 1418; x_wconf 79' lang='lat' dir='ltr'>affert</span> <span class='ocrx_word' id='word_1_103' title='bbox 605 1379 825 1418; x_wconf 83' lang='lat' dir='ltr'>Chronicon</span> <span class='ocrx_word' id='word_1_104' title='bbox 839 1377 1029 1416; x_wconf 86' lang='lat' dir='ltr'>Danieum</span> <span class='ocrx_word' id='word_1_105' title='bbox 1044 1374 1194 1414; x_wconf 87' lang='lat' dir='ltr'>editum</span> <span class='ocrx_word' id='word_1_106' title='bbox 1214 1374 1262 1413; x_wconf 86' lang='lat' dir='ltr'>ab</span> <span class='ocrx_word' id='word_1_107' title='bbox 1277 1373 1384 1413; x_wconf 86' lang='lat' dir='ltr'>Arna</span> 
     </span>
     <span class='ocr_line' id='line_1_21' title="bbox 432 1436 1384 1492; baseline -0.008 -11"><span class='ocrx_word' id='word_1_108' title='bbox 432 1443 615 1491; x_wconf 77' lang='lat' dir='ltr'>Magnaeo</span> <span class='ocrx_word' id='word_1_109' title='bbox 639 1452 675 1492; x_wconf 91' lang='lat' dir='ltr'>p.</span> <span class='ocrx_word' id='word_1_110' title='bbox 701 1441 763 1478; x_wconf 93' lang='grc'>90.</span> <span class='ocrx_word' id='word_1_111' title='bbox 790 1439 1016 1490; x_wconf 78' lang='lat' dir='ltr'>Stephanus</span> <span class='ocrx_word' id='word_1_112' title='bbox 1035 1437 1119 1475; x_wconf 91' lang='lat' dir='ltr'>Joh.</span> <span class='ocrx_word' id='word_1_113' title='bbox 1145 1436 1384 1487; x_wconf 71' lang='lat' dir='ltr'>stephanius</span> 
     </span>
     <span class='ocr_line' id='line_1_22' title="bbox 433 1500 1386 1551; baseline -0.006 -9"><span class='ocrx_word' id='word_1_114' title='bbox 433 1506 470 1542; x_wconf 91' lang='lat' dir='ltr'>in</span> <span class='ocrx_word' id='word_1_115' title='bbox 496 1505 598 1542; x_wconf 91' lang='lat' dir='ltr'>notis</span> <span class='ocrx_word' id='word_1_116' title='bbox 617 1502 665 1542; x_wconf 91' lang='lat' dir='ltr'>ad</span> <span class='ocrx_word' id='word_1_117' title='bbox 686 1503 880 1541; x_wconf 86' lang='lat' dir='ltr'>Saxonem</span> <span class='ocrx_word' id='word_1_118' title='bbox 905 1512 989 1551; x_wconf 81' lang='lat' dir='ltr'>pag.</span> <span class='ocrx_word' id='word_1_119' title='bbox 1016 1501 1076 1539; x_wconf 85' lang='grc'>44.</span> <span class='ocrx_word' id='word_1_120' title='bbox 1098 1500 1386 1547; x_wconf 69' lang='lat' dir='ltr'>Heoeaemeron,</span> 
     </span>
     <span class='ocr_line' id='line_1_23' title="bbox 430 1562 1387 1618; baseline -0.005 -13"><span class='ocrx_word' id='word_1_121' title='bbox 430 1564 777 1618; x_wconf 69' lang='lat' dir='ltr'>seripsitAndreas</span> <span class='ocrx_word' id='word_1_122' title='bbox 789 1563 973 1604; x_wconf 79' lang='lat' dir='ltr'>Carmine</span> <span class='ocrx_word' id='word_1_123' title='bbox 992 1562 1168 1610; x_wconf 77' lang='lat' dir='ltr'>Ileroico,</span> <span class='ocrx_word' id='word_1_124' title='bbox 1189 1573 1284 1612; x_wconf 86' lang='lat' dir='ltr'>opus</span> <span class='ocrx_word' id='word_1_125' title='bbox 1299 1573 1387 1601; x_wconf 87' lang='lat' dir='ltr'>con-</span> 
     </span>
     <span class='ocr_line' id='line_1_24' title="bbox 434 1623 1387 1679; baseline -0.006 -12"><span class='ocrx_word' id='word_1_126' title='bbox 434 1628 558 1667; x_wconf 85' lang='lat' dir='ltr'>tinens</span> <span class='ocrx_word' id='word_1_127' title='bbox 573 1627 871 1679; x_wconf 78' lang='lat' dir='ltr'>erIicationem</span> <span class='ocrx_word' id='word_1_128' title='bbox 890 1624 1199 1677; x_wconf 78' lang='lat' dir='ltr'>praecipuormn</span> <span class='ocrx_word' id='word_1_129' title='bbox 1213 1623 1387 1662; x_wconf 85' lang='lat' dir='ltr'>locorum</span> 
     </span>
     <span class='ocr_line' id='line_1_25' title="bbox 434 1685 1386 1739; baseline -0.002 -12"><span class='ocrx_word' id='word_1_130' title='bbox 434 1690 635 1729; x_wconf 67' lang='lat' dir='ltr'>‹loc-trinae</span> <span class='ocrx_word' id='word_1_131' title='bbox 674 1689 863 1737; x_wconf 84' lang='lat' dir='ltr'>eoelestis,</span> <span class='ocrx_word' id='word_1_132' title='bbox 886 1687 956 1728; x_wconf 81' lang='lat' dir='ltr'>sed</span> <span class='ocrx_word' id='word_1_133' title='bbox 984 1686 1164 1739; x_wconf 74' lang='lat' dir='ltr'>inprimis</span> <span class='ocrx_word' id='word_1_134' title='bbox 1191 1697 1310 1737; x_wconf 69' lang='lat' dir='ltr'>ayens</span> <span class='ocrx_word' id='word_1_135' title='bbox 1339 1685 1386 1725; x_wconf 84' lang='lat' dir='ltr'>de</span> 
     </span>
     <span class='ocr_line' id='line_1_26' title="bbox 432 1747 1380 1802; baseline -0.004 -11"><span class='ocrx_word' id='word_1_136' title='bbox 432 1753 628 1792; x_wconf 75' lang='lat' dir='ltr'>creatione</span> <span class='ocrx_word' id='word_1_137' title='bbox 650 1751 803 1801; x_wconf 76' lang='lat' dir='ltr'>Mundi,</span> <span class='ocrx_word' id='word_1_138' title='bbox 828 1755 864 1790; x_wconf 85' lang='lat' dir='ltr'>et</span> <span class='ocrx_word' id='word_1_139' title='bbox 887 1748 1080 1802; x_wconf 73' lang='lat' dir='ltr'>Operibus</span> <span class='ocrx_word' id='word_1_140' title='bbox 1102 1760 1178 1788; x_wconf 63' lang='lat' dir='ltr'>seat</span> <span class='ocrx_word' id='word_1_141' title='bbox 1201 1747 1355 1787; x_wconf 84' lang='lat' dir='ltr'>dierum</span> <span class='ocrx_word' id='word_1_142' title='bbox 1370 1779 1380 1798; x_wconf 85' lang='lat'>,</span> 
     </span>
     <span class='ocr_line' id='line_1_27' title="bbox 431 1810 1383 1858; baseline -0.005 -5"><span class='ocrx_word' id='word_1_143' title='bbox 431 1816 484 1853; x_wconf 78' lang='lat' dir='ltr'>ml</span> <span class='ocrx_word' id='word_1_144' title='bbox 507 1815 755 1853; x_wconf 77' lang='lat' dir='ltr'>imitationem</span> <span class='ocrx_word' id='word_1_145' title='bbox 774 1811 1014 1853; x_wconf 72' lang='lat' dir='ltr'>sanctissimi</span> <span class='ocrx_word' id='word_1_146' title='bbox 1026 1811 1161 1850; x_wconf 81' lang='lat' dir='ltr'>Patris</span> <span class='ocrx_word' id='word_1_147' title='bbox 1175 1810 1383 1858; x_wconf 76' lang='lat' dir='ltr'>Ambrosii,</span> 
     </span>
     <span class='ocr_line' id='line_1_28' title="bbox 431 1872 1382 1929; baseline -0.004 -14"><span class='ocrx_word' id='word_1_148' title='bbox 431 1877 502 1929; x_wconf 82' lang='lat' dir='ltr'>qui</span> <span class='ocrx_word' id='word_1_149' title='bbox 509 1875 681 1929; x_wconf 82' lang='lat' dir='ltr'>ejusdem</span> <span class='ocrx_word' id='word_1_150' title='bbox 696 1874 922 1927; x_wconf 73' lang='lat' dir='ltr'>aryumenti</span> <span class='ocrx_word' id='word_1_151' title='bbox 934 1873 1054 1914; x_wconf 85' lang='lat' dir='ltr'>libros</span> <span class='ocrx_word' id='word_1_152' title='bbox 1077 1873 1130 1913; x_wconf 90' lang='lat' dir='ltr'>VI</span> <span class='ocrx_word' id='word_1_153' title='bbox 1140 1872 1382 1925; x_wconf 85' lang='lat' dir='ltr'>conscripsit.</span> 
     </span>
     <span class='ocr_line' id='line_1_29' title="bbox 430 1934 1386 1991; baseline -0.006 -13"><span class='ocrx_word' id='word_1_154' title='bbox 430 1939 531 1991; x_wconf 82' lang='lat' dir='ltr'>Ejus</span> <span class='ocrx_word' id='word_1_155' title='bbox 554 1939 634 1978; x_wconf 80' lang='lat' dir='ltr'>MS.</span> <span class='ocrx_word' id='word_1_156' title='bbox 664 1938 705 1976; x_wconf 88' lang='lat' dir='ltr'>in</span> <span class='ocrx_word' id='word_1_157' title='bbox 732 1936 964 1976; x_wconf 84' lang='lat' dir='ltr'>membrana</span> <span class='ocrx_word' id='word_1_158' title='bbox 992 1935 1201 1988; x_wconf 76' lang='lat' dir='ltr'>eaeemplar</span> <span class='ocrx_word' id='word_1_159' title='bbox 1227 1947 1303 1973; x_wconf 83' lang='lat' dir='ltr'>non</span> <span class='ocrx_word' id='word_1_160' title='bbox 1331 1934 1386 1973; x_wconf 85' lang='lat' dir='ltr'>ita</span> 
     </span>
     <span class='ocr_line' id='line_1_30' title="bbox 427 1997 1388 2053; baseline -0.005 -13"><span class='ocrx_word' id='word_1_161' title='bbox 427 2001 583 2053; x_wconf 83' lang='lat' dir='ltr'>pridem-</span> <span class='ocrx_word' id='word_1_162' title='bbox 618 1999 885 2052; x_wconf 72' lang='lat' dir='ltr'>suppeditavit</span> <span class='ocrx_word' id='word_1_163' title='bbox 909 1998 1006 2037; x_wconf 85' lang='lat' dir='ltr'>mihi</span> <span class='ocrx_word' id='word_1_164' title='bbox 1031 1997 1198 2037; x_wconf 84' lang='lat' dir='ltr'>illustris</span> <span class='ocrx_word' id='word_1_165' title='bbox 1221 2001 1259 2036; x_wconf 84' lang='lat' dir='ltr'>et</span> <span class='ocrx_word' id='word_1_166' title='bbox 1275 2008 1388 2048; x_wconf 75' lang='lat' dir='ltr'>yene-</span> 
     </span>
     <span class='ocr_line' id='line_1_31' title="bbox 433 2058 1388 2110; baseline -0.004 -9"><span class='ocrx_word' id='word_1_167' title='bbox 433 2075 551 2102; x_wconf 83' lang='lat' dir='ltr'>rosus</span> <span class='ocrx_word' id='word_1_168' title='bbox 575 2064 699 2101; x_wconf 86' lang='lat' dir='ltr'>lleros</span> <span class='ocrx_word' id='word_1_169' title='bbox 722 2060 910 2100; x_wconf 82' lang='lat' dir='ltr'>Dominus</span> <span class='ocrx_word' id='word_1_170' title='bbox 933 2060 1239 2110; x_wconf 89' lang='lat' dir='ltr'>Christophorus</span> <span class='ocrx_word' id='word_1_171' title='bbox 1271 2058 1388 2097; x_wconf 79' lang='lat' dir='ltr'>Uisel-</span> 
     </span>
     <span class='ocr_line' id='line_1_32' title="bbox 435 2120 1387 2173; baseline -0.002 -14"><span class='ocrx_word' id='word_1_172' title='bbox 435 2125 523 2163; x_wconf 80' lang='lat' dir='ltr'>‹lius</span> <span class='ocrx_word' id='word_1_173' title='bbox 539 2124 586 2162; x_wconf 84' lang='lat' dir='ltr'>de</span> <span class='ocrx_word' id='word_1_174' title='bbox 602 2124 841 2172; x_wconf 81' lang='lat' dir='ltr'>Svenstrup,</span> <span class='ocrx_word' id='word_1_175' title='bbox 857 2122 988 2173; x_wconf 80' lang='lat' dir='ltr'>Eques</span> <span class='ocrx_word' id='word_1_176' title='bbox 1007 2120 1186 2159; x_wconf 80' lang='lat' dir='ltr'>Auratus</span> <span class='ocrx_word' id='word_1_177' title='bbox 1203 2124 1270 2158; x_wconf 82' lang='lat' dir='ltr'>etc.</span> <span class='ocrx_word' id='word_1_178' title='bbox 1291 2120 1387 2159; x_wconf 88' lang='lat' dir='ltr'>Cer-</span> 
     </span>
     <span class='ocr_line' id='line_1_33' title="bbox 437 2180 1385 2236; baseline -0.007 -12"><span class='ocrx_word' id='word_1_179' title='bbox 437 2190 470 2224; x_wconf 77' lang='lat' dir='ltr'>te</span> <span class='ocrx_word' id='word_1_180' title='bbox 494 2185 578 2224; x_wconf 81' lang='lat' dir='ltr'>Iuee</span> <span class='ocrx_word' id='word_1_181' title='bbox 597 2183 755 2236; x_wconf 75' lang='lat' dir='ltr'>publiea.</span> <span class='ocrx_word' id='word_1_182' title='bbox 779 2183 1049 2234; x_wconf 67' lang='lat' dir='ltr'>(liquissimum</span> <span class='ocrx_word' id='word_1_183' title='bbox 1071 2186 1128 2220; x_wconf 86' lang='lat' dir='ltr'>est</span> <span class='ocrx_word' id='word_1_184' title='bbox 1141 2180 1385 2233; x_wconf 70' lang='lat' dir='ltr'>poemation,</span> 
     </span>
     <span class='ocr_line' id='line_1_34' title="bbox 436 2242 1388 2291; baseline -0.006 -6"><span class='ocrx_word' id='word_1_185' title='bbox 436 2252 481 2286; x_wconf 76' lang='lat' dir='ltr'>ut</span> <span class='ocrx_word' id='word_1_186' title='bbox 502 2247 724 2285; x_wconf 80' lang='lat' dir='ltr'>documento</span> <span class='ocrx_word' id='word_1_187' title='bbox 745 2246 809 2291; x_wconf 84' lang='lat' dir='ltr'>sit,</span> <span class='ocrx_word' id='word_1_188' title='bbox 835 2244 934 2283; x_wconf 81' lang='lat' dir='ltr'>illud</span> <span class='ocrx_word' id='word_1_189' title='bbox 954 2244 1070 2283; x_wconf 88' lang='lat' dir='ltr'>etiam</span> <span class='ocrx_word' id='word_1_190' title='bbox 1093 2242 1295 2282; x_wconf 80' lang='lat' dir='ltr'>saeculum</span> <span class='ocrx_word' id='word_1_191' title='bbox 1322 2242 1388 2280; x_wconf 85' lang='lat' dir='ltr'>do-</span> 
     </span>
     <span class='ocr_line' id='line_1_35' title="bbox 437 2305 1387 2358; baseline -0.004 -11"><span class='ocrx_word' id='word_1_192' title='bbox 437 2314 515 2348; x_wconf 79' lang='lat' dir='ltr'>etos</span> <span class='ocrx_word' id='word_1_193' title='bbox 539 2308 710 2346; x_wconf 79' lang='lat' dir='ltr'>homines</span> <span class='ocrx_word' id='word_1_194' title='bbox 733 2306 933 2353; x_wconf 80' lang='lat' dir='ltr'>habuisse,</span> <span class='ocrx_word' id='word_1_195' title='bbox 958 2306 1106 2358; x_wconf 77' lang='lat' dir='ltr'>hasque</span> <span class='ocrx_word' id='word_1_196' title='bbox 1133 2305 1387 2357; x_wconf 84' lang='lat' dir='ltr'>aquilonares</span> 
     </span>
     <span class='ocr_line' id='line_1_36' title="bbox 435 2364 1388 2421; baseline -0.003 -13"><span class='ocrx_word' id='word_1_197' title='bbox 435 2370 613 2421; x_wconf 72' lang='lat' dir='ltr'>reqiones</span> <span class='ocrx_word' id='word_1_198' title='bbox 636 2374 704 2408; x_wconf 87' lang='lat' dir='ltr'>etc.</span> <span class='ocrx_word' id='word_1_199' title='bbox 727 2369 902 2408; x_wconf 80' lang='lat' dir='ltr'>Meminit</span> <span class='ocrx_word' id='word_1_200' title='bbox 922 2368 1094 2421; x_wconf 84' lang='lat' dir='ltr'>ejusdem</span> <span class='ocrx_word' id='word_1_201' title='bbox 1116 2367 1253 2419; x_wconf 83' lang='lat' dir='ltr'>Operis</span> <span class='ocrx_word' id='word_1_202' title='bbox 1272 2364 1388 2406; x_wconf 84' lang='lat' dir='ltr'>Nobi-</span> 
     </span>
     <span class='ocr_line' id='line_1_37' title="bbox 439 2430 1391 2482; baseline -0.001 -12"><span class='ocrx_word' id='word_1_203' title='bbox 439 2432 611 2471; x_wconf 84' lang='lat' dir='ltr'>lissimus</span> <span class='ocrx_word' id='word_1_204' title='bbox 645 2431 710 2470; x_wconf 81' lang='lat' dir='ltr'>l&#39;ir</span> <span class='ocrx_word' id='word_1_205' title='bbox 755 2431 952 2470; x_wconf 88' lang='lat' dir='ltr'>Arnoldus</span> <span class='ocrx_word' id='word_1_206' title='bbox 991 2430 1233 2479; x_wconf 80' lang='lat' dir='ltr'>lluitfeldus,</span> <span class='ocrx_word' id='word_1_207' title='bbox 1268 2431 1391 2482; x_wconf 71' lang='lat' dir='ltr'>Requi</span> 
     </span>
     <span class='ocr_line' id='line_1_38' title="bbox 439 2491 1387 2545; baseline 0.001 -14"><span class='ocrx_word' id='word_1_208' title='bbox 439 2493 581 2532; x_wconf 84' lang='lat' dir='ltr'>Danici</span> <span class='ocrx_word' id='word_1_209' title='bbox 606 2492 802 2545; x_wconf 79' lang='lat' dir='ltr'>quondam</span> <span class='ocrx_word' id='word_1_210' title='bbox 844 2491 1118 2533; x_wconf 83' lang='lat' dir='ltr'>Cancellarius</span> <span class='ocrx_word' id='word_1_211' title='bbox 1157 2492 1387 2544; x_wconf 76' lang='lat' dir='ltr'>Maqnifieus</span> 
     </span>
     <span class='ocr_line' id='line_1_39' title="bbox 437 2552 1389 2608; baseline 0.001 -16"><span class='ocrx_word' id='word_1_212' title='bbox 437 2555 559 2608; x_wconf 80' lang='lat' dir='ltr'>deque</span> <span class='ocrx_word' id='word_1_213' title='bbox 576 2555 714 2608; x_wconf 85' lang='lat' dir='ltr'>patria</span> <span class='ocrx_word' id='word_1_214' title='bbox 732 2557 870 2593; x_wconf 82' lang='lat' dir='ltr'>nostra</span> <span class='ocrx_word' id='word_1_215' title='bbox 888 2554 1077 2593; x_wconf 82' lang='lat' dir='ltr'>universa</span> <span class='ocrx_word' id='word_1_216' title='bbox 1088 2552 1297 2606; x_wconf 86' lang='lat' dir='ltr'>praeclare</span> <span class='ocrx_word' id='word_1_217' title='bbox 1313 2566 1389 2593; x_wconf 86' lang='lat' dir='ltr'>me-</span> 
     </span>
     <span class='ocr_line' id='line_1_40' title="bbox 436 2615 1389 2669; baseline 0 -14"><span class='ocrx_word' id='word_1_218' title='bbox 436 2618 556 2665; x_wconf 83' lang='lat' dir='ltr'>ritus,</span> <span class='ocrx_word' id='word_1_219' title='bbox 580 2617 618 2655; x_wconf 86' lang='lat' dir='ltr'>in</span> <span class='ocrx_word' id='word_1_220' title='bbox 635 2615 880 2669; x_wconf 71' lang='lat' dir='ltr'>praefiitione</span> <span class='ocrx_word' id='word_1_221' title='bbox 903 2628 1022 2668; x_wconf 86' lang='lat' dir='ltr'>quam</span> <span class='ocrx_word' id='word_1_222' title='bbox 1042 2615 1208 2667; x_wconf 70' lang='lat' dir='ltr'>Leqz&#39;bus</span> <span class='ocrx_word' id='word_1_223' title='bbox 1228 2617 1389 2657; x_wconf 80' lang='lat' dir='ltr'>Provin-</span> 
     </span>
     <span class='ocr_line' id='line_1_41' title="bbox 439 2678 1387 2731; baseline 0.001 -14"><span class='ocrx_word' id='word_1_224' title='bbox 439 2678 606 2718; x_wconf 73' lang='lat' dir='ltr'>cialibus</span> <span class='ocrx_word' id='word_1_225' title='bbox 630 2682 763 2718; x_wconf 85' lang='lat' dir='ltr'>terrae</span> <span class='ocrx_word' id='word_1_226' title='bbox 778 2678 944 2718; x_wconf 75' lang='lat' dir='ltr'>Scaniae</span> <span class='ocrx_word' id='word_1_227' title='bbox 959 2691 985 2717; x_wconf 89' lang='lat' dir='ltr'>a</span> <span class='ocrx_word' id='word_1_228' title='bbox 1001 2690 1042 2718; x_wconf 85' lang='lat' dir='ltr'>se</span> <span class='ocrx_word' id='word_1_229' title='bbox 1059 2678 1171 2718; x_wconf 82' lang='lat' dir='ltr'>editis</span> <span class='ocrx_word' id='word_1_230' title='bbox 1184 2679 1387 2731; x_wconf 71' lang='lat' dir='ltr'>praefiaeit.</span> 
     </span>
     <span class='ocr_line' id='line_1_42' title="bbox 440 2741 1390 2794; baseline 0.001 -15"><span class='ocrx_word' id='word_1_231' title='bbox 440 2743 482 2780; x_wconf 93' lang='lat' dir='ltr'>ln</span> <span class='ocrx_word' id='word_1_232' title='bbox 495 2741 565 2780; x_wconf 91' lang='lat' dir='ltr'>hac</span> <span class='ocrx_word' id='word_1_233' title='bbox 582 2743 700 2780; x_wconf 79' lang='lat' dir='ltr'>etiam</span> <span class='ocrx_word' id='word_1_234' title='bbox 716 2741 945 2780; x_wconf 67' lang='lat' dir='ltr'>Hexaijmeri</span> <span class='ocrx_word' id='word_1_235' title='bbox 963 2742 1065 2781; x_wconf 90' lang='lat' dir='ltr'>illius</span> <span class='ocrx_word' id='word_1_236' title='bbox 1080 2742 1289 2782; x_wconf 80' lang='lat' dir='ltr'>editionem</span> <span class='ocrx_word' id='word_1_237' title='bbox 1304 2753 1390 2794; x_wconf 91' lang='lat' dir='ltr'>pre-</span> 
     </span>
     <span class='ocr_line' id='line_1_43' title="bbox 441 2804 1390 2856; baseline 0.002 -14"><span class='ocrx_word' id='word_1_238' title='bbox 441 2805 566 2854; x_wconf 79' lang='lat' dir='ltr'>misit,</span> <span class='ocrx_word' id='word_1_239' title='bbox 596 2804 661 2854; x_wconf 91' lang='lat' dir='ltr'>qui</span> <span class='ocrx_word' id='word_1_240' title='bbox 691 2804 808 2854; x_wconf 69' lang='lat' dir='ltr'>Leqes</span> <span class='ocrx_word' id='word_1_241' title='bbox 847 2804 1038 2843; x_wconf 86' lang='lat' dir='ltr'>Scanicas</span> <span class='ocrx_word' id='word_1_242' title='bbox 1065 2816 1114 2844; x_wconf 86' lang='lat' dir='ltr'>ex</span> <span class='ocrx_word' id='word_1_243' title='bbox 1142 2805 1285 2844; x_wconf 89' lang='lat' dir='ltr'>Danico</span> <span class='ocrx_word' id='word_1_244' title='bbox 1321 2817 1390 2856; x_wconf 88' lang='lat' dir='ltr'>per</span> 
     </span>
     <span class='ocr_line' id='line_1_44' title="bbox 440 2865 1393 2919; baseline 0.003 -16"><span class='ocrx_word' id='word_1_245' title='bbox 440 2866 545 2904; x_wconf 90' lang='lat' dir='ltr'>hunc</span> <span class='ocrx_word' id='word_1_246' title='bbox 569 2865 765 2904; x_wconf 76' lang='lat' dir='ltr'>Andream</span> <span class='ocrx_word' id='word_1_247' title='bbox 791 2867 925 2905; x_wconf 85' lang='lat' dir='ltr'>Latine</span> <span class='ocrx_word' id='word_1_248' title='bbox 948 2878 1085 2906; x_wconf 87' lang='lat' dir='ltr'>versas</span> <span class='ocrx_word' id='word_1_249' title='bbox 1108 2868 1286 2919; x_wconf 79' lang='lat' dir='ltr'>vulgavit</span> <span class='ocrx_word' id='word_1_250' title='bbox 1304 2867 1393 2906; x_wconf 81' lang='lat' dir='ltr'>Haf-</span> 
     </span>
     <span class='ocr_line' id='line_1_45' title="bbox 442 2927 1390 2974; baseline 0.003 -9"><span class='ocrx_word' id='word_1_251' title='bbox 442 2929 526 2965; x_wconf 82' lang='lat' dir='ltr'>niae</span> <span class='ocrx_word' id='word_1_252' title='bbox 560 2927 674 2974; x_wconf 72' lang='lat'>4:590,</span> <span class='ocrx_word' id='word_1_253' title='bbox 702 2928 734 2965; x_wconf 72' lang='lat'>4.</span> <span class='ocrx_word' id='word_1_254' title='bbox 759 2928 830 2966; x_wconf 83' lang='lat' dir='ltr'>Jus</span> <span class='ocrx_word' id='word_1_255' title='bbox 858 2927 1128 2968; x_wconf 80' lang='lat' dir='ltr'>Seelandieum</span> <span class='ocrx_word' id='word_1_256' title='bbox 1148 2930 1255 2968; x_wconf 88' lang='lat' dir='ltr'>libris</span> <span class='ocrx_word' id='word_1_257' title='bbox 1272 2929 1390 2968; x_wconf 80' lang='lat' dir='ltr'>Xvn.</span> 
     </span>
     <span class='ocr_line' id='line_1_46' title="bbox 443 2988 1392 3039; baseline 0.003 -12"><span class='ocrx_word' id='word_1_258' title='bbox 443 2988 629 3038; x_wconf 72' lang='lat' dir='ltr'>Eiusdem</span> <span class='ocrx_word' id='word_1_259' title='bbox 648 3000 782 3039; x_wconf 74' lang='lat' dir='ltr'>poema</span> <span class='ocrx_word' id='word_1_260' title='bbox 800 2989 846 3027; x_wconf 75' lang='lat' dir='ltr'>(le</span> <span class='ocrx_word' id='word_1_261' title='bbox 868 2991 941 3029; x_wconf 85' lang='lat' dir='ltr'>VII</span> <span class='ocrx_word' id='word_1_262' title='bbox 951 2990 1149 3030; x_wconf 80' lang='lat' dir='ltr'>Ecclesiae</span> <span class='ocrx_word' id='word_1_263' title='bbox 1169 3002 1392 3031; x_wconf 84' lang='lat' dir='ltr'>sacramen-</span> 
     </span>
     <span class='ocr_line' id='line_1_47' title="bbox 443 3050 1391 3093; baseline 0.004 -6"><span class='ocrx_word' id='word_1_264' title='bbox 443 3050 491 3089; x_wconf 80' lang='lat' dir='ltr'>tis</span> <span class='ocrx_word' id='word_1_265' title='bbox 516 3053 551 3089; x_wconf 91' lang='lat' dir='ltr'>in</span> <span class='ocrx_word' id='word_1_266' title='bbox 576 3051 671 3089; x_wconf 80' lang='lat' dir='ltr'>aede</span> <span class='ocrx_word' id='word_1_267' title='bbox 691 3052 909 3090; x_wconf 82' lang='lat' dir='ltr'>Cathedrali</span> <span class='ocrx_word' id='word_1_268' title='bbox 936 3053 1132 3092; x_wconf 85' lang='lat' dir='ltr'>Lundensi</span> <span class='ocrx_word' id='word_1_269' title='bbox 1152 3055 1228 3093; x_wconf 89' lang='lat' dir='ltr'>MS.</span> <span class='ocrx_word' id='word_1_270' title='bbox 1246 3065 1391 3092; x_wconf 87' lang='lat' dir='ltr'>memo-</span> 
     </span>
     <span class='ocr_line' id='line_1_48' title="bbox 445 3113 1390 3167; baseline 0.005 -18"><span class='ocrx_word' id='word_1_271' title='bbox 445 3117 501 3149; x_wconf 82' lang='lat' dir='ltr'>rat</span> <span class='ocrx_word' id='word_1_272' title='bbox 521 3114 576 3150; x_wconf 88' lang='lat' dir='ltr'>Jo.</span> <span class='ocrx_word' id='word_1_273' title='bbox 601 3113 783 3151; x_wconf 82' lang='lat' dir='ltr'>Mollerus</span> <span class='ocrx_word' id='word_1_274' title='bbox 809 3114 828 3153; x_wconf 73' lang='lat' dir='ltr'>b</span> <span class='ocrx_word' id='word_1_275' title='bbox 853 3114 1062 3166; x_wconf 67' lang='grc' dir='ltr'><em>μακαρίτης</em></span> <span class='ocrx_word' id='word_1_276' title='bbox 1100 3117 1137 3153; x_wconf 92' lang='lat' dir='ltr'>in</span> <span class='ocrx_word' id='word_1_277' title='bbox 1176 3116 1390 3167; x_wconf 81' lang='lat' dir='ltr'>hypomne-</span> 
     </span>
     <span class='ocr_line' id='line_1_49' title="bbox 448 3174 1389 3228; baseline 0.006 -19"><span class='ocrx_word' id='word_1_278' title='bbox 448 3175 560 3210; x_wconf 79' lang='lat' dir='ltr'>matis</span> <span class='ocrx_word' id='word_1_279' title='bbox 584 3174 629 3212; x_wconf 87' lang='lat' dir='ltr'>ad</span> <span class='ocrx_word' id='word_1_280' title='bbox 655 3174 858 3215; x_wconf 81' lang='lat' dir='ltr'>Albertum</span> <span class='ocrx_word' id='word_1_281' title='bbox 879 3178 1146 3217; x_wconf 88' lang='lat' dir='ltr'>Bartholinum</span> <span class='ocrx_word' id='word_1_282' title='bbox 1167 3177 1215 3216; x_wconf 89' lang='lat' dir='ltr'>de</span> <span class='ocrx_word' id='word_1_283' title='bbox 1235 3178 1389 3228; x_wconf 90' lang='lat' dir='ltr'>scriptis</span> 
     </span>
     <span class='ocr_line' id='line_1_50' title="bbox 450 3235 1386 3290; baseline 0.007 -18"><span class='ocrx_word' id='word_1_284' title='bbox 450 3235 639 3273; x_wconf 67' lang='lat' dir='ltr'>Nauorum</span> <span class='ocrx_word' id='word_1_285' title='bbox 657 3249 740 3287; x_wconf 67' lang='lat' dir='ltr'>pag.</span> <span class='ocrx_word' id='word_1_286' title='bbox 766 3240 851 3286; x_wconf 70' lang='lat'>⁴613,</span> <span class='ocrx_word' id='word_1_287' title='bbox 870 3239 931 3277; x_wconf 88' lang='lat' dir='ltr'>ubi</span> <span class='ocrx_word' id='word_1_288' title='bbox 951 3240 1058 3290; x_wconf 88' lang='lat' dir='ltr'>plura</span> <span class='ocrx_word' id='word_1_289' title='bbox 1075 3240 1123 3278; x_wconf 89' lang='lat' dir='ltr'>dc</span> <span class='ocrx_word' id='word_1_290' title='bbox 1139 3239 1386 3289; x_wconf 82' lang='lat' dir='ltr'>hocAndrca,</span> 
     </span>
     <span class='ocr_line' id='line_1_51' title="bbox 449 3295 1274 3352; baseline 0.01 -21"><span class='ocrx_word' id='word_1_291' title='bbox 449 3295 566 3331; x_wconf 55' lang='lat' dir='ltr'>lca-tor</span> <span class='ocrx_word' id='word_1_292' title='bbox 588 3296 723 3336; x_wconf 78' lang='lat' dir='ltr'>haruin</span> <span class='ocrx_word' id='word_1_293' title='bbox 747 3311 874 3340; x_wconf 76' lang='lat' dir='ltr'>rerum</span> <span class='ocrx_word' id='word_1_294' title='bbox 899 3303 1076 3341; x_wconf 69' lang='lat' dir='ltr'>curiosus</span> <span class='ocrx_word' id='word_1_295' title='bbox 1100 3303 1274 3352; x_wconf 71' lang='lat' dir='ltr'>reperiet.</span> 
     </span>
    </p>
   </div>
   <div class='ocr_carea' id='block_1_3' title="bbox 1447 255 2412 3160">
    <p class='ocr_par' dir='ltr' id='par_1_5' title="bbox 1447 255 2396 622">
     <span class='ocr_line' id='line_1_52' title="bbox 1497 255 2391 313; baseline 0.009 -18"><span class='ocrx_word' id='word_1_296' title='bbox 1497 255 1742 307; x_wconf 69' lang='lat' dir='ltr'>ANDREAS,</span> <span class='ocrx_word' id='word_1_297' title='bbox 1758 258 1804 298; x_wconf 86' lang='lat' dir='ltr'>de</span> <span class='ocrx_word' id='word_1_298' title='bbox 1823 259 2120 312; x_wconf 63' lang='lat' dir='ltr'>Luaeembmyo,</span> <span class='ocrx_word' id='word_1_299' title='bbox 2141 262 2391 313; x_wconf 85' lang='lat' dir='ltr'>Imperatoria</span> 
     </span>
     <span class='ocr_line' id='line_1_53' title="bbox 1447 318 2394 375; baseline 0.01 -20"><span class='ocrx_word' id='word_1_300' title='bbox 1447 318 1568 369; x_wconf 85' lang='lat' dir='ltr'>stirpe</span> <span class='ocrx_word' id='word_1_301' title='bbox 1587 323 1813 372; x_wconf 85' lang='lat' dir='ltr'>progenitus</span> <span class='ocrx_word' id='word_1_302' title='bbox 1843 321 1861 345; x_wconf 67' lang='lat'>*</span> <span class='ocrx_word' id='word_1_303' title='bbox 1889 323 2108 375; x_wconf 89' lang='lat' dir='ltr'>Episcopus</span> <span class='ocrx_word' id='word_1_304' title='bbox 2146 324 2195 364; x_wconf 88' lang='lat' dir='ltr'>ab</span> <span class='ocrx_word' id='word_1_305' title='bbox 2216 323 2262 364; x_wconf 87' lang='lat' dir='ltr'>A.</span> <span class='ocrx_word' id='word_1_306' title='bbox 2293 325 2394 366; x_wconf 86' lang='grc'>4390</span> 
     </span>
     <span class='ocr_line' id='line_1_54' title="bbox 1448 380 2396 437; baseline 0.007 -18"><span class='ocrx_word' id='word_1_307' title='bbox 1448 380 1756 433; x_wconf 84' lang='lat' dir='ltr'>Cameracensis,</span> <span class='ocrx_word' id='word_1_308' title='bbox 1779 388 1897 434; x_wconf 87' lang='lat' dir='ltr'>atque</span> <span class='ocrx_word' id='word_1_309' title='bbox 1921 384 2010 424; x_wconf 87' lang='lat' dir='ltr'>inde</span> <span class='ocrx_word' id='word_1_310' title='bbox 2030 386 2073 424; x_wconf 88' lang='lat' dir='ltr'>R.</span> <span class='ocrx_word' id='word_1_311' title='bbox 2097 387 2142 426; x_wconf 92' lang='lat' dir='ltr'>E.</span> <span class='ocrx_word' id='word_1_312' title='bbox 2167 387 2396 437; x_wconf 87' lang='lat' dir='ltr'>Cardinalis,</span> 
     </span>
     <span class='ocr_line' id='line_1_55' title="bbox 1448 438 2395 496; baseline 0.007 -14"><span class='ocrx_word' id='word_1_313' title='bbox 1448 442 1658 484; x_wconf 79' lang='lat' dir='ltr'>defunctus</span> <span class='ocrx_word' id='word_1_314' title='bbox 1680 438 1753 483; x_wconf 82' lang='lat' dir='ltr'>An.</span> <span class='ocrx_word' id='word_1_315' title='bbox 1779 445 1892 484; x_wconf 90' lang='grc'><strong>4396.</strong></span> <span class='ocrx_word' id='word_1_316' title='bbox 1911 445 2010 496; x_wconf 88' lang='lat' dir='ltr'>Ejus</span> <span class='ocrx_word' id='word_1_317' title='bbox 2031 450 2301 488; x_wconf 81' lang='lat' dir='ltr'>testamentum</span> <span class='ocrx_word' id='word_1_318' title='bbox 2328 449 2395 489; x_wconf 90' lang='lat' dir='ltr'>ob—</span> 
     </span>
     <span class='ocr_line' id='line_1_56' title="bbox 1447 506 2395 564; baseline 0.008 -21"><span class='ocrx_word' id='word_1_319' title='bbox 1447 506 1557 544; x_wconf 91' lang='lat' dir='ltr'>vium</span> <span class='ocrx_word' id='word_1_320' title='bbox 1589 508 1625 544; x_wconf 92' lang='lat' dir='ltr'>in</span> <span class='ocrx_word' id='word_1_321' title='bbox 1655 506 1831 545; x_wconf 82' lang='lat' dir='ltr'>Dacherii</span> <span class='ocrx_word' id='word_1_322' title='bbox 1868 507 2065 559; x_wconf 84' lang='lat' dir='ltr'>spicilegio</span> <span class='ocrx_word' id='word_1_323' title='bbox 2093 513 2199 548; x_wconf 91' lang='lat' dir='ltr'>tomo</span> <span class='ocrx_word' id='word_1_324' title='bbox 2225 511 2280 550; x_wconf 89' lang='lat' dir='ltr'>IX</span> <span class='ocrx_word' id='word_1_325' title='bbox 2307 522 2395 564; x_wconf 86' lang='lat' dir='ltr'>pag.</span> 
     </span>
     <span class='ocr_line' id='line_1_57' title="bbox 1448 567 2373 622; baseline 0.006 -16"><span class='ocrx_word' id='word_1_326' title='bbox 1448 567 1524 606; x_wconf 74' lang='lat'>294</span> <span class='ocrx_word' id='word_1_327' title='bbox 1549 573 1589 607; x_wconf 88' lang='lat' dir='ltr'>et</span> <span class='ocrx_word' id='word_1_328' title='bbox 1612 573 1717 606; x_wconf 91' lang='lat' dir='ltr'>tomo</span> <span class='ocrx_word' id='word_1_329' title='bbox 1742 569 1792 607; x_wconf 93' lang='lat' dir='ltr'>lll</span> <span class='ocrx_word' id='word_1_330' title='bbox 1818 567 2000 607; x_wconf 84' lang='lat' dir='ltr'>editionis</span> <span class='ocrx_word' id='word_1_331' title='bbox 2019 579 2144 609; x_wconf 87' lang='lat' dir='ltr'>novae</span> <span class='ocrx_word' id='word_1_332' title='bbox 2168 581 2254 622; x_wconf 86' lang='lat' dir='ltr'>pag.</span> <span class='ocrx_word' id='word_1_333' title='bbox 2282 571 2373 612; x_wconf 80' lang='lat'>755.</span> 
     </span>
    </p>

    <p class='ocr_par' dir='ltr' id='par_1_6' title="bbox 1447 629 2401 742">
     <span class='ocr_line' id='line_1_58' title="bbox 1500 629 2401 681; baseline 0.003 -12"><span class='ocrx_word' id='word_1_334' title='bbox 1500 629 1734 671; x_wconf 76' lang='lat' dir='ltr'>ANDREAS</span> <span class='ocrx_word' id='word_1_335' title='bbox 1755 629 2086 681; x_wconf 84' lang='lat' dir='ltr'>Marchianensis,</span> <span class='ocrx_word' id='word_1_336' title='bbox 2116 632 2202 671; x_wconf 87' lang='lat' dir='ltr'>sive</span> <span class='ocrx_word' id='word_1_337' title='bbox 2228 632 2401 672; x_wconf 84' lang='lat' dir='ltr'>Marcia-</span> 
     </span>
     <span class='ocr_line' id='line_1_59' title="bbox 1447 690 2146 742; baseline 0.006 -14"><span class='ocrx_word' id='word_1_338' title='bbox 1447 701 1590 731; x_wconf 78' lang='lat' dir='ltr'>nensis.</span> <span class='ocrx_word' id='word_1_339' title='bbox 1615 691 1705 730; x_wconf 89' lang='lat' dir='ltr'>vide</span> <span class='ocrx_word' id='word_1_340' title='bbox 1728 702 1863 742; x_wconf 88' lang='lat' dir='ltr'>supra,</span> <span class='ocrx_word' id='word_1_341' title='bbox 1890 690 2146 733; x_wconf 80' lang='lat' dir='ltr'>Arelatensis.</span> 
     </span>
    </p>

    <p class='ocr_par' dir='ltr' id='par_1_7' title="bbox 1448 752 2403 1178">
     <span class='ocr_line' id='line_1_60' title="bbox 1501 752 2402 806; baseline 0.002 -14"><span class='ocrx_word' id='word_1_342' title='bbox 1501 752 1733 793; x_wconf 72' lang='lat' dir='ltr'>ANDREAS</span> <span class='ocrx_word' id='word_1_343' title='bbox 1755 752 1802 792; x_wconf 86' lang='lat' dir='ltr'>de</span> <span class='ocrx_word' id='word_1_344' title='bbox 1827 754 2011 803; x_wconf 84' lang='lat' dir='ltr'>Marinis,</span> <span class='ocrx_word' id='word_1_345' title='bbox 2040 755 2318 795; x_wconf 87' lang='lat' dir='ltr'>Cremonensis</span> <span class='ocrx_word' id='word_1_346' title='bbox 2341 756 2402 806; x_wconf 88' lang='lat' dir='ltr'>(li-</span> 
     </span>
     <span class='ocr_line' id='line_1_61' title="bbox 1448 815 2398 868; baseline 0.003 -14"><span class='ocrx_word' id='word_1_347' title='bbox 1448 819 1512 854; x_wconf 88' lang='lat' dir='ltr'>cet</span> <span class='ocrx_word' id='word_1_348' title='bbox 1529 815 1670 854; x_wconf 89' lang='lat' dir='ltr'>titulus</span> <span class='ocrx_word' id='word_1_349' title='bbox 1684 825 1753 866; x_wconf 89' lang='lat' dir='ltr'>per</span> <span class='ocrx_word' id='word_1_350' title='bbox 1766 826 1938 855; x_wconf 90' lang='lat' dir='ltr'>errorem</span> <span class='ocrx_word' id='word_1_351' title='bbox 1955 816 2398 868; x_wconf 85' lang='lat' dir='ltr'>habeatVeronensem.)</span> 
     </span>
     <span class='ocr_line' id='line_1_62' title="bbox 1450 876 2401 930; baseline 0.001 -12"><span class='ocrx_word' id='word_1_352' title='bbox 1450 876 1576 928; x_wconf 87' lang='lat' dir='ltr'>llujus</span> <span class='ocrx_word' id='word_1_353' title='bbox 1586 876 1761 929; x_wconf 84' lang='lat' dir='ltr'>Epistola</span> <span class='ocrx_word' id='word_1_354' title='bbox 1770 879 2016 929; x_wconf 85' lang='lat' dir='ltr'>paraenetica</span> <span class='ocrx_word' id='word_1_355' title='bbox 2029 878 2076 918; x_wconf 87' lang='lat' dir='ltr'>ad</span> <span class='ocrx_word' id='word_1_356' title='bbox 2093 880 2312 930; x_wconf 67' lang='lat' dir='ltr'>Rupertum</span> <span class='ocrx_word' id='word_1_357' title='bbox 2327 881 2401 920; x_wconf 87' lang='lat' dir='ltr'>Re-</span> 
     </span>
     <span class='ocr_line' id='line_1_63' title="bbox 1451 940 2400 991; baseline 0.003 -12"><span class='ocrx_word' id='word_1_358' title='bbox 1451 951 1538 989; x_wconf 65' lang='lat' dir='ltr'>gem</span> <span class='ocrx_word' id='word_1_359' title='bbox 1568 941 1831 978; x_wconf 84' lang='lat' dir='ltr'>Romanorum</span> <span class='ocrx_word' id='word_1_360' title='bbox 1849 940 1994 991; x_wconf 88' lang='lat' dir='ltr'>scripta</span> <span class='ocrx_word' id='word_1_361' title='bbox 2015 941 2117 980; x_wconf 88' lang='lat' dir='ltr'>circa</span> <span class='ocrx_word' id='word_1_362' title='bbox 2129 940 2287 981; x_wconf 74' lang='grc' dir='ltr'><strong>Α.4403</strong></span> <span class='ocrx_word' id='word_1_363' title='bbox 2308 953 2400 982; x_wconf 91' lang='lat' dir='ltr'>cum</span> 
     </span>
     <span class='ocr_line' id='line_1_64' title="bbox 1453 1000 2403 1052; baseline 0.004 -12"><span class='ocrx_word' id='word_1_364' title='bbox 1453 1002 1516 1040; x_wconf 88' lang='lat' dir='ltr'>ille</span> <span class='ocrx_word' id='word_1_365' title='bbox 1531 1000 1992 1052; x_wconf 79' lang='lat' dir='ltr'>expeditionempararet</span> <span class='ocrx_word' id='word_1_366' title='bbox 2006 1001 2202 1042; x_wconf 88' lang='lat' dir='ltr'>inltaliam</span> <span class='ocrx_word' id='word_1_367' title='bbox 2211 1002 2403 1044; x_wconf 87' lang='lat' dir='ltr'>adversus</span> 
     </span>
     <span class='ocr_line' id='line_1_65' title="bbox 1452 1062 2403 1106; baseline 0.003 -3"><span class='ocrx_word' id='word_1_368' title='bbox 1452 1064 1673 1103; x_wconf 88' lang='lat' dir='ltr'>Galeatium</span> <span class='ocrx_word' id='word_1_369' title='bbox 1690 1062 2034 1102; x_wconf 86' lang='lat' dir='ltr'>Mediolanensem.</span> <span class='ocrx_word' id='word_1_370' title='bbox 2057 1063 2201 1104; x_wconf 86' lang='lat' dir='ltr'>Exstat</span> <span class='ocrx_word' id='word_1_371' title='bbox 2218 1064 2273 1104; x_wconf 89' lang='lat' dir='ltr'>t.I</span> <span class='ocrx_word' id='word_1_372' title='bbox 2289 1076 2403 1106; x_wconf 85' lang='lat' dir='ltr'>anec-</span> 
     </span>
     <span class='ocr_line' id='line_1_66' title="bbox 1451 1124 2402 1178; baseline 0.003 -14"><span class='ocrx_word' id='word_1_373' title='bbox 1451 1125 1631 1165; x_wconf 87' lang='lat' dir='ltr'>dotorum</span> <span class='ocrx_word' id='word_1_374' title='bbox 1639 1124 1695 1164; x_wconf 86' lang='lat' dir='ltr'>Ed</span> <span class='ocrx_word' id='word_1_375' title='bbox 1702 1124 1836 1164; x_wconf 92' lang='lat' dir='ltr'>mundi</span> <span class='ocrx_word' id='word_1_376' title='bbox 1854 1125 2110 1165; x_wconf 82' lang='lat' dir='ltr'>MarteneT.l.</span> <span class='ocrx_word' id='word_1_377' title='bbox 2119 1137 2156 1178; x_wconf 92' lang='lat' dir='ltr'>p.</span> <span class='ocrx_word' id='word_1_378' title='bbox 2166 1128 2181 1167; x_wconf 93' lang='grc'><strong>4</strong></span> <span class='ocrx_word' id='word_1_379' title='bbox 2192 1127 2306 1166; x_wconf 87' lang='grc'><strong>696-4</strong></span> <span class='ocrx_word' id='word_1_380' title='bbox 2314 1126 2402 1167; x_wconf 88' lang='grc'><strong>700;</strong></span> 
     </span>
    </p>

    <p class='ocr_par' dir='ltr' id='par_1_8' title="bbox 1452 1186 2412 2966">
     <span class='ocr_line' id='line_1_67' title="bbox 1505 1186 2401 1241; baseline 0.001 -14"><span class='ocrx_word' id='word_1_381' title='bbox 1505 1186 1739 1228; x_wconf 83' lang='lat' dir='ltr'>ANDREAS</span> <span class='ocrx_word' id='word_1_382' title='bbox 1754 1187 1975 1226; x_wconf 87' lang='lat' dir='ltr'>Monasterii</span> <span class='ocrx_word' id='word_1_383' title='bbox 1991 1187 2030 1227; x_wconf 89' lang='lat' dir='ltr'>S.</span> <span class='ocrx_word' id='word_1_384' title='bbox 2048 1187 2266 1239; x_wconf 79' lang='lat' dir='ltr'>Michaelis,</span> <span class='ocrx_word' id='word_1_385' title='bbox 2282 1200 2401 1241; x_wconf 89' lang='lat' dir='ltr'>prope</span> 
     </span>
     <span class='ocr_line' id='line_1_68' title="bbox 1452 1243 2402 1301; baseline 0.001 -12"><span class='ocrx_word' id='word_1_386' title='bbox 1452 1249 1727 1300; x_wconf 80' lang='lat' dir='ltr'>Bambergam,</span> <span class='ocrx_word' id='word_1_387' title='bbox 1747 1248 1910 1289; x_wconf 87' lang='lat' dir='ltr'>Abbatis</span> <span class='ocrx_word' id='word_1_388' title='bbox 1940 1243 2078 1289; x_wconf 65' lang='lat' dir='ltr'>&#39;Ordin.</span> <span class='ocrx_word' id='word_1_389' title='bbox 2113 1251 2152 1291; x_wconf 92' lang='lat' dir='ltr'>S.</span> <span class='ocrx_word' id='word_1_390' title='bbox 2175 1250 2402 1301; x_wconf 86' lang='lat' dir='ltr'>Benedicti,</span> 
     </span>
     <span class='ocr_line' id='line_1_69' title="bbox 1453 1311 2404 1363; baseline 0.002 -11"><span class='ocrx_word' id='word_1_391' title='bbox 1453 1313 1555 1352; x_wconf 88' lang='lat' dir='ltr'>circa</span> <span class='ocrx_word' id='word_1_392' title='bbox 1573 1312 1646 1351; x_wconf 89' lang='lat' dir='ltr'>An.</span> <span class='ocrx_word' id='word_1_393' title='bbox 1673 1313 1784 1352; x_wconf 81' lang='grc'><strong>4498.</strong></span> <span class='ocrx_word' id='word_1_394' title='bbox 1811 1312 1975 1363; x_wconf 85' lang='lat' dir='ltr'>Scripsit</span> <span class='ocrx_word' id='word_1_395' title='bbox 2001 1311 2048 1352; x_wconf 83' lang='lat' dir='ltr'>de</span> <span class='ocrx_word' id='word_1_396' title='bbox 2078 1312 2163 1353; x_wconf 85' lang='lat' dir='ltr'>Vita</span> <span class='ocrx_word' id='word_1_397' title='bbox 2180 1314 2221 1354; x_wconf 93' lang='lat' dir='ltr'>S.</span> <span class='ocrx_word' id='word_1_398' title='bbox 2256 1313 2404 1354; x_wconf 72' lang='lat' dir='ltr'>octonis</span> 
     </span>
     <span class='ocr_line' id='line_1_70' title="bbox 1454 1373 2408 1428; baseline 0.001 -14"><span class='ocrx_word' id='word_1_399' title='bbox 1454 1374 1529 1414; x_wconf 88' lang='lat' dir='ltr'>An.</span> <span class='ocrx_word' id='word_1_400' title='bbox 1547 1375 1588 1415; x_wconf 90' lang='lat' dir='ltr'>C.</span> <span class='ocrx_word' id='word_1_401' title='bbox 1606 1375 1709 1414; x_wconf 89' lang='grc'><strong>4438</strong></span> <span class='ocrx_word' id='word_1_402' title='bbox 1727 1374 1902 1414; x_wconf 81' lang='lat' dir='ltr'>defuncti</span> <span class='ocrx_word' id='word_1_403' title='bbox 1919 1376 2226 1415; x_wconf 80' lang='lat' dir='ltr'>pomeranorum</span> <span class='ocrx_word' id='word_1_404' title='bbox 2241 1373 2408 1428; x_wconf 87' lang='lat' dir='ltr'>Aposto-</span> 
     </span>
     <span class='ocr_line' id='line_1_71' title="bbox 1455 1436 2408 1489; baseline 0.002 -13"><span class='ocrx_word' id='word_1_405' title='bbox 1455 1437 1501 1487; x_wconf 88' lang='lat' dir='ltr'>li,</span> <span class='ocrx_word' id='word_1_406' title='bbox 1537 1437 1720 1488; x_wconf 86' lang='lat' dir='ltr'>Episcopi</span> <span class='ocrx_word' id='word_1_407' title='bbox 1755 1437 2076 1489; x_wconf 83' lang='lat' dir='ltr'>Bambergensis,</span> <span class='ocrx_word' id='word_1_408' title='bbox 2115 1436 2238 1479; x_wconf 84' lang='lat' dir='ltr'>libros</span> <span class='ocrx_word' id='word_1_409' title='bbox 2277 1438 2337 1480; x_wconf 92' lang='lat' dir='ltr'>IV</span> <span class='ocrx_word' id='word_1_410' title='bbox 2358 1437 2408 1479; x_wconf 85' lang='lat' dir='ltr'>ad</span> 
     </span>
     <span class='ocr_line' id='line_1_72' title="bbox 1457 1499 2410 1551; baseline 0 -12"><span class='ocrx_word' id='word_1_411' title='bbox 1457 1499 1712 1539; x_wconf 86' lang='lat' dir='ltr'>Benedictum</span> <span class='ocrx_word' id='word_1_412' title='bbox 1741 1500 1980 1551; x_wconf 87' lang='lat' dir='ltr'>Episcopum</span> <span class='ocrx_word' id='word_1_413' title='bbox 2006 1499 2294 1540; x_wconf 86' lang='lat' dir='ltr'>Caminensem.</span> <span class='ocrx_word' id='word_1_414' title='bbox 2318 1499 2410 1541; x_wconf 88' lang='lat' dir='ltr'>Edi-</span> 
     </span>
     <span class='ocr_line' id='line_1_73' title="bbox 1457 1561 2410 1602; baseline 0 0"><span class='ocrx_word' id='word_1_415' title='bbox 1457 1563 1514 1602; x_wconf 87' lang='lat' dir='ltr'>dit</span> <span class='ocrx_word' id='word_1_416' title='bbox 1537 1564 1616 1601; x_wconf 91' lang='lat' dir='ltr'>Jac.</span> <span class='ocrx_word' id='word_1_417' title='bbox 1656 1562 1867 1601; x_wconf 89' lang='lat' dir='ltr'>Gretserus</span> <span class='ocrx_word' id='word_1_418' title='bbox 1903 1561 1942 1601; x_wconf 93' lang='lat' dir='ltr'>S.</span> <span class='ocrx_word' id='word_1_419' title='bbox 1965 1562 2000 1600; x_wconf 90' lang='lat' dir='ltr'>J.</span> <span class='ocrx_word' id='word_1_420' title='bbox 2024 1562 2063 1600; x_wconf 87' lang='lat' dir='ltr'>in</span> <span class='ocrx_word' id='word_1_421' title='bbox 2086 1562 2196 1601; x_wconf 90' lang='lat' dir='ltr'>Divis</span> <span class='ocrx_word' id='word_1_422' title='bbox 2226 1562 2410 1602; x_wconf 87' lang='lat' dir='ltr'>Bamber-</span> 
     </span>
     <span class='ocr_line' id='line_1_74' title="bbox 1458 1623 2408 1676; baseline 0 -12"><span class='ocrx_word' id='word_1_423' title='bbox 1458 1625 1664 1676; x_wconf 77' lang='lat' dir='ltr'>gensibus,</span> <span class='ocrx_word' id='word_1_424' title='bbox 1688 1624 1898 1675; x_wconf 81' lang='lat' dir='ltr'>lngolstad.</span> <span class='ocrx_word' id='word_1_425' title='bbox 1918 1624 2036 1674; x_wconf 89' lang='grc'><strong>4644,</strong></span> <span class='ocrx_word' id='word_1_426' title='bbox 2062 1624 2084 1662; x_wconf 72' lang='lat'><strong>4</strong></span> <span class='ocrx_word' id='word_1_427' title='bbox 2107 1627 2227 1675; x_wconf 86' lang='lat' dir='ltr'>atque</span> <span class='ocrx_word' id='word_1_428' title='bbox 2248 1623 2339 1664; x_wconf 89' lang='lat' dir='ltr'>inde</span> <span class='ocrx_word' id='word_1_429' title='bbox 2358 1636 2408 1664; x_wconf 85' lang='lat' dir='ltr'>ex</span> 
     </span>
     <span class='ocr_line' id='line_1_75' title="bbox 1457 1684 2411 1726; baseline 0.001 -1"><span class='ocrx_word' id='word_1_430' title='bbox 1457 1687 1606 1725; x_wconf 88' lang='lat' dir='ltr'>meliori</span> <span class='ocrx_word' id='word_1_431' title='bbox 1630 1685 1771 1726; x_wconf 89' lang='lat' dir='ltr'>Codice</span> <span class='ocrx_word' id='word_1_432' title='bbox 1805 1686 1987 1725; x_wconf 85' lang='lat' dir='ltr'>Valerius</span> <span class='ocrx_word' id='word_1_433' title='bbox 2013 1684 2198 1725; x_wconf 88' lang='lat' dir='ltr'>Jaschius</span> <span class='ocrx_word' id='word_1_434' title='bbox 2231 1687 2411 1726; x_wconf 87' lang='lat' dir='ltr'>Pomera-</span> 
     </span>
     <span class='ocr_line' id='line_1_76' title="bbox 1456 1744 2409 1797; baseline 0 -11"><span class='ocrx_word' id='word_1_435' title='bbox 1456 1759 1550 1787; x_wconf 91' lang='lat' dir='ltr'>nus.</span> <span class='ocrx_word' id='word_1_436' title='bbox 1572 1748 1782 1797; x_wconf 81' lang='lat' dir='ltr'>Colbergae</span> <span class='ocrx_word' id='word_1_437' title='bbox 1804 1747 1923 1795; x_wconf 70' lang='lat'>⁴684,</span> <span class='ocrx_word' id='word_1_438' title='bbox 1947 1744 2013 1786; x_wconf 74' lang='lat'>4.²⁰</span> <span class='ocrx_word' id='word_1_439' title='bbox 2033 1746 2130 1787; x_wconf 87' lang='lat' dir='ltr'>Vide</span> <span class='ocrx_word' id='word_1_440' title='bbox 2154 1745 2254 1787; x_wconf 84' lang='lat' dir='ltr'>Acta</span> <span class='ocrx_word' id='word_1_441' title='bbox 2267 1747 2409 1787; x_wconf 89' lang='lat' dir='ltr'>Erudi-</span> 
     </span>
     <span class='ocr_line' id='line_1_77' title="bbox 1457 1807 2411 1860; baseline 0 -12"><span class='ocrx_word' id='word_1_442' title='bbox 1457 1814 1528 1848; x_wconf 88' lang='lat' dir='ltr'>tor.</span> <span class='ocrx_word' id='word_1_443' title='bbox 1553 1808 1627 1848; x_wconf 93' lang='lat' dir='ltr'>An.</span> <span class='ocrx_word' id='word_1_444' title='bbox 1649 1809 1751 1849; x_wconf 70' lang='lat'>⁴682</span> <span class='ocrx_word' id='word_1_445' title='bbox 1771 1820 1855 1860; x_wconf 84' lang='lat' dir='ltr'>pag.</span> <span class='ocrx_word' id='word_1_446' title='bbox 1871 1807 1948 1849; x_wconf 71' lang='lat'>279</span> <span class='ocrx_word' id='word_1_447' title='bbox 1968 1809 2064 1848; x_wconf 89' lang='lat' dir='ltr'>Hinc</span> <span class='ocrx_word' id='word_1_448' title='bbox 2081 1809 2253 1849; x_wconf 83' lang='lat' dir='ltr'>Joannes</span> <span class='ocrx_word' id='word_1_449' title='bbox 2271 1809 2411 1850; x_wconf 87' lang='lat' dir='ltr'>Petrus</span> 
     </span>
     <span class='ocr_line' id='line_1_78' title="bbox 1458 1870 2411 1924; baseline 0.001 -14"><span class='ocrx_word' id='word_1_450' title='bbox 1458 1871 1648 1923; x_wconf 82' lang='lat' dir='ltr'>Ludewig</span> <span class='ocrx_word' id='word_1_451' title='bbox 1665 1872 1703 1910; x_wconf 91' lang='lat' dir='ltr'>in</span> <span class='ocrx_word' id='word_1_452' title='bbox 1718 1871 1973 1922; x_wconf 88' lang='lat' dir='ltr'>scriptoribus</span> <span class='ocrx_word' id='word_1_453' title='bbox 1997 1881 2130 1910; x_wconf 90' lang='lat' dir='ltr'>rerum</span> <span class='ocrx_word' id='word_1_454' title='bbox 2150 1870 2411 1924; x_wconf 83' lang='lat' dir='ltr'>Bambergen-</span> 
     </span>
     <span class='ocr_line' id='line_1_79' title="bbox 1459 1932 2411 1986; baseline -0.003 -11"><span class='ocrx_word' id='word_1_455' title='bbox 1459 1937 1561 1975; x_wconf 88' lang='lat' dir='ltr'>sium</span> <span class='ocrx_word' id='word_1_456' title='bbox 1585 1939 1679 1974; x_wconf 91' lang='lat' dir='ltr'>tom.</span> <span class='ocrx_word' id='word_1_457' title='bbox 1704 1935 1718 1974; x_wconf 96' lang='lat'>1</span> <span class='ocrx_word' id='word_1_458' title='bbox 1739 1946 1775 1986; x_wconf 93' lang='lat' dir='ltr'>p.</span> <span class='ocrx_word' id='word_1_459' title='bbox 1808 1934 1884 1973; x_wconf 89' lang='lat'>393</span> <span class='ocrx_word' id='word_1_460' title='bbox 1923 1934 1993 1974; x_wconf 87' lang='lat' dir='ltr'>Hic</span> <span class='ocrx_word' id='word_1_461' title='bbox 2026 1932 2207 1973; x_wconf 85' lang='lat' dir='ltr'>Andreas</span> <span class='ocrx_word' id='word_1_462' title='bbox 2242 1937 2411 1984; x_wconf 85' lang='lat' dir='ltr'>quatuor</span> 
     </span>
     <span class='ocr_line' id='line_1_80' title="bbox 1458 1995 2409 2046; baseline -0.002 -10"><span class='ocrx_word' id='word_1_463' title='bbox 1458 2001 1549 2036; x_wconf 91' lang='lat' dir='ltr'>ante</span> <span class='ocrx_word' id='word_1_464' title='bbox 1571 2007 1614 2035; x_wconf 91' lang='lat' dir='ltr'>se</span> <span class='ocrx_word' id='word_1_465' title='bbox 1638 1997 1850 2046; x_wconf 90' lang='lat' dir='ltr'>scriptores</span> <span class='ocrx_word' id='word_1_466' title='bbox 1869 1995 1916 2034; x_wconf 89' lang='lat' dir='ltr'>de</span> <span class='ocrx_word' id='word_1_467' title='bbox 1932 1997 2013 2034; x_wconf 90' lang='lat' dir='ltr'>vita</span> <span class='ocrx_word' id='word_1_468' title='bbox 2030 1996 2069 2035; x_wconf 92' lang='lat' dir='ltr'>S.</span> <span class='ocrx_word' id='word_1_469' title='bbox 2089 1995 2245 2035; x_wconf 89' lang='lat' dir='ltr'>Ottonis</span> <span class='ocrx_word' id='word_1_470' title='bbox 2261 2005 2409 2034; x_wconf 90' lang='lat' dir='ltr'>memo-</span> 
     </span>
     <span class='ocr_line' id='line_1_81' title="bbox 1459 2053 2409 2109; baseline -0.001 -12"><span class='ocrx_word' id='word_1_471' title='bbox 1459 2063 1533 2105; x_wconf 87' lang='lat' dir='ltr'>rat,</span> <span class='ocrx_word' id='word_1_472' title='bbox 1557 2055 1774 2109; x_wconf 72' lang='lat' dir='ltr'>Sefrirlum,</span> <span class='ocrx_word' id='word_1_473' title='bbox 1798 2055 2025 2105; x_wconf 85' lang='lat' dir='ltr'>Tiemonem,</span> <span class='ocrx_word' id='word_1_474' title='bbox 2048 2053 2246 2094; x_wconf 86' lang='lat' dir='ltr'>Ebbonem</span> <span class='ocrx_word' id='word_1_475' title='bbox 2265 2067 2316 2096; x_wconf 83' lang='lat' dir='ltr'>ex</span> <span class='ocrx_word' id='word_1_476' title='bbox 2343 2067 2409 2096; x_wconf 89' lang='lat' dir='ltr'>ore</span> 
     </span>
     <span class='ocr_line' id='line_1_82' title="bbox 1461 2116 2410 2168; baseline 0 -11"><span class='ocrx_word' id='word_1_477' title='bbox 1461 2117 1636 2157; x_wconf 82' lang='lat' dir='ltr'>Udalrici</span> <span class='ocrx_word' id='word_1_478' title='bbox 1662 2117 1882 2156; x_wconf 87' lang='lat' dir='ltr'>Sacerdotis</span> <span class='ocrx_word' id='word_1_479' title='bbox 1905 2118 1943 2156; x_wconf 93' lang='lat' dir='ltr'>S.</span> <span class='ocrx_word' id='word_1_480' title='bbox 1963 2116 2105 2168; x_wconf 85' lang='lat' dir='ltr'>AEgidii</span> <span class='ocrx_word' id='word_1_481' title='bbox 2132 2117 2340 2168; x_wconf 89' lang='lat' dir='ltr'>edoctum,</span> <span class='ocrx_word' id='word_1_482' title='bbox 2369 2122 2410 2158; x_wconf 86' lang='lat' dir='ltr'>et</span> 
     </span>
     <span class='ocr_line' id='line_1_83' title="bbox 1460 2176 2411 2231; baseline -0.003 -10"><span class='ocrx_word' id='word_1_483' title='bbox 1460 2178 1719 2221; x_wconf 83' lang='lat' dir='ltr'>Herbordum.</span> <span class='ocrx_word' id='word_1_484' title='bbox 1746 2180 1806 2218; x_wconf 78' lang='lat' dir='ltr'>Ex</span> <span class='ocrx_word' id='word_1_485' title='bbox 1830 2179 1891 2217; x_wconf 89' lang='lat' dir='ltr'>his</span> <span class='ocrx_word' id='word_1_486' title='bbox 1914 2176 2097 2231; x_wconf 81' lang='lat' dir='ltr'>Sefridus</span> <span class='ocrx_word' id='word_1_487' title='bbox 2119 2183 2158 2219; x_wconf 90' lang='lat' dir='ltr'>et</span> <span class='ocrx_word' id='word_1_488' title='bbox 2185 2178 2339 2219; x_wconf 87' lang='lat' dir='ltr'>Tiemon</span> <span class='ocrx_word' id='word_1_489' title='bbox 2353 2181 2411 2218; x_wconf 92' lang='lat' dir='ltr'>vi-</span> 
     </span>
     <span class='ocr_line' id='line_1_84' title="bbox 1458 2241 2411 2293; baseline -0.002 -11"><span class='ocrx_word' id='word_1_490' title='bbox 1458 2243 1603 2282; x_wconf 91' lang='lat' dir='ltr'>dentur</span> <span class='ocrx_word' id='word_1_491' title='bbox 1631 2252 1840 2293; x_wconf 85' lang='lat' dir='ltr'>superesse</span> <span class='ocrx_word' id='word_1_492' title='bbox 1863 2242 1901 2280; x_wconf 91' lang='lat' dir='ltr'>in</span> <span class='ocrx_word' id='word_1_493' title='bbox 1923 2241 1997 2281; x_wconf 90' lang='lat' dir='ltr'>illis</span> <span class='ocrx_word' id='word_1_494' title='bbox 2020 2241 2128 2280; x_wconf 90' lang='lat' dir='ltr'>libris</span> <span class='ocrx_word' id='word_1_495' title='bbox 2155 2242 2283 2281; x_wconf 90' lang='lat' dir='ltr'>tribus</span> <span class='ocrx_word' id='word_1_496' title='bbox 2306 2241 2411 2282; x_wconf 90' lang='lat' dir='ltr'>Ano-</span> 
     </span>
     <span class='ocr_line' id='line_1_85' title="bbox 1459 2304 2409 2356; baseline -0.002 -12"><span class='ocrx_word' id='word_1_497' title='bbox 1459 2306 1569 2356; x_wconf 86' lang='lat' dir='ltr'>nymi</span> <span class='ocrx_word' id='word_1_498' title='bbox 1592 2304 1640 2343; x_wconf 92' lang='lat' dir='ltr'>de</span> <span class='ocrx_word' id='word_1_499' title='bbox 1669 2305 1750 2343; x_wconf 87' lang='lat' dir='ltr'>vita</span> <span class='ocrx_word' id='word_1_500' title='bbox 1772 2305 1944 2352; x_wconf 90' lang='lat' dir='ltr'>Ottonis,</span> <span class='ocrx_word' id='word_1_501' title='bbox 1964 2314 2064 2354; x_wconf 88' lang='lat' dir='ltr'>quos</span> <span class='ocrx_word' id='word_1_502' title='bbox 2090 2304 2138 2343; x_wconf 91' lang='lat' dir='ltr'>ab</span> <span class='ocrx_word' id='word_1_503' title='bbox 2176 2304 2220 2343; x_wconf 91' lang='lat' dir='ltr'>H.</span> <span class='ocrx_word' id='word_1_504' title='bbox 2254 2304 2409 2344; x_wconf 88' lang='lat' dir='ltr'>Canisio</span> 
     </span>
     <span class='ocr_line' id='line_1_86' title="bbox 1459 2365 2410 2419; baseline -0.002 -13"><span class='ocrx_word' id='word_1_505' title='bbox 1459 2367 1609 2419; x_wconf 87' lang='lat' dir='ltr'>pridem</span> <span class='ocrx_word' id='word_1_506' title='bbox 1625 2366 1750 2405; x_wconf 85' lang='lat' dir='ltr'>editos</span> <span class='ocrx_word' id='word_1_507' title='bbox 1766 2370 1858 2405; x_wconf 89' lang='lat' dir='ltr'>tom.</span> <span class='ocrx_word' id='word_1_508' title='bbox 1876 2367 1908 2405; x_wconf 89' lang='lat' dir='ltr'>ll</span> <span class='ocrx_word' id='word_1_509' title='bbox 1932 2365 2136 2416; x_wconf 86' lang='lat' dir='ltr'>Antiquar.</span> <span class='ocrx_word' id='word_1_510' title='bbox 2158 2366 2262 2405; x_wconf 85' lang='lat' dir='ltr'>Lect.</span> <span class='ocrx_word' id='word_1_511' title='bbox 2279 2377 2315 2417; x_wconf 89' lang='lat' dir='ltr'>p.</span> <span class='ocrx_word' id='word_1_512' title='bbox 2331 2365 2410 2405; x_wconf 76' lang='lat'>235</span> 
     </span>
     <span class='ocr_line' id='line_1_87' title="bbox 1461 2425 2408 2479; baseline -0.003 -11"><span class='ocrx_word' id='word_1_513' title='bbox 1461 2431 1470 2479; x_wconf 65' lang='grc' dir='ltr'>ζ</span> <span class='ocrx_word' id='word_1_514' title='bbox 1480 2428 1539 2468; x_wconf 83' lang='lat' dir='ltr'>ed.</span> <span class='ocrx_word' id='word_1_515' title='bbox 1565 2440 1688 2468; x_wconf 91' lang='lat' dir='ltr'>novae</span> <span class='ocrx_word' id='word_1_516' title='bbox 1717 2433 1810 2467; x_wconf 90' lang='lat' dir='ltr'>tom.</span> <span class='ocrx_word' id='word_1_517' title='bbox 1835 2428 1888 2467; x_wconf 89' lang='lat'>111</span> <span class='ocrx_word' id='word_1_518' title='bbox 1911 2438 1997 2479; x_wconf 80' lang='lat' dir='ltr'>pag.</span> <span class='ocrx_word' id='word_1_519' title='bbox 2023 2427 2100 2476; x_wconf 78' lang='lat'>40.)</span> <span class='ocrx_word' id='word_1_520' title='bbox 2130 2426 2198 2466; x_wconf 85' lang='lat' dir='ltr'>dat</span> <span class='ocrx_word' id='word_1_521' title='bbox 2226 2425 2408 2467; x_wconf 87' lang='lat' dir='ltr'>laudatus</span> 
     </span>
     <span class='ocr_line' id='line_1_88' title="bbox 1460 2488 2411 2542; baseline -0.004 -11"><span class='ocrx_word' id='word_1_522' title='bbox 1460 2491 1662 2541; x_wconf 80' lang='lat' dir='ltr'>Ludewig.</span> <span class='ocrx_word' id='word_1_523' title='bbox 1685 2501 1772 2542; x_wconf 82' lang='lat' dir='ltr'>pag.</span> <span class='ocrx_word' id='word_1_524' title='bbox 1796 2490 1872 2530; x_wconf 78' lang='lat'>632</span> <span class='ocrx_word' id='word_1_525' title='bbox 1895 2500 1978 2540; x_wconf 87' lang='lat' dir='ltr'>seq.</span> <span class='ocrx_word' id='word_1_526' title='bbox 2003 2490 2106 2528; x_wconf 90' lang='lat' dir='ltr'>sicut</span> <span class='ocrx_word' id='word_1_527' title='bbox 2129 2488 2312 2528; x_wconf 85' lang='lat' dir='ltr'>Jaschius</span> <span class='ocrx_word' id='word_1_528' title='bbox 2325 2499 2411 2528; x_wconf 87' lang='lat' dir='ltr'>eos-</span> 
     </span>
     <span class='ocr_line' id='line_1_89' title="bbox 1459 2550 2411 2602; baseline -0.005 -9"><span class='ocrx_word' id='word_1_529' title='bbox 1459 2553 1550 2593; x_wconf 91' lang='lat' dir='ltr'>dem</span> <span class='ocrx_word' id='word_1_530' title='bbox 1572 2552 1752 2592; x_wconf 87' lang='lat' dir='ltr'>Andreae</span> <span class='ocrx_word' id='word_1_531' title='bbox 1775 2550 2021 2602; x_wconf 85' lang='lat' dir='ltr'>adjunxerat.</span> <span class='ocrx_word' id='word_1_532' title='bbox 2044 2550 2227 2591; x_wconf 87' lang='lat' dir='ltr'>Traditur</span> <span class='ocrx_word' id='word_1_533' title='bbox 2257 2554 2411 2602; x_wconf 86' lang='lat' dir='ltr'>praete·</span> 
     </span>
     <span class='ocr_line' id='line_1_90' title="bbox 1462 2611 2412 2665; baseline -0.004 -11"><span class='ocrx_word' id='word_1_534' title='bbox 1462 2627 1526 2655; x_wconf 85' lang='lat' dir='ltr'>rea</span> <span class='ocrx_word' id='word_1_535' title='bbox 1550 2615 1612 2654; x_wconf 86' lang='lat' dir='ltr'>hic</span> <span class='ocrx_word' id='word_1_536' title='bbox 1635 2614 1813 2654; x_wconf 82' lang='lat' dir='ltr'>Andreas</span> <span class='ocrx_word' id='word_1_537' title='bbox 1841 2614 2048 2665; x_wconf 89' lang='lat' dir='ltr'>scripsisse</span> <span class='ocrx_word' id='word_1_538' title='bbox 2076 2611 2222 2652; x_wconf 85' lang='lat' dir='ltr'>librum</span> <span class='ocrx_word' id='word_1_539' title='bbox 2249 2611 2296 2652; x_wconf 85' lang='lat' dir='ltr'>de</span> <span class='ocrx_word' id='word_1_540' title='bbox 2323 2623 2412 2651; x_wconf 85' lang='lat' dir='ltr'>eon-</span> 
     </span>
     <span class='ocr_line' id='line_1_91' title="bbox 1460 2675 2409 2730; baseline -0.004 -14"><span class='ocrx_word' id='word_1_541' title='bbox 1460 2677 1628 2730; x_wconf 81' lang='lat' dir='ltr'>eeptione</span> <span class='ocrx_word' id='word_1_542' title='bbox 1654 2676 1822 2728; x_wconf 73' lang='lat' dir='ltr'>Viryz&#39;nis</span> <span class='ocrx_word' id='word_1_543' title='bbox 1849 2675 2060 2727; x_wconf 83' lang='lat' dir='ltr'>Deiparae,</span> <span class='ocrx_word' id='word_1_544' title='bbox 2085 2679 2126 2715; x_wconf 89' lang='lat' dir='ltr'>et</span> <span class='ocrx_word' id='word_1_545' title='bbox 2145 2685 2243 2727; x_wconf 89' lang='lat' dir='ltr'>opus</span> <span class='ocrx_word' id='word_1_546' title='bbox 2271 2675 2409 2725; x_wconf 85' lang='lat' dir='ltr'>ingens</span> 
     </span>
     <span class='ocr_line' id='line_1_92' title="bbox 1461 2733 2408 2791; baseline -0.006 -12"><span class='ocrx_word' id='word_1_547' title='bbox 1461 2739 1507 2779; x_wconf 86' lang='lat' dir='ltr'>de</span> <span class='ocrx_word' id='word_1_548' title='bbox 1518 2740 1637 2791; x_wconf 75' lang='lat' dir='ltr'>yestis</span> <span class='ocrx_word' id='word_1_549' title='bbox 1653 2738 1898 2791; x_wconf 79' lang='lat' dir='ltr'>Pontificum,</span> <span class='ocrx_word' id='word_1_550' title='bbox 1913 2736 2312 2790; x_wconf 72' lang='lat' dir='ltr'>Arehiepiscopowm,</span> <span class='ocrx_word' id='word_1_551' title='bbox 2329 2733 2408 2774; x_wconf 79' lang='lat' dir='ltr'>An-</span> 
     </span>
     <span class='ocr_line' id='line_1_93' title="bbox 1463 2797 2408 2852; baseline -0.007 -11"><span class='ocrx_word' id='word_1_552' title='bbox 1463 2802 1645 2852; x_wconf 84' lang='lat' dir='ltr'>tistitum,</span> <span class='ocrx_word' id='word_1_553' title='bbox 1674 2800 1872 2841; x_wconf 81' lang='lat' dir='ltr'>Abbalum</span> <span class='ocrx_word' id='word_1_554' title='bbox 1910 2803 1949 2839; x_wconf 84' lang='lat' dir='ltr'>et</span> <span class='ocrx_word' id='word_1_555' title='bbox 1971 2797 2274 2839; x_wconf 85' lang='lat' dir='ltr'>Abbatissarum</span> <span class='ocrx_word' id='word_1_556' title='bbox 2301 2799 2408 2848; x_wconf 83' lang='lat' dir='ltr'>quot-</span> 
     </span>
     <span class='ocr_line' id='line_1_94' title="bbox 1462 2860 2406 2917; baseline -0.006 -14"><span class='ocrx_word' id='word_1_557' title='bbox 1462 2868 1556 2917; x_wconf 83' lang='lat' dir='ltr'>quot</span> <span class='ocrx_word' id='word_1_558' title='bbox 1571 2876 1626 2904; x_wconf 76' lang='lat' dir='ltr'>eae</span> <span class='ocrx_word' id='word_1_559' title='bbox 1642 2863 1785 2904; x_wconf 85' lang='lat' dir='ltr'>Ordine</span> <span class='ocrx_word' id='word_1_560' title='bbox 1797 2862 1891 2903; x_wconf 84' lang='lat' dir='ltr'>Divi</span> <span class='ocrx_word' id='word_1_561' title='bbox 1908 2860 2106 2902; x_wconf 85' lang='lat' dir='ltr'>Benedicti</span> <span class='ocrx_word' id='word_1_562' title='bbox 2119 2860 2159 2900; x_wconf 86' lang='lat' dir='ltr'>in</span> <span class='ocrx_word' id='word_1_563' title='bbox 2172 2860 2406 2900; x_wconf 81' lang='lat' dir='ltr'>Sanctorum</span> 
     </span>
     <span class='ocr_line' id='line_1_95' title="bbox 1462 2924 1934 2966; baseline -0.006 0"><span class='ocrx_word' id='word_1_564' title='bbox 1462 2938 1670 2966; x_wconf 85' lang='lat' dir='ltr'>numerum</span> <span class='ocrx_word' id='word_1_565' title='bbox 1691 2924 1812 2965; x_wconf 83' lang='lat' dir='ltr'>relati</span> <span class='ocrx_word' id='word_1_566' title='bbox 1833 2928 1934 2965; x_wconf 87' lang='lat' dir='ltr'>sunt.</span> 
     </span>
    </p>

    <p class='ocr_par' dir='ltr' id='par_1_9' title="bbox 1460 2984 2407 3160">
     <span class='ocr_line' id='line_1_96' title="bbox 1514 2984 2406 3034; baseline -0.009 -5"><span class='ocrx_word' id='word_1_567' title='bbox 1514 2987 1746 3029; x_wconf 85' lang='lat' dir='ltr'>ANDREAS</span> <span class='ocrx_word' id='word_1_568' title='bbox 1760 2987 1806 3027; x_wconf 79' lang='lat' dir='ltr'>cle</span> <span class='ocrx_word' id='word_1_569' title='bbox 1827 2985 2015 3027; x_wconf 73' lang='lat' dir='ltr'>Modoetia</span> <span class='ocrx_word' id='word_1_570' title='bbox 2037 2984 2205 3034; x_wconf 82' lang='lat' dir='ltr'>(Mouza,</span> <span class='ocrx_word' id='word_1_571' title='bbox 2225 2993 2302 3022; x_wconf 91' lang='lat' dir='ltr'>non</span> <span class='ocrx_word' id='word_1_572' title='bbox 2319 2994 2406 3034; x_wconf 90' lang='lat' dir='ltr'>pro-</span> 
     </span>
     <span class='ocr_line' id='line_1_97' title="bbox 1461 3043 2404 3098; baseline -0.01 -7"><span class='ocrx_word' id='word_1_573' title='bbox 1461 3052 1526 3091; x_wconf 89' lang='lat' dir='ltr'>cul</span> <span class='ocrx_word' id='word_1_574' title='bbox 1539 3050 1765 3098; x_wconf 88' lang='lat' dir='ltr'>Mediolano)</span> <span class='ocrx_word' id='word_1_575' title='bbox 1783 3048 1875 3089; x_wconf 92' lang='lat' dir='ltr'>Ord.</span> <span class='ocrx_word' id='word_1_576' title='bbox 1895 3046 2026 3087; x_wconf 89' lang='lat' dir='ltr'>Praed.</span> <span class='ocrx_word' id='word_1_577' title='bbox 2041 3046 2142 3085; x_wconf 88' lang='lat' dir='ltr'>circa</span> <span class='ocrx_word' id='word_1_578' title='bbox 2158 3044 2278 3085; x_wconf 87' lang='lat' dir='ltr'>An.C.</span> <span class='ocrx_word' id='word_1_579' title='bbox 2303 3043 2404 3084; x_wconf 77' lang='grc'><strong>4270</strong></span> 
     </span>
     <span class='ocr_line' id='line_1_98' title="bbox 1460 3107 2407 3160; baseline -0.01 -7"><span class='ocrx_word' id='word_1_580' title='bbox 1460 3113 1671 3153; x_wconf 84' lang='lat' dir='ltr'>Monachus</span> <span class='ocrx_word' id='word_1_581' title='bbox 1713 3112 1751 3150; x_wconf 90' lang='lat' dir='ltr'>S.</span> <span class='ocrx_word' id='word_1_582' title='bbox 1790 3110 1984 3160; x_wconf 81' lang='lat' dir='ltr'>Eustorgii</span> <span class='ocrx_word' id='word_1_583' title='bbox 2014 3107 2214 3149; x_wconf 86' lang='lat' dir='ltr'>Mediolan.</span> <span class='ocrx_word' id='word_1_584' title='bbox 2253 3109 2407 3158; x_wconf 87' lang='lat' dir='ltr'>praeter</span> 
     </span>
    </p>
   </div>
   <div class='ocr_carea' id='block_1_4' title="bbox 1515 3255 2402 3298">
    <p class='ocr_par' dir='ltr' id='par_1_10' title="bbox 1515 3255 2402 3298">
     <span class='ocr_line' id='line_1_99' title="bbox 1515 3255 2402 3298; baseline -0.011 0"><span class='ocrx_word' id='word_1_585' title='bbox 1515 3265 1528 3278; x_wconf 84' lang='grc'><em>·</em></span> <span class='ocrx_word' id='word_1_586' title='bbox 1549 3261 1784 3297; x_wconf 80' lang='lat' dir='ltr'>sammai-than·</span> <span class='ocrx_word' id='word_1_587' title='bbox 1807 3265 1896 3292; x_wconf 84' lang='lat' dir='ltr'>tomo</span> <span class='ocrx_word' id='word_1_588' title='bbox 1911 3261 1936 3292; x_wconf 94' lang='grc' dir='ltr'>Ι.</span> <span class='ocrx_word' id='word_1_589' title='bbox 1957 3257 2079 3290; x_wconf 78' lang='lat' dir='ltr'>Galliae</span> <span class='ocrx_word' id='word_1_590' title='bbox 2102 3255 2309 3289; x_wconf 81' lang='lat' dir='ltr'>Christianae</span> <span class='ocrx_word' id='word_1_591' title='bbox 2326 3264 2402 3298; x_wconf 78' lang='lat' dir='ltr'>pag.</span> 
     </span>
    </p>
   </div>
   <div class='ocr_carea' id='block_1_5' title="bbox 1443 3314 1515 3345">
    <p class='ocr_par' dir='ltr' id='par_1_11' title="bbox 1443 3314 1515 3345">
     <span class='ocr_line' id='line_1_100' title="bbox 1443 3314 1515 3345; baseline 0.014 -1"><span class='ocrx_word' id='word_1_592' title='bbox 1443 3314 1515 3345; x_wconf 67' lang='lat'>245.</span> 
     </span>
    </p>
   </div>
  </div>
 </body>
</html>
