2500 3841
877 219 1278 259 CONRADUS

85 300 125 336 et
149 304 275 345 nuper
299 294 337 331 in
361 296 458 330 tom.
479 291 605 342 primo
628 290 893 329 Bibliothecae
912 292 1042 330 Histo-

85 359 188 396 ricae
210 355 333 404 Regni
357 353 511 392 Siciliae
535 352 729 390 Johannis
748 354 948 402 Baptistae
968 353 1042 391 Ca-

83 418 178 457 rusii
197 446 205 465 ,
226 415 408 462 Panormi
436 413 538 453 1723
565 414 627 451 fol.

135 476 403 519 CONRADUS
427 475 474 514 de
511 474 783 514 Gerlenhusen
812 478 1041 515 nominatus

82 541 131 581 ad
155 541 442 591 Episcopatum
459 539 821 587 wormatiensem,
845 551 966 588 quem
984 543 1042 577 ta-

83 614 176 642 men
200 612 405 651 nunquam
426 600 619 649 obtinuit,
644 601 803 650 scripsit
835 602 939 639 eirea
962 600 1044 639 An-

84 675 181 703 num
201 663 315 702 4388.
331 661 551 714 Epistolam
575 661 629 699 ad
653 661 847 700 Carolum
866 662 927 701 VI.
953 663 1044 701 Gal-

84 726 159 764 liae
180 726 328 774 Regem
348 755 356 774 ,
380 723 430 763 de
455 723 759 771 concordantia,
785 725 870 762 sive
894 723 942 763 de
972 725 1045 762 tol-

84 786 201 826 lendo
225 786 442 824 schismate
466 786 587 824 etiam
605 797 675 836 per
690 785 910 824 Concilium
927 797 1046 836 gene-

86 849 166 888 rale
204 847 519 887 convocandum.
559 848 705 885 Exstat
741 847 817 885 MS.
849 847 1044 895 Basileae‚

86 922 134 950 ex
160 922 239 961 quo
271 910 362 948 vide
399 921 501 960 quae
540 909 696 947 notavit
733 909 777 947 V.
809 908 852 947 C.
876 908 1047 946 Jacobus

88 974 257 1012 Lenfant
278 973 317 1010 in
341 972 514 1010 Historia
538 971 703 1011 Concilii
725 971 855 1009 Pisani
881 974 976 1008 tom.
1002 971 1016 1008 Ι
1036 999 1044 1018 ,

86 1046 176 1086 pag.
201 1035 263 1074 53.

140 1095 410 1136 CONRADUS
432 1095 677 1144 Germanus,
703 1094 752 1133 de
777 1105 854 1144 quo
878 1093 1045 1133 Vossius

85 1170 171 1209 pag.
194 1157 282 1196 497.
305 1158 400 1197 Vide
421 1170 542 1209 supra
562 1189 570 1207 ,
595 1155 892 1195 Dominz'eanus.

141 1220 409 1261 GONRADUS
434 1220 578 1259 Gratia
600 1218 688 1267 Dei,
711 1230 847 1268 supra,
872 1217 1046 1255 Fratris.

140 1283 406 1323 CONRADOS
421 1283 470 1321 de
483 1282 609 1321 Media
629 1282 823 1329 Civitate‚
849 1281 934 1318 sive
951 1278 1049 1318 Hal-

90 1343 378 1384 berstadienses
392 1344 552 1384 Ordinis
568 1343 886 1382 praedicatorum
898 1341 999 1380 duos
1014 1341 1047 1390 a)

88 1407 153 1445 vel
174 1411 256 1445 tres
281 1407 431 1444 faciunt
446 1405 647 1453 nonnulli,
670 1406 763 1455 quia
787 1405 826 1441 in
848 1405 968 1442 unius
982 1403 1052 1441 ho-

90 1469 209 1506 minis
232 1472 406 1506 aetatem
430 1467 571 1506 cadere
595 1478 674 1505 non
698 1468 855 1514 visum,
879 1464 986 1516 quod
1002 1464 1051 1503 de

90 1542 136 1568 eo
159 1530 360 1568 Jobannes
385 1529 631 1567 Trithemius
656 1530 696 1566 in
721 1528 945 1567 Annalibus
968 1528 1054 1566 Hir-

91 1591 371 1642 saugiensibus
394 1590 444 1629 ad
464 1589 627 1630 Annum
654 1592 757 1630 4295
771 1595 811 1630 et
827 1590 931 1641 quod
949 1590 1054 1629 idem

92 1653 303 1693 Conradus
324 1653 553 1692 Conventui
577 1655 750 1704 generali
774 1654 963 1692 diffinitor
987 1655 1057 1693 Sa-

92 1717 234 1755 xoniae
258 1717 439 1755 interfuit
481 1717 705 1755 Florentiae
740 1717 856 1754 Anno
886 1717 981 1755 1321
1019 1716 1054 1764 b)

93 1777 279 1827 idemque
303 1778 544 1827 glossemata
568 1789 641 1816 sua
666 1779 705 1816 in
729 1779 893 1816 Josuam
908 1777 1056 1816 dicavit

94 1839 233 1879 Carolo
256 1839 318 1878 IV.
344 1840 599 1889 Imperatori,
624 1851 702 1877 non
722 1844 814 1878 ante
839 1839 913 1877 An.
939 1839 1057 1878 1350.

96 1902 136 1941 Si
155 1913 247 1940 vero
267 1912 463 1952 ponamus
487 1901 752 1940 Trithemium
776 1901 907 1951 paullo
929 1901 1058 1939 laxius

95 1965 300 2010 locutum,
335 1975 428 2002 cum
463 1964 512 2002 ad
547 1964 621 2002 An.
650 1965 753 2003 4295
778 1965 937 2014 scripsit
961 1963 1058 2001 haec

96 2029 274 2076 tempora
293 2027 412 2064 etiam
449 2026 619 2066 Conradi
649 2027 805 2077 ingenio
830 2026 1054 2075 illustrata,

94 2088 191 2126 nihil
215 2087 381 2138 impedit
416 2093 574 2126 caetera
597 2088 645 2127 de
670 2099 749 2127 uno
774 2088 954 2127 Conrado
991 2099 1056 2126 ac·-

95 2151 252 2201 cipere,
287 2154 328 2188 et
361 2149 410 2188 ad
446 2150 558 2188 illum
583 2150 731 2188 referre
756 2151 930 2201 scripta,
955 2162 1057 2202 quae

95 2216 181 2251 tum
206 2212 312 2250 dicto
332 2212 535 2251 annalium
560 2213 906 2262 Hirsaugiensium
943 2213 1055 2261 loco,

95 2278 181 2312 tum
202 2285 286 2324 cap.
309 2273 398 2312 502.
423 2274 629 2312 Trithemii
653 2274 702 2313 de
719 2275 758 2313 S.
783 2275 828 2313 E.
855 2279 942 2313 tum
967 2275 1057 2313 alibi

95 2335 276 2374 Conrado
305 2335 645 2374 Halberstadiensi
670 2337 916 2375 tribuuntur.
955 2337 1058 2375 Sunt

97 2401 230 2436 autem
247 2397 364 2436 haec:
385 2397 604 2449 Tripartita
614 2397 1006 2450 perAbecedarium,
1024 2398 1056 2446 c)

99 2459 184 2496 sive
214 2459 302 2496 Loci
340 2471 576 2498 communes
606 2460 1057 2510 Theologico-morales,

97 2530 168 2570 per
190 2521 265 2558 tria
300 2520 536 2570 alphabeta:
566 2521 759 2570 Lectura,
791 2522 877 2559 sive
901 2519 1061 2559 Schola-

98 2580 198 2618 stica
214 2579 380 2619 Postilla
404 2580 444 2618 in
461 2579 621 2629 Jobum,
643 2581 679 2628 d)
705 2585 745 2619 et
761 2581 897 2631 plures
916 2580 1058 2620 Sacrae

100 2643 329 2692 Scripturae
353 2642 486 2680 libros.
513 2643 546 2690 e)
573 2642 823 2681 Glossemata
848 2641 889 2679 in
912 2641 1060 2681 libram

98 2706 261 2753 Josuae,
279 2704 327 2743 ad
349 2704 535 2743 Carolum
553 2705 854 2754 Imperatorem.
874 2704 898 2752 f)
920 2705 975 2742 De
990 2715 1062 2742 nu-

98 2778 207 2806 mero
231 2765 474 2805 duodenario
491 2797 501 2813 ,
527 2765 576 2804 ad
606 2766 792 2804 eundem.
819 2766 866 2803 In
889 2769 1063 2817 quatuor

99 2826 241 2868 Libros
258 2827 565 2867 Sententiarum.
583 2828 639 2865 De
657 2827 775 2866 trivio
790 2859 800 2876 ,
823 2829 908 2867 sive
925 2829 1065 2867 Gram-

156 2941 188 2981 a)
212 2941 295 2973 Vide
320 2941 483 2974 Jacobum
505 2940 694 2972 Echardum
730 2944 810 2972 tom.
836 2943 873 2977 1,
897 2949 974 2981 pag.
998 2941 1071 2974 406.

96 2991 171 3024 610.
197 2991 271 3022 65⁶2.

158 3040 194 3080 b)
220 3041 309 3072 idem
333 3049 408 3080 pag.
433 3040 506 3072 610.

161 3089 194 3128 c)
220 3091 309 3122 {dem
333 3095 412 3121 tom.
438 3091 475 3129 1,
500 3098 576 3130 pag.
599 3089 671 3121 466.
695 3098 744 3129 sq.
768 3094 849 3120 tom.
874 3091 898 3119 ΙΙ
916 3112 924 3127 ,
944 3098 973 3129 p.
997 3090 1070 3121 8⁶20.

95 3139 250 3170 oudinus
274 3144 354 3170 tom.
380 3141 421 3169 ΙΙΙ
438 3162 447 3176 ,
470 3148 546 3179 pag,
576 3139 664 3169 1095.

159 3188 193 3226 d)
218 3190 329 3220 Sixtus
351 3191 505 3220 Senensis
527 3189 585 3220 lib.
611 3191 661 3219 W.
686 3189 769 3220 Bibl.
794 3192 824 3221 S.

157 3236 190 3275 e)
214 3238 430 3270 Trithemius.

156 3286 193 3326 s)
217 3289 364 3319 Leander
390 3289 541 3319 Albertus
565 3288 604 3319 de
623 3290 708 3320 Viris
733 3289 915 3321 illustribus
934 3289 1067 3322 Ordinis

93 3337 367 3369 Praedicatorum
391 3337 450 3369 lib.
474 3338 493 3368 4
510 3363 518 3376 ,
544 3346 618 3377 pag.
646 3338 719 3370 1-17.

1114 293 1283 340 matica,
1307 290 1516 329 Rhetorica
1546 294 1586 329 et
1615 290 1767 340 Logica.
1792 289 1958 328 Summa
1982 290 2078 328 Stu-

1114 352 1309 401 denlz'um,
1335 353 1450 391 libris
1476 352 1541 391 ΙΙΙ.
1563 351 1919 402 Quadripartitum
1942 362 2076 388 mora-

1114 415 1159 455 le.
1185 418 1394 455 Sermones
1423 415 1469 454 (le
1494 419 1666 467 tempore
1691 418 1728 452 et
1749 414 1796 452 de
1820 413 1989 453 Sanctis.
2016 414 2071 451 De

1114 477 1262 529 origyine
1286 489 1515 528 reynerum,
1533 481 1572 516 et
1592 477 1638 515 (le
1659 488 1779 527 reqno
1793 478 2073 515 Romanorum.

1114 541 1170 578 De
1193 538 1358 578 muliere
1380 537 1481 576 bona
1505 542 1541 576 et
1565 537 1682 576 mala.
1709 539 1763 575 De
1790 537 1991 576 viduitate.
2021 537 2078 574 De

1113 600 1355 652 virqinitate.
1380 601 1435 637 De
1454 603 1707 649 paupertate.
1725 601 1780 638 De
1796 602 2003 639 senectute.
2022 599 2078 636 De

1118 662 1214 702 bono
1240 660 1394 700 mortis.
1419 661 1475 698 De
1499 672 1598 698 vera
1623 659 1874 699 beatitudine.
1892 662 1948 699 De
1963 659 2083 699 visio-

1116 737 1163 763 ne
1188 723 1380 774 beatifica.
1420 722 1476 759 De
1513 721 1773 761 consolatione
1810 726 2072 770 moestorum,

1117 787 1194 825 MS.
1219 784 1454 824 Helmstadii
1477 783 1582 834 apud
1606 785 1650 822 D.
1681 784 1904 822 Johannem
1930 784 2084 822 Andre-

1119 858 1183 885 am
1212 845 1461 885 Schmidium
1486 841 1774 893 τ“μακαρι’την
1812 847 1878 894 qui
1917 846 1955 883 in
1987 845 2082 883 diss.

1120 908 1168 946 de
1194 908 1417 946 triumviris
1441 906 1860 945 Halberstadiensibus
1881 906 1954 944 An.
1982 906 2084 945 1715

1119 969 1224 1008 edita
1241 980 1327 1020 pag.
1351 969 1400 1007 39
1425 973 1710 1019 argumentum
1734 967 1822 1018 ejus
1838 970 1996 1018 exponit
2023 969 2085 1006 his

1119 1031 1280 1069 verbis:
1317 1030 1521 1082 Imprimis
1557 1033 1706 1069 statum
1748 1030 1853 1069 vitae
1889 1029 2085 1068 humanae

1119 1091 1350 1131 mutabilem
1367 1096 1405 1130 et
1420 1092 1680 1132 miseriarum
1702 1092 1907 1131 sarcinam
1927 1090 1973 1129 ob
1998 1103 2088 1129 ocu-

1120 1155 1176 1194 los
1185 1155 1299 1207 ponit
1315 1159 1353 1193 et
1367 1166 1444 1194 seoe
1459 1154 1630 1194 ostendit
1641 1154 1914 1205 aryumentis:
1942 1155 1976 1203 1)
1996 1155 2089 1204 quia

1119 1229 1310 1268 praesens
1331 1219 1413 1256 vita
1428 1218 1571 1256 habeat
1586 1217 1784 1256 vilitatem
1800 1217 2087 1264 inchoationis,

1121 1280 1156 1329 2)
1192 1280 1434 1319 brevitatem
1475 1279 1724 1325 durationis,
1755 1280 1788 1328 3)
1815 1279 2091 1329 multiplicita-

1124 1346 1205 1379 tem
1229 1343 1482 1390 vexationis,
1524 1342 1557 1390 4)
1594 1342 1850 1392 fragilitatem
1880 1342 2089 1378 continua-

1124 1404 1262 1452 tionis,
1284 1404 1318 1452 5)
1337 1404 1584 1441 celeritatem
1607 1404 1832 1450 oblivionis,
1853 1406 1893 1441 et
1910 1404 1944 1451 6)
1970 1404 2094 1440 insta-

1124 1465 1244 1503 bilem
1259 1465 1564 1503 mutabilitatem
1582 1463 2003 1515 variationis.Sinqula
2018 1476 2087 1501 ar-

1124 1530 1313 1578 9umenta
1351 1525 1561 1578 confirmat
1582 1525 1819 1565 Conraclus:
1861 1528 1894 1575 1)
1929 1527 2094 1577 poeticis

1127 1590 1443 1640 integumentis,
1481 1589 1516 1637 2)
1557 1600 1607 1627 ex
1633 1589 1758 1627 sacris
1785 1588 2018 1639 pandectis,
2053 1592 2095 1626 et

1128 1652 1162 1700 3)
1187 1651 1386 1689 historicis
1403 1682 1412 1700 ,
1436 1650 1690 1689 documentis
1712 1664 1718 1688 2
1747 1654 1785 1688 et
1807 1649 1963 1688 tandem
1986 1649 2097 1688 docet

1129 1725 1210 1764 qua
1224 1712 1378 1751 ratione
1399 1712 1509 1751 homo
1527 1716 1712 1751 constans
1731 1712 1832 1750 inter
1849 1723 2023 1750 summos
2039 1712 2096 1750 in-

1128 1773 1400 1826 fortuniorum
1426 1767 1596 1813 insultus
1621 1774 1749 1826 possit
1768 1773 1886 1826 fortis
1909 1785 2096 1825 perseve-

1128 1848 1250 1885 rare,
1289 1835 1506 1888 salvusque
1541 1840 1579 1874 et
1602 1835 1807 1875 incolumis
1839 1848 2091 1886 permanere.

1131 1898 1248 1949 Apud
1271 1898 1446 1937 eundem
1472 1898 1721 1937 Schmidium
1748 1899 1821 1936 fuit-
1844 1899 1924 1937 MS.
1949 1900 2096 1937 Conra-

1132 1960 1170 1998 di
1208 1960 1328 2010 hujus
1353 1961 1451 1998 liber
1487 1959 1534 1998 a'e
1563 1959 1832 2012 prosperitate
1868 1959 2093 2007 malorum,

1131 2024 1217 2061 sive
1249 2021 1438 2074 quomodo
1463 2021 1562 2060 mali
1582 2026 1898 2074 prosperentur,
1924 2026 1961 2060 et
1984 2021 2091 2059 inno-

1131 2088 1258 2123 eentes
1270 2088 1513 2135 premantur
1537 2087 1575 2122 et
1595 2082 1851 2134 affliqantur,
1878 2086 1915 2121 in
1934 2095 2010 2134 quo
2028 2095 2098 2134 per

1131 2148 1260 2197 capita
1284 2158 1355 2185 sex
1380 2146 1655 2185 demonstrare
1681 2145 1926 2195 ingreditur,
1948 2145 1979 2192 1)
1995 2143 2100 2195 quod

1134 2208 1249 2260 impii
1284 2209 1325 2247 in
1348 2207 1417 2246 lzoc
1453 2207 1599 2246 mundo
1622 2218 1724 2259 prae
1749 2206 1917 2245 caeteris
1934 2217 2081 2256 prospe

1133 2275 1295 2310 rantur.
1322 2272 1357 2319 Ξ)
1383 2274 1480 2322 quot
1503 2274 1541 2308 et
1560 2272 1712 2321 quanta
1745 2268 1880 2307 tristia
1908 2268 2101 2307 ctslmisce-

1132 2337 1267 2372 antur.
1294 2334 1328 2382 3)
1356 2333 1410 2371 acl
1431 2344 1546 2384 quem
1566 2333 1683 2384 finem
1697 2344 1775 2382 per
1800 2332 1921 2370 istam
1937 2341 2102 2382 prospe-

1133 2395 1295 2434 ritatem
1333 2394 1598 2433 deducantur.
1627 2395 1660 2442 4.)
1683 2392 1872 2444 quomodo
1890 2392 1955 2443 pii
1975 2392 2038 2430 hie
2062 2403 2102 2429 in

1134 2456 1278 2495 mundo
1294 2456 1567 2504 consolentur,
1594 2459 1630 2493 et
1654 2455 1694 2493 in
1715 2454 1854 2506 futuro
1873 2453 2102 2493 eoealtentur

1136 2521 1173 2555 et
1195 2517 1448 2556 honorentur.
1475 2519 1509 2566 5)
1534 2516 1725 2568 quomodo
1749 2528 1902 2567 semper
1927 2515 1967 2553 in
1995 2514 2103 2553 veri-

1136 2581 1213 2615 tate
1234 2578 1315 2616 se'nt
1329 2577 1475 2629 felices.
1503 2580 1545 2616 In
1573 2579 1646 2617 hoc
1665 2579 1762 2616 libro
1779 2576 1988 2617 Conradus
2004 2587 2102 2626 quo-
2162 2601 2175 2611 .

1136 2652 1214 2690 que
1248 2644 1382 2678 narrat
1408 2641 1551 2678 initum
1577 2651 1598 2678 a
1624 2641 1834 2689 Sylvestro
1860 2639 1905 2676 ΙΙ.
1936 2643 2097 2688 pactum

1136 2713 1228 2740 cum
1258 2701 1361 2739 malo
1385 2700 1598 2750 daemone,
1624 2701 1729 2751 quod
1754 2703 1908 2747 Βεππιο7
1935 2701 1968 2747 a)
1995 2699 2099 2749 quod

1136 2763 1319 2801 Nicolaus
1344 2764 1552 2812 Lyranus,
1577 2761 1682 2812 quod
1707 2763 1856 2801 AEneas
1873 2762 2037 2812 Sylvius
2062 2766 2098 2799 et

1139 2826 1291 2864 Platina
1327 2836 1405 2862 non
1441 2825 1635 2862 intactum
1660 2824 1872 2874 reliquere.
1909 2825 2100 2862 Memorat

1138 2892 1343 2939 praeterea
1360 2885 1546 2924 laudatus
1562 2885 1790 2924 Schmidius
1805 2884 1987 2935 ejusdem
2001 2886 2102 2924 Con-

1141 2949 1223 2989 radi
1243 2949 1321 2988 MS.
1348 2949 1386 2985 in
1405 2948 1646 2986 Bibliotheca
1660 2947 2011 2997 Gvelpherbytana
2031 2948 2103 2985 Re-

1140 3010 1408 3063 sponsorium,
1436 3011 1520 3047 sive
1549 3010 1776 3047 Tractatum
1799 3019 1956 3046 mensae
1974 3007 2101 3045 Philo-

1140 3073 1346 3125 sophicae,
1381 3071 1497 3121 cujus
1534 3075 1815 3121 argumentum
1841 3074 1978 3108 auctor
2018 3071 2099 3119 ipse

1141 3137 1245 3174 hune
1271 3137 1309 3172 in
1336 3133 1496 3172 modum
1515 3135 1697 3184 exponit:
1724 3132 1827 3182 Quia
1848 3130 1964 3169 multi
1981 3130 2102 3169 leomi-

1193 3286 1226 3325 θ)
1251 3287 1330 3317 vide
1354 3286 1519 3316 Usserium
1544 3283 1583 3315 de
1602 3285 1812 3316 successione
1831 3283 2007 3315 Ecclesiar.
2031 3290 2104 3321 pag.

1132 3337 1165 3368 4.
1188 3344 1257 3375 seq.
