2500 3841
780 189 1414 231 BARHTOLOMAEUS

103 267 259 309 tentiale
282 268 321 304 in
351 264 471 304 variis
494 262 746 303 Bibliothecis
769 264 845 302 MS.
869 264 1057 310 occurrit,

101 342 150 369 ex
171 340 249 379 quo
273 330 459 376 excerpta
481 324 589 363 dedit
611 323 780 362 Jacobus
801 326 950 363 Petitus
973 336 1058 375 pag.

101 390 281 431 331-310
306 388 355 427 ad
378 385 568 425 Theodori
589 386 886 424 poenitentiale:
904 386 1061 436 scripsit

96 453 216 491 ctiam
242 448 452 500 Dialoyum
475 450 613 485 contra
631 446 803 485 Judaeos
827 447 874 486 ad
904 447 1061 486 Baldui-

102 524 220 561 num,
241 511 400 551 Ordinis
441 509 697 548 Cisterciens.
729 507 921 547 Abbatem
952 509 1061 558 prius

102 575 323 620 Foranum‚
347 575 388 609 et
403 569 484 619 jam
515 570 757 607 Wicciorum
792 570 1030 619 Episcopum
1053 598 1061 617 ,

107 634 176 684 qui
198 631 496 672 Bartholomaeo
520 631 664 669 librum
697 641 815 668 suum
840 630 888 668 de
929 630 1065 668 Sacra-

105 698 240 733 mento
262 692 409 731 Altaris
445 692 657 731 dicaverat.
696 690 909 730 Homiliam
933 691 973 728 in
1000 702 1064 729 ne-

105 766 188 793 cem
214 753 396 802 Tkomae,
428 752 723 804 Archiepiscopi
765 754 1063 792 Cantuariensis

104 816 180 855 An.
202 816 305 855 1180
325 819 366 853 et
388 819 546 866 praeter
569 815 665 853 alios
706 815 914 853 Sermones
942 818 1063 863 atque

104 874 324 927 Epistolas,
346 875 522 915 libellum
553 874 600 913 de
629 874 991 913 Praedestinatione
1029 876 1066 911 et

105 936 153 976 de
176 935 277 976 libro
300 935 488 986 arbitrio,
512 948 633 987 quern
662 937 806 975 Baleus
829 937 1063 985 Pitseusque

107 1000 147 1037 in
167 998 268 1038 duos
291 998 409 1037 libros
429 998 632 1036 dirimunt.
656 996 754 1036 Vide
783 996 999 1036 Lelandum
1029 1006 1062 1033 c.

41 1068 49 1072 ·
110 1061 186 1099 198
209 1060 373 1099 Baleum
398 1061 468 1109 111,
493 1060 543 1098 23
567 1060 744 1098 Pitseum
768 1069 852 1109 pag.
879 1058 954 1096 249
979 1068 1063 1106 seq.

109 1121 177 1171 qui
200 1121 338 1160 tribuit
358 1122 409 1160 illi
424 1122 543 1160 etiam
560 1121 704 1159 librum
721 1122 859 1158 contra
876 1116 1068 1170 falsitatis

110 1194 315 1231 errorem,
344 1188 384 1221 et
420 1183 542 1222 alium
571 1181 618 1221 de
645 1180 790 1221 Mundo
822 1183 860 1217 et
893 1179 1068 1230 corpori-

113 1242 186 1283 bus
208 1243 451 1284 coelestibus.

164 1303 585 1346 BARTHOLOMAEUS
628 1303 794 1353 Factus,
832 1304 956 1353 infra,
986 1303 1070 1343 FA-

156 1428 1070 1470 BARTOLOMAEUSFerrariensisOrd.Praed.

113 1493 218 1531 circa
239 1491 284 1531 A.
312 1493 414 1532 4403
438 1496 576 1531 auctor
600 1490 812 1532 Voluminis
835 1502 1072 1530 sermonum.

111 1554 168 1592 De
187 1555 427 1592 Ferrariensi
451 1555 574 1593 altero
590 1554 689 1592 infra
714 1555 752 1590 in
774 1552 996 1592 Mutinensi.

165 1613 588 1654 BARTflomMAEUS
602 1614 649 1653 de
662 1613 758 1666 finis
779 1614 882 1664 Ursi,
900 1605 992 1654 o'ra.
1011 1616 1079 1654 Mi-

115 1687 198 1714 nor.
227 1675 344 1726 cujus
374 1680 507 1715 exstat
548 1676 622 1715 sub
655 1682 833 1728 tempora
877 1679 1078 1716 nascentis

114 1737 396 1788 typographiae
415 1737 567 1776 editum
592 1737 958 1790 Quadrayesimale,
972 1738 1077 1788 quod

115 1799 345 1843 inscribitur
365 1798 509 1837 Gratia
529 1800 632 1837 DEI.
655 1800 879 1849 Sermones,
904 1801 942 1837 in
973 1800 1072 1837 folio.

171 1859 591 1900 BARTHOLOMAEUS
609 1860 762 1911 Anglus
781 1862 885 1899 circa
907 1860 952 1899 A.
971 1861 1072 1900 4420

118 1919 332 1960 Florarius
354 1921 498 1961 dicitur
529 1923 577 1960 ab
599 1934 716 1973 opere
739 1922 844 1972 quod
864 1922 1077 1973 florarium

119 1984 320 2033 inscripsit
342 1988 446 2022 teste
465 1984 580 2023 Baleo
600 1985 673 2032 XI,
700 1984 748 2023 42
768 1989 808 2022 et
829 1986 957 2022 Pitseo
986 1995 1073 2034 pag.

122 2044 199 2082 605
219 2045 287 2093 qui
312 2044 467 2082 initium
488 2044 562 2083 hoc
592 2045 697 2083 illius
725 2049 948 2095 apponunt:
976 2045 1078 2082 Gra-

120 2103 199 2143 tias
217 2116 291 2155 ayo
315 2104 482 2143 Gratiae
498 2104 694 2155 laryz'tori,
709 2105 817 2156 quia.
833 2107 1072 2144 Memoratur

121 2167 241 2205 etiam
265 2166 362 2205 liber
384 2165 472 2217 ejus
495 2166 541 2205 de
563 2165 802 2205 abstinentia
821 2168 889 2217 qui
909 2159 1074 2217 incipit:

121 2227 197 2267 Est
215 2231 407 2267 statutum
425 2227 653 2279 prandendi
670 2231 833 2280 tempus.

176 2289 598 2330 BARTHOLOMAEUS
632 2289 808 2329 Fontius.
834 2291 934 2329 intra
967 2290 1083 2329 FON-

176 2413 596 2454 BARTHOLOMAEUS
619 2413 664 2452 de
687 2413 902 2463 FusniacO,
926 2425 976 2452 ex
991 2414 1084 2464 Epi-

125 2486 243 2526 scopo
279 2475 551 2524 Laudunensi,
575 2487 652 2525 quo
675 2487 840 2514 munere
864 2487 906 2513 se
930 2474 1087 2513 abdica-

126 2537 202 2584 vit,
225 2536 440 2575 Monachus
460 2537 756 2585 Cisterciensis,
774 2535 891 2586 cujus
906 2534 1084 2585 Epistola

127 2595 376 2648 Apoloyetica
384 2597 433 2635 ad
445 2597 650 2647 Synodum
665 2599 903 2636 Remenscm
918 2597 1082 2636 Α.1158.

124 2670 202 2709 qua
225 2669 248 2697 a
271 2658 450 2708 dissipati
470 2659 736 2697 Ecclesiastici
758 2659 981 2709 patrimonii
999 2669 1086 2708 pro-

129 2721 199 2759 bro
222 2731 265 2759 se
288 2723 447 2770 purgat,
465 2723 598 2757 exstat
623 2720 660 2756 in
685 2720 803 2756 tomis
820 2719 1084 2757 Conciliorum

130 2781 274 2820 Labbei
297 2786 392 2819 tom.
420 2781 457 2819 X
482 2791 567 2831 pag.
608 2780 721 2819 1181.
752 2779 940 2818 Harduini
980 2783 1085 2817 tomo

130 2844 180 2883 VI
203 2845 317 2883 Parte
340 2843 364 2882 2
389 2854 474 2894 pag.
501 2841 614 2882 ⁴375.
639 2845 714 2879 etc.

183 2903 603 2944 BARTHOLOMAEUS
628 2903 840 2949 silamanus,
862 2902 929 2951 qui
946 2900 989 2939 Α.
1011 2901 1085 2939 404

132 2977 202 3018 pro
224 2968 373 3018 patriae
389 2966 568 3005 libertate
584 2964 779 3003 adversus
797 2964 955 3000 Petrum
970 2963 1087 3000 Gam-

132 3028 267 3067 baram
296 3028 504 3067 decertans
528 3029 696 3064 mortem
720 3024 899 3074 oppetiit,
929 3024 1085 3073 scripsit

133 3087 255 3128 libros
269 3089 367 3129 duos
385 3087 590 3128 annalium
605 3084 893 3130 Briaeiensium,
914 3087 1032 3133 atque
1049 3083 1088 3121 in

132 3150 388 3190 Briaeiensem
412 3149 616 3188 historiam
644 3145 953 3191 annotationem,
984 3155 1084 3193 quae

135 3212 231 3250 mihi
255 3217 369 3251 notae
393 3224 470 3252 non
496 3212 569 3250 nisi
593 3222 642 3249 ex
667 3209 802 3248 Vossio
827 3208 875 3246 111
902 3207 991 3244 hist.
1018 3206 1088 3243 La-

139 3278 207 3315 tin.
233 3288 319 3328 pag.
347 3277 434 3316 801.

2015 189 2087 227 10¹7

1184 260 1623 301 BARTHOLOMAEUS
1631 259 1821 310 Anglicus
1830 258 1876 297 cle
1892 257 2091 298 Glanvt'lla

1135 325 1219 363 sive
1258 320 1609 367 Glarmovillanus‚
1633 333 1684 360 ex
1721 321 1943 360 Comitibus
1965 320 2090 359 Sudo-

1133 386 1274 435 volgiis
1303 386 1388 423 sive
1418 383 1744 424 Susfolciensibus
1770 381 1951 432 (Lelando
1976 380 2093 420 sudo-

1133 447 1354 495 volcaris,)
1379 445 1593 484 Monachus
1630 443 1722 483 Ord.
1752 444 1887 482 Minor.
1913 444 2016 482 circa
2047 441 2091 480 A.

1137 509 1237 546 1360
1262 511 1399 545 auctor
1421 507 1560 556 Operis
1585 507 1621 543 in
1645 504 1767 543 libros
1787 505 1873 543 XIX
1894 503 2094 542 distributi

1135 567 1181 606 cle
1195 565 1505 618 proprietatibus
1522 577 1659 604 rerum
1675 566 1836 615 Argent.
1860 566 1962 604 1488
1981 564 2092 603 1505.

1136 629 1306 668 Norimb.
1329 629 1431 667 4492
1452 628 1624 665 Francos.
1644 629 1739 666 1601
1764 628 1876 677 longe
1890 626 2095 664 diversum

1137 702 1159 729 a
1182 690 1354 727 Thomae
1378 689 1647 737 Cantipratani
1667 700 1783 738 opere
1799 688 1847 726 de
1873 692 2015 726 natura
2037 698 2098 724 re-

1137 763 1245 798 rum,
1276 750 1324 787 de
1353 759 1432 798 quo
1464 749 1582 797 infra,
1607 754 1727 798 atque
1757 749 1907 788 editum
1939 760 2097 799 quoque

1137 812 1211 850 sub
1234 811 1347 849 titulo
1371 809 1661 859 atleyoriarum
1685 811 1770 848 sive
1792 809 2099 861 tropoloyiarum

1137 872 1177 910 in
1199 875 1414 922 utrumque
1437 871 1720 909 Testamentum
1736 902 1745 919 ,
1768 872 1887 909 Paris.
1912 871 2011 909 ⁴573
2032 870 2100 908 ad-

1137 933 1217 972 dito
1242 933 1338 971 libro
1362 934 1435 971 XX
1461 931 1507 970 (le
1530 944 1668 971 rerum
1704 929 1973 970 accidentibus
1994 960 2001 978 ,
2027 944 2099 969 nu-

1139 995 1284 1043 meris,
1310 995 1540 1042 mensuris,
1566 994 1807 1044 ponderibus
1836 997 1876 1032 et
1903 993 2034 1030 sonis:
2060 998 2099 1030 et

1140 1055 1236 1094 libro
1259 1054 1306 1093 de
1323 1053 1640 1107 proprietatibus
1669 1067 1801 1106 apum.
1831 1054 1962 1093 Etiam
1986 1053 2102 1091 Galli-

1141 1129 1228 1156 cam
1245 1115 1366 1167 hujus
1386 1118 1516 1168 operis
1536 1118 1761 1155 versionem
1779 1118 1897 1165 Jussu
1913 1114 2042 1153 Caroli
2056 1115 2099 1152 V.

1141 1179 1356 1217 Galliarum
1381 1180 1499 1228 Regis
1522 1190 1542 1217 a
1562 1179 1711 1216 Joanne
1732 1177 1974 1217 Corbichone
1997 1187 2103 1214 com-

1142 1242 1311 1291 positam
1335 1240 1483 1278 vidisse
1508 1251 1550 1278 se
1571 1239 1768 1279 Lelandus
1783 1251 1867 1289 cap.
1886 1239 1962 1276 348
1982 1241 2103 1275 testa-

1143 1308 1222 1351 tur,
1244 1306 1284 1341 et
1307 1307 1458 1352 partem
1481 1302 1584 1340 illius
1608 1313 1697 1340 esse
1713 1305 1807 1351 puto
1827 1311 1947 1350 quem
1964 1299 2107 1338 Baleus

1145 1364 1372 1414 singillatim
1391 1365 1566 1400 nominat
1582 1363 1723 1400 librum
1741 1361 1788 1400 de
1801 1360 1944 1400 Mundo
1959 1372 2006 1398 ac
2024 1371 2105 1398 coe-

1147 1424 1318 1465 lestibus.
1343 1426 1576 1463 Sermonum
1597 1421 1722 1471 liber,
1747 1423 1877 1462 editus
1896 1422 2103 1473 Argentor.

1152 1489 1266 1528 1491.
1291 1486 1442 1525 Inedita
1465 1485 1568 1535 apud
1598 1485 1760 1523 Baleum
1789 1485 1850 1522 vl.
1883 1486 1930 1523 15
1960 1494 2108 1522 memo-

1151 1555 1306 1589 rantur:
1326 1546 1546 1588 Chronicon
1559 1546 1606 1585 cle
1618 1546 1786 1586 Sanctis.
1804 1544 1987 1584 Postillae
2002 1544 2109 1584 Scri-

1146 1615 1378 1664 pturarum.
1409 1610 1560 1655 Quibus
1590 1607 1736 1646 librum
1769 1611 1906 1646 contra
1937 1609 2110 1645 Lauren-

1148 1674 1243 1712 tium
1269 1671 1434 1720 Vallam,
1456 1676 1496 1709 et
1512 1670 1737 1709 Practicam
1757 1668 1936 1719 adjungit
1953 1670 2108 1707 Pitseus

1152 1747 1239 1787 pag.
1265 1736 1351 1773 495.
1367 1744 1468 1784 quae
1493 1732 1679 1771 Praetica
1697 1730 1810 1769 Juris
1826 1736 1991 1769 vocatur
2009 1729 2113 1780 apud

1149 1796 1418 1845 Waddingum
1443 1805 1528 1844 pag.
1559 1795 1620 1832 50.
1660 1795 1715 1832 De
1749 1791 1911 1831 Postilla
1946 1792 1985 1830 in
2015 1793 2115 1830 Mat-

1151 1858 1309 1896 thaeum
1337 1859 1375 1894 et
1404 1856 1588 1895 Marcum
1616 1854 1829 1893 adeundus
1868 1853 2113 1891 Warthonus

1150 1920 1199 1958 ad
1215 1920 1410 1958 -Caveum.
1434 1916 1485 1954 At
1509 1916 1557 1954 de
1578 1916 1674 1953 libro
1699 1920 1838 1953 contra
1856 1915 2008 1952 Vallam
2034 1925 2115 1951 me-

1151 1983 1225 2020 rito
1248 1980 1402 2019 dubitat
1430 1979 1596 2016 Vossius
1625 1981 1665 2015 et
1693 1988 1787 2015 cum
1816 1976 2115 2014 Bartholomaeo

1152 2043 1299 2089 altero,
1324 2041 1436 2078 Facio
1471 2050 1614 2089 nempe
1645 2042 1826 2076 nostrum
1852 2037 2063 2074 confusum
2086 2049 2109 2074 a

1151 2105 1280 2142 Pitseo
1319 2102 1570 2151 suspicatur,
1601 2111 1730 2149 neque
1760 2099 1867 2136 enim
1909 2097 1983 2135 fert
2012 2097 2115 2135 aliud

1152 2169 1377 2214 temporum
1405 2163 1530 2209 ratio,
1558 2172 1650 2199 cum
1680 2160 1790 2198 Valla
1818 2159 2118 2209 quinquagena-

1157 2227 1240 2265 rius
1264 2225 1402 2263 obierit
1421 2223 1466 2262 Α.
1494 2221 1608 2262 1457.

1210 2283 1566 2325 BARTHOLOMAE
1574 2284 1632 2322 US
1641 2283 1889 2333 Graiam-yse
1899 2281 2032 2320 itidem
2042 2281 2122 2321 An-

1158 2349 1247 2400 glus
1264 2347 1399 2387 Ordin.
1420 2348 1555 2385 Minor.
1571 2350 1611 2383 et
1630 2344 1877 2383 Glanvillano
1894 2354 2040 2393 suppar
2058 2355 2122 2382 ae-

1159 2414 1260 2459 tate,
1277 2410 1310 2447 si
1332 2407 1555 2456 VVaddingo
1579 2405 1798 2454 credimus,
1815 2406 1882 2454 qui
1903 2416 1995 2442 eum
2016 2405 2119 2442 circa

1157 2471 1230 2509 An.
1249 2471 1351 2509 4358
1368 2471 1421 2507 ait
1439 2469 1646 2518 scripsisse
1666 2465 1810 2504 decora
1824 2466 1858 2502 F
1860 2464 2118 2502 ranciscanae

1158 2530 1367 2582 Reliyionis
1391 2529 1587 2569 adversus
1602 2527 1793 2566 dedecora
1810 2523 2117 2575 exprobantium

1158 2592 1237 2632 sibi
1253 2591 1434 2630 hostium.

1211 2650 1630 2693 BARTHOLOMAEUS
1655 2649 1820 2688 Iscanus
1835 2678 1845 2695 ,
1871 2658 1990 2697 supra
2009 2648 2119 2686 Exo-

1158 2726 1319 2754 menses.

1213 2772 1647 2820 BARTHOLOMAEUS,
1676 2771 1774 2808 infra
1805 2769 2117 2808 PTOLOMAEcs

1160 2838 1206 2877 (le
1235 2838 1353 2876 Luca.

1211 2894 1628 2938 BARTIIOLOMAEUS
1651 2892 1885 2932 ,litttinensis
1901 2923 1909 2939 ,
1930 2893 1995 2941 qui
2027 2894 2117 2930 Fer-

1160 2961 1283 2999 rariac
1311 2958 1526 3007 Inquisitor
1544 2984 1552 3000 ,
1578 2956 1663 2993 sivc
1700 2953 1807 2992 Fidei
1843 2954 1995 2991 Censor
2022 2954 2116 2991 obiit

1159 3022 1231 3060 An.
1267 3020 1380 3059 1118.
1420 3018 1586 3067 Scripsit
1621 3014 1743 3053 libros
1771 3026 1848 3052 seoe
1880 3013 1925 3051 de
1947 3014 2115 3053 CHristo

1160 3081 1286 3119 JESU
1311 3076 1559 3125 abscondito,
1593 3076 1632 3114 in
1664 3075 1890 3114 solennitate
1926 3075 2114 3125 Corporis

1163 3140 1334 3181 Cllristi.
1359 3139 1535 3177 Vonotiis
1557 3139 1657 3176 ⁴5:315
1675 3139 1710 3174 8.
1736 3137 1972 3175 Com-ionem
1990 3136 2036 3174 (le
2054 3149 2115 3175 ve-

1162 3203 1275 3241 ritate
1298 3201 1524 3251 stigqmatum
1549 3197 1789 3239 catharinae
1813 3197 2006 3236 Senensis.
2023 3199 2115 3236 Tra—

1161 3269 1309 3304 ctatum
1337 3261 1523 3300 moralem
1540 3258 1851 3311 praediccuiduni
1879 3258 1917 3296 in
1947 3259 2114 3298 Civitato
