2500 3841
1001 221 1248 262 BERNO

176 291 363 340 Dialogus
385 299 477 327 cum
501 287 685 340 Gerunyo
707 289 894 330 Monacho
917 289 964 331 (Ie
982 304 1083 344 qua-

124 358 216 392 tuor
225 356 442 403 temporum
447 350 645 402 jejuniis*
649 363 726 401 per
741 363 816 390 sua
822 351 999 392 Sabbata
1016 353 1082 392 ob-

118 411 341 462 servandis,
351 412 400 450 ad
409 411 985 465 AribonemArchiepiscopum
1002 417 1080 455 Mo-

120 476 352 527 guntinum,
370 475 408 511 ln
431 473 650 512 Bernhardi
663 476 737 513 Pez
752 474 967 515 Anecdotis
983 481 1076 515 tom.

120 538 172 577 IV
204 539 319 576 Parte
343 536 377 574 11
398 547 484 587 pag.
512 535 574 575 55.
612 536 790 587 Epistola
826 537 875 576 ad
904 538 1077 577 eundem

118 597 334 638 Aribonem
363 595 409 635 de
428 599 602 648 quatuor
635 595 837 637 Adventus
864 598 1078 638 Dominicis

117 664 211 699 ante
235 660 383 698 festum
405 659 632 698 Nativitatis
654 660 848 699 CHRISTI
876 661 1079 700 celebran-

117 720 178 759 dis
203 731 290 771 pag.
314 721 376 760 41.
400 721 463 760 Ex
488 717 588 758 libro
614 720 842 774 Officiorum
865 722 903 761 S.
942 722 1078 761 HILA-

115 781 203 830 RII,
229 782 364 820 nescio
386 793 438 820 an
460 782 648 831 cuiquam
677 782 740 820 alii
776 788 993 822 memorato
1023 784 1078 822 lo-

115 853 208 881 cum
228 843 341 882 affert
363 854 449 894 pag.
472 844 514 882 51
547 847 587 882 et
609 855 695 894 pag.
727 845 777 884 52
806 844 856 883 ad
893 844 1080 883 Aurelia-

113 915 272 944 nensem
293 904 495 956 Synodum
517 916 564 944 ea
588 916 709 956 super
731 917 772 944 re
792 906 966 945 habitam
989 918 1077 957 pro-

112 970 242 1005 vocat.
286 968 418 1006 Etiam
455 965 502 1005 de
545 966 727 1006 Historia
764 966 1076 1006 Alemannorum

113 1029 322 1078 scripsisse
345 1029 462 1067 testis
476 1028 736 1077 TrithemiuS,
755 1039 804 1067 ex
821 1039 867 1067 eo
877 1028 1072 1078 quaedam

114 1090 152 1127 in
174 1090 397 1130 Chronicon
413 1101 532 1129 suum
549 1091 830 1139 Hirsaugiense
844 1090 1074 1128 transtulis-

114 1162 157 1190 se
176 1163 219 1190 se
242 1152 460 1202 professus.
485 1150 571 1190 Vita
589 1152 629 1190 S.
649 1148 838 1197 Udalrici,
848 1149 1072 1200 Augustani

111 1212 315 1264 Episcopi,
339 1213 456 1251 obvia
477 1212 583 1262 apud
607 1212 767 1250 Surium
791 1215 832 1249 et
861 1212 900 1249 in
919 1212 1071 1250 Velseri

110 1274 307 1324 Operibus
329 1285 416 1324 pag.
441 1275 518 1312 596
541 1277 582 1311 et
602 1273 639 1310 in
663 1273 901 1311 Sanctorum
920 1271 1031 1311 Actis
1050 1274 1071 1312 4

110 1335 214 1373 Julii.
245 1334 331 1374 Vita
353 1335 394 1373 S.
418 1332 662 1384 Meyinvadi,
699 1333 883 1383 Episcopi
905 1337 945 1372 et
974 1335 1074 1372 Mar-

111 1396 230 1445 tyris,
254 1395 360 1446 apud
381 1395 650 1434 Mabillonium
691 1394 857 1432 Saeculo
878 1395 928 1433 IV
949 1396 1074 1433 Bene-

109 1456 256 1495 dictino
279 1459 394 1495 Parte
412 1457 446 1495 II
470 1467 556 1506 pag.
588 1456 650 1494 63.
674 1455 857 1494 Nondum
877 1456 917 1493 in
941 1456 1072 1494 lucem

108 1518 253 1569 prodiit
275 1517 363 1568 ejus
386 1517 491 1568 quod
513 1517 744 1567 Sigebertus
773 1527 857 1567 cap.
890 1518 965 1556 156
990 1518 1075 1556 lau-

108 1578 177 1618 dat
198 1579 448 1630 praepollens
467 1579 505 1615 in
523 1581 608 1616 arte
622 1576 824 1616 MusicaM
839 1588 950 1627 opus,
966 1578 1072 1628 quod

108 1639 156 1679 de
177 1639 330 1691 reyulis
347 1638 673 1691 symphoniarum
693 1641 732 1676 et
758 1641 939 1677 tonorum
950 1640 1073 1689 scrip-

109 1703 179 1747 sit,
206 1706 248 1741 et
276 1701 382 1752 quod
418 1701 459 1739 in
499 1699 770 1739 mensurando
806 1699 1067 1739 Monochordo

108 1764 215 1803 ultra
236 1763 416 1813 regulam
438 1761 581 1810 Boetii,
606 1761 676 1800 sed
705 1773 877 1800 assensu
904 1762 1069 1800 minoris

108 1827 244 1865 Boetio
269 1823 460 1863 Guidonis
480 1823 689 1873 supposuit
709 1834 834 1861 unum
857 1827 995 1861 tonum
1012 1828 1070 1862 te-

110 1885 522 1936 trachordohypaton,
561 1888 601 1922 et
637 1888 774 1922 contra
797 1895 918 1922 usum
949 1884 1071 1934 majo-

110 1960 216 1996 rum,
254 1949 294 1985 in
331 1949 416 1997 ipso
454 1945 858 1996 tetrachordohypato
903 1948 1071 1985 inseruit

109 2011 261 2049 utiliter
274 2019 580 2058 synemmenon.
602 2008 756 2057 Lipsiae
777 2009 815 2044 in
830 2008 1071 2047 Bibliotheca

106 2072 270 2110 Paulina
298 2070 469 2108 habetur
491 2069 570 2108 MS.
584 2069 777 2108 Bernonis
793 2067 946 2108 libellus
961 2073 1071 2107 tona-

105 2132 194 2171 rius
217 2131 268 2170 ad
301 2131 547 2182 Pilingmum
570 2129 920 2180 Archipraesulem
946 2132 956 2180 (
970 2133 1071 2170 Lau-

106 2205 356 2243 reacensem,
385 2193 454 2243 qui
489 2191 564 2231 An.
601 2193 679 2231 992
721 2192 838 2241 obiit)
875 2191 1068 2241 Ejusdem

103 2255 278 2304 Musica,
293 2253 605 2306 Antiphonarius
620 2255 628 2301 ,
645 2257 686 2292 et
699 2252 955 2292 Monocltordi
965 2264 1069 2291 men-

72 2340 73 2343 =
103 2329 221 2366 sura3
246 2320 439 2366 tanquam
463 2319 634 2365 quatuor
653 2314 839 2353 distincta
857 2317 1003 2365 scrIpta
1028 2316 1064 2352 in

103 2380 288 2428 Catalogo
311 2380 353 2416 B.
375 2376 567 2415 Joachimi
590 2376 732 2415 Felleri
753 2387 840 2426 pag.
858 2377 935 2415 328
954 2377 1065 2415 Sicut

102 2440 346 2478 Trithemius
369 2448 528 2488 quoque
548 2447 635 2487 cap.
661 2439 729 2476 311
760 2436 810 2476 de
830 2438 869 2476 S.
889 2438 934 2476 E.
959 2437 1063 2475 etde

156 2577 170 2592 *
192 2581 238 2609 De
262 2576 327 2608 hoc
347 2579 508 2608 Bernonis
530 2577 656 2615 scripto
688 2576 852 2607 videndus
876 2576 1068 2615 sigebertus

97 2627 346 2660 Gemblaceusis
369 2634 442 2664 cap.
481 2625 552 2656 156.
576 2625 616 2655 de
638 2627 670 2656 S.
694 2626 733 2655 E.
759 2629 792 2654 et
814 2624 964 2664 Epistola
996 2628 1073 2655 'rre-

95 2677 288 2708 vcrensium
309 2673 350 2705 ad
375 2673 573 2705 Leodienses
597 2673 685 2704 edita
711 2673 752 2703 ab
774 2672 952 2704 Edmundo
986 2675 1078 2704 Mar-

95 2729 172 2757 tene
195 2728 288 2755 Tom.
313 2722 341 2755 1.
367 2721 615 2754 Anecdotorum
637 2729 713 2760 pag.
734 2721 798 2752 505
820 2730 890 2760 seq.
920 2722 978 2752 ubi
1005 2723 1075 2753 Re-

99 2774 186 2816 quta
203 2772 386 2805 Ber-nonis
405 2770 608 2810 appellatur.

167 2822 198 2840 '⁶
217 2825 276 2854 Hic
291 2820 522 2853 Beruliardus
540 2818 702 2851 Musteus
716 2817 801 2849 aliis:
815 2817 899 2849 adde
912 2818 1074 2849 Johannis

93 2873 219 2907 Moneri
241 2870 599 2908 flomonymoscopiam
619 2875 693 2906 pag.
720 2866 783 2896 546
799 2874 869 2905 seq.
899 2869 944 2896 Dc
967 2867 1068 2896 Anti-

93 2921 270 2965 phonario
298 2920 433 2951 Ordinis
463 2918 695 2948 cisterciensis
719 2919 856 2946 auctore
874 2915 1066 2945 Bernliardo

96 2969 352 3004 Claraevallensi
367 2993 377 3005 ‚
394 2968 483 3007 quod
500 2965 629 2997 editum
646 2966 774 3004 Lipsiae
793 2967 853 2994 An.
878 2962 957 2993 1517
984 2964 1072 3002 apud

97 3020 295 3054 Michaelem
317 3017 496 3048 Lothcrum
520 3019 552 3046 et
569 3023 588 3044 a
611 3014 734 3045 Jacobo
756 3015 913 3050 nominey
932 3014 964 3042 in
989 3015 1075 3051 Sup-

98 3071 263 3111 piamento
286 3070 422 3098 Patrum
447 3067 561 3096 statim
579 3065 613 3094 in
632 3063 747 3094 limine
763 3086 771 3099 ,
796 3063 932 3091 Parisiis
954 3060 1032 3090 ios-'1
1052 3062 1072 3090 8

97 3117 291 3159 atqucinde
309 3119 343 3148 in
372 3115 577 3147 editionibus
608 3111 791 3144 Bernhardi
822 3110 1068 3142 illabiilonianis

97 3172 158 3200 An.
178 3167 257 3198 1690
281 3170 313 3197 et
347 3164 427 3196 1719
448 3172 530 3199 tom.
548 3165 559 3192 I
574 3187 583 3200 ‚
602 3170 677 3201 pag.
693 3162 766 3192 699.
787 3159 848 3191 Sed
862 3167 960 3197 quem
979 3160 1074 3189 Ποιη-

99 3225 214 3255 meyus
228 3215 357 3247 addidit
379 3222 454 3254 pag.
477 3213 531 3244 ⁹27.
555 3215 747 3242 Tractatum
767 3209 807 3239 de
826 3208 966 3238 ratione
990 3216 1072 3237 can-

103 3265 207 3297 tandi
227 3262 383 3296 Gradale
398 3277 407 3301 ;
423 3265 452 3294 ei
470 3270 546 3301 pag.
568 3261 619 3292 51.
657 3261 861 3291 Tractatum
889 3257 930 3287 de
948 3256 1042 3286 tonis
1058 3279 1069 3294 ‚

102 3322 178 3355 pag.
190 3313 303 3348 51.08.
314 3312 524 3347 mabillonius
540 3314 575 3344 ut
591 3310 698 3343 aliena
711 3317 729 3343 a
742 3306 932 3341 Bernhardo
943 3307 1067 3339 omisit.

1158 303 1300 341 illustr.
1327 303 1571 343 Benedictin.
1596 305 1629 344 II
1653 306 1703 345 77
1728 311 1919 359 tanquam
1958 313 2033 350 tria
2061 314 2119 352 di-

1158 366 1303 403 stincta
1325 372 1537 405 memorat:
1559 368 1614 406 De
1639 369 1794 408 Musica
1826 381 1897 409 seu
1920 371 1967 411 cle
1990 374 2116 414 tonis:

1152 424 1210 463 De
1246 425 1517 467 instrumentis
1557 430 1746 469 Musicis:
1769 436 1810 470 et
1844 432 1891 471 de
1925 445 2116 475 mensura

1151 487 1413 527 Monochorcli.
1444 489 1561 540 Apud
1583 492 1755 530 cundem
1783 505 1942 544 quoque
1967 499 2115 535 mentio

1151 547 1424 598 Epistolarum
1446 550 1493 588 ad
1518 551 1698 590 diversos
1716 582 1723 601 ,
1743 558 1785 591 et
1803 554 1887 593 libri
1907 554 2114 607 dejejunio

1150 608 1329 649 Sabbati.
1361 611 1566 661 Prologum
1594 613 1632 649 in
1653 613 1865 653 Tonarium
1882 646 1890 664 ,
1905 627 1998 655 cum
2022 628 2113 668 ope-

1151 670 1206 707 ris
1228 669 1388 709 exordio
1411 671 1534 708 edidit
1557 671 1741 711 laudatus
1771 676 1911 714 Pezius
1930 680 2025 715 tom.
2044 678 2107 717 1v.

1150 730 1445 769 Anecdotorum
1469 732 1584 770 Parte
1604 733 1657 781 11,
1687 745 1773 785 pag.
1799 737 1861 774 68.

1194 817 1392 857 Elenclzus
1415 817 1548 857 brevis
1567 819 1816 871 Scriptorum
1836 823 1955 862 medii
1970 827 2063 865 aevi

1248 879 1482 919 Latinorum
1502 879 1549 919 de
1572 881 1778 931 MUSICA,
1805 883 2012 936 Cantuque

1481 941 1773 981 Ecclesiastico.

1199 1028 1437 1081 Anonymus
1459 1030 1639 1069 Gvidone
1659 1030 1821 1070 Aretino
1843 1031 1993 1082 aliquot
2016 1034 2108 1073 Sae—

1146 1091 1246 1130 culis
1268 1094 1490 1142 antiquior,
1516 1104 1636 1143 quem
1663 1092 1798 1132 laudat
1821 1094 1982 1132 Isaacus
2011 1095 2107 1133 Vos-

1146 1153 1230 1191 sius
1253 1153 1302 1192 de
1320 1155 1470 1193 viribus
1491 1154 1669 1203 rhythmi
1689 1165 1774 1204 pag.
1797 1155 1859 1193 9i.

1197 1213 1310 1253 Alius
1339 1215 1514 1266 Scriptor
1541 1216 1626 1254 Sec.
1651 1216 1744 1253 XIII
1768 1216 1833 1254 vel
1856 1216 1947 1255 XIV
1967 1215 2015 1254 de
2039 1217 2107 1255 ssa·
2145 1218 2149 1223 '

1145 1279 1261 1315 tuum
1271 1287 1315 1314 ac
1324 1280 1536 1315 ventorum
1553 1277 1970 1327 operationeMusicae,
1985 1289 2106 1327 quem

1145 1337 1562 1387 Gvelferbytieditum
1586 1337 1750 1376 tradunt
1782 1339 1992 1377 Memoriae
2026 1339 2105 1376 Lit-

1144 1400 1312 1438 terariae
1335 1400 1584 1438 Trevoltinae
1607 1398 1680 1437 An.
1707 1398 1810 1438 4725
1826 1410 1912 1449 pag.
1937 1399 2054 1438 2281.

1198 1459 1437 1511 Ayobara'us
1459 1460 1508 1498 de
1528 1460 1770 1498 correctione
1793 1459 2069 1508 antiphonarii.

1197 1521 1401 1560 Amalarii
1413 1521 1511 1559 liber
1530 1520 1579 1558 de
1595 1519 1731 1558 ordIne
1750 1519 2026 1570 antiphonarii.
2041 1519 2101 1570 Ej.

1145 1584 1443 1630 Cantatorium‚
1473 1582 1522 1620 de
1551 1592 1628 1631 quo
1649 1591 1781 1630 supra.

1198 1642 1347 1692 Aribo,
1368 1643 1417 1682 de
1441 1655 1519 1693 quo
1548 1653 1681 1692 supra.

1194 1704 1443 1756 Auqustinus
1465 1704 1574 1742 libris
1598 1714 1670 1741 sex
1693 1701 1742 1740 de
1761 1702 1933 1752 Musica,
1953 1705 2049 1740 tom.
2072 1703 2101 1742 1.

1141 1767 1330 1818 Operum.
1623 1812 1626 1814 Ὗ

1193 1827 1456 1876 Aurelianus,
1474 1826 1674 1866 Ecclesiae
1682 1824 1891 1863 Remensis
1902 1824 2100 1872 Clericus,

1144 1890 1192 1928 de
1216 1901 1294 1940 quo
1318 1900 1449 1939 supra.

1196 1950 1522 1991 Bartholomaeus
1543 1949 1751 1995 Senensis,
1772 1946 1932 1985 Ordinis
1947 1945 2102 1983 Praedi-

1144 2017 1264 2052 cator.
1298 2014 1402 2051 circa
1437 2012 1600 2050 Annum
1626 2011 1721 2049 1151
1753 2008 1850 2046 libro
1873 2007 1922 2045 de
1947 2010 2100 2056 septem

1142 2074 1295 2113 artibus
1317 2073 1556 2111 liberalibus.

1195 2134 1329 2182 Beda,
1354 2134 1403 2173 de
1427 2145 1504 2184 quo
1529 2143 1661 2183 supra.

1195 2195 1483 2240 Bernhardus,
1505 2195 1554 2233 de
1574 2205 1653 2244 quo
1683 2203 1815 2242 supra.

1195 2258 1343 2305 Remo,
1367 2257 1499 2296 Abbas
1524 2255 1759 2307 Augiensis,
1785 2253 1833 2291 de
1854 2263 1930 2302 quo
1952 2261 2083 2300 supra.

1192 2318 1318 2357 Boetia·
1336 2319 1385 2357 de
1409 2320 1580 2357 Musica.
1603 2318 1688 2354 slve
1723 2313 1988 2353 InstitutioniS
2020 2312 2104 2350 Mu-

1140 2382 1245 2420 sicae
1268 2381 1354 2419 libri
1377 2381 1420 2419 V.
1443 2379 1492 2417 dc
1513 2378 1658 2428 quibus
1679 2376 1742 2414 lib.
1762 2376 1814 2413 111
1834 2373 2015 2412 Biblioth.
2034 2374 2104 2409 La-

1140 2443 1210 2480 tIn.
1236 2454 1321 2492 cap.
1346 2443 1382 2480 5.

1188 2504 1349 2550 Bruno,
1375 2504 1595 2540 Leucorum
1633 2499 1869 2548 Episcopus,
1893 2499 1933 2533 et
1956 2492 2097 2530 deinde

1138 2564 1242 2601 inter
1263 2562 1473 2601 Pontifices
1494 2562 1566 2599 Leo
1595 2560 1659 2597 IX.
1684 2559 1733 2596 de
1757 2567 1834 2606 quo
1859 2555 2097 2601 Anonymus

1140 2623 1378 2662 Mellicensis
1400 2633 1484 2671 cap.
1510 2622 1572 2659 85.
1597 2619 1670 2657 Hie
1692 2618 1732 2655 in
1752 2615 1907 2655 Musica
1925 2610 2101 2650 subtilis-

1144 2684 1269 2723 simus
1286 2681 1383 2734 fuit,
1401 2685 1439 2720 et
1460 2682 1562 2719 inter
1581 2682 1721 2717 cantus
1744 2676 1843 2714 alios
1859 2706 1869 2722 ,
1896 2683 1993 2724 quos
2012 2671 2101 2721 plu-

1143 2745 1265 2783 rimos
1292 2742 1436 2789 edidit,
1467 2740 1671 2778 historiam
1710 2733 1926 2774 beatissimi
1963 2733 2097 2782 Papae

1145 2803 1330 2855 Greyorii
1350 2802 1447 2841 satis
1465 2800 1677 2850 artificiose
1701 2794 1924 2847 composuit.

1194 2865 1426 2905 Marcianus
1443 2860 1604 2913 Capella
1620 2860 1714 2898 libro
1730 2868 1830 2896 nono
1845 2858 1929 2893 sive
1945 2855 2096 2892 ultimo.

1201 2925 1462 2965 Cassiodorus
1484 2924 1579 2960 libro
1603 2921 1650 2959 (lc
1671 2924 1824 2970 septem
1849 2915 2079 2965 disciplinis.

1200 2986 1408 3026 conradus
1426 3016 1433 3033 ,
1448 2983 1661 3022 Monachus
1686 2978 1972 3024 llirsaufgivnsis
1995 2977 2099 3011 eirca

1145 3048 1220 3087 An.
1248 3050 1345 3086 1190
1371 3047 1418 3084 dc
1450 3047 1597 3084 Musica
1620 3047 1659 3081 et
1682 3042 1784 3079 tonis
1816 3038 1971 3087 scripsit
1997 3039 2098 3073 teste.

1144 3110 1357 3148 'l‘riihemi0
1380 3119 1464 3158 cap.
1489 3107 1579 3144 384.

1196 3170 1402 3219 Dietyerus
1420 3201 1427 3209 .
1455 3169 1551 3205 infra
1568 3198 1577 3213 ‚
1608 3165 1835 3213 Tlieoslerus.

1194 3229 1388 3268 Fucrulili
1405 3230 1499 3267 liber
1522 3228 1569 3266 de
1590 3227 1760 3272 Musica,
1783 3221 1966 3262 laudatus
1994 3218 2099 3257 Ano-

1142 3303 1262 3342 nyino
1283 3292 1495 3333 Mellicensi
1520 3300 1602 3340 cap.
1625 3286 1712 3335 1107,
