<?xml version="1.0" encoding="UTF-8"?>
<!DOCTYPE html PUBLIC "-//W3C//DTD XHTML 1.0 Transitional//EN"
    "http://www.w3.org/TR/xhtml1/DTD/xhtml1-transitional.dtd">
<html xmlns="http://www.w3.org/1999/xhtml" xml:lang="en" lang="en">
 <head>
  <title>
</title>
<meta http-equiv="Content-Type" content="text/html;charset=utf-8" />
  <meta name='ocr-system' content='tesseract 3.04.00' />
  <meta name='ocr-capabilities' content='ocr_page ocr_carea ocr_par ocr_line ocrx_word'/>
</head>
<body>
  <div class='ocr_page' id='page_1' title='image "./bibliothecalatin01fabruoft_0226.png"; bbox 0 0 2500 4009; ppageno 0'>
   <div class='ocr_carea' id='block_1_1' title="bbox 404 218 1365 2504">
    <p class='ocr_par' dir='ltr' id='par_1_1' title="bbox 410 218 484 258">
     <span class='ocr_line' id='line_1_1' title="bbox 410 218 484 258; baseline 0.014 -1"><span class='ocrx_word' id='word_1_1' title='bbox 410 218 484 258; x_wconf 75' lang='lat'>188</span> 
     </span>
    </p>

    <p class='ocr_par' dir='ltr' id='par_1_2' title="bbox 404 281 1365 1067">
     <span class='ocr_line' id='line_1_2' title="bbox 462 281 1358 332; baseline -0.006 -7"><span class='ocrx_word' id='word_1_2' title='bbox 462 286 662 326; x_wconf 73' lang='lat' dir='ltr'>Ber-nardi·</span> <span class='ocrx_word' id='word_1_3' title='bbox 685 286 780 324; x_wconf 76' lang='lat' dir='ltr'>Pez.</span> <span class='ocrx_word' id='word_1_4' title='bbox 799 281 1082 320; x_wconf 79' lang='lat' dir='ltr'>Bibliothecarii</span> <span class='ocrx_word' id='word_1_5' title='bbox 1107 282 1358 332; x_wconf 83' lang='lat' dir='ltr'>Mellicensis,</span> 
     </span>
     <span class='ocr_line' id='line_1_3' title="bbox 409 342 1359 392; baseline -0.004 -5"><span class='ocrx_word' id='word_1_6' title='bbox 409 348 645 387; x_wconf 70' lang='lat' dir='ltr'>Bibliotheca</span> <span class='ocrx_word' id='word_1_7' title='bbox 686 342 930 383; x_wconf 77' lang='lat' dir='ltr'>Benedictino</span> <span class='ocrx_word' id='word_1_8' title='bbox 963 342 1204 391; x_wconf 75' lang='lat' dir='ltr'>Muuriana,</span> <span class='ocrx_word' id='word_1_9' title='bbox 1233 343 1274 392; x_wconf 93' lang='lat' dir='ltr'>d)</span> <span class='ocrx_word' id='word_1_10' title='bbox 1310 345 1359 383; x_wconf 85' lang='lat' dir='ltr'>de</span> 
     </span>
     <span class='ocr_line' id='line_1_4' title="bbox 410 405 1362 456; baseline -0.006 -6"><span class='ocrx_word' id='word_1_11' title='bbox 410 419 516 450; x_wconf 85' lang='lat' dir='ltr'>ortu.</span> <span class='ocrx_word' id='word_1_12' title='bbox 538 411 629 447; x_wconf 70' lang='lat' dir='ltr'>vitis</span> <span class='ocrx_word' id='word_1_13' title='bbox 653 412 688 445; x_wconf 78' lang='lat' dir='ltr'>et</span> <span class='ocrx_word' id='word_1_14' title='bbox 715 406 871 456; x_wconf 80' lang='lat' dir='ltr'>scriptis</span> <span class='ocrx_word' id='word_1_15' title='bbox 898 407 1058 444; x_wconf 83' lang='lat' dir='ltr'>Patrum</span> <span class='ocrx_word' id='word_1_16' title='bbox 1092 405 1362 445; x_wconf 81' lang='lat' dir='ltr'>Benedictino-</span> 
     </span>
     <span class='ocr_line' id='line_1_5' title="bbox 411 469 1357 518; baseline -0.004 -6"><span class='ocrx_word' id='word_1_17' title='bbox 411 486 495 512; x_wconf 87' lang='lat' dir='ltr'>ruin</span> <span class='ocrx_word' id='word_1_18' title='bbox 521 484 541 508; x_wconf 82' lang='grc'>0</span> <span class='ocrx_word' id='word_1_19' title='bbox 570 469 822 507; x_wconf 77' lang='lat' dir='ltr'>celeberrima</span> <span class='ocrx_word' id='word_1_20' title='bbox 850 469 1150 518; x_wconf 76' lang='lat' dir='ltr'>congregatione</span> <span class='ocrx_word' id='word_1_21' title='bbox 1175 469 1212 507; x_wconf 89' lang='lat' dir='ltr'>S.</span> <span class='ocrx_word' id='word_1_22' title='bbox 1238 470 1357 508; x_wconf 81' lang='lat' dir='ltr'>Mauri</span> 
     </span>
     <span class='ocr_line' id='line_1_6' title="bbox 409 529 1357 579; baseline -0.004 -7"><span class='ocrx_word' id='word_1_23' title='bbox 409 547 446 572; x_wconf 87' lang='lat' dir='ltr'>in</span> <span class='ocrx_word' id='word_1_24' title='bbox 466 533 641 571; x_wconf 75' lang='lat' dir='ltr'>Francia.</span> <span class='ocrx_word' id='word_1_25' title='bbox 658 529 740 567; x_wconf 90' lang='lat' dir='ltr'>libri</span> <span class='ocrx_word' id='word_1_26' title='bbox 763 530 795 567; x_wconf 88' lang='lat' dir='ltr'>ll</span> <span class='ocrx_word' id='word_1_27' title='bbox 820 529 1022 579; x_wconf 75' lang='lat' dir='ltr'>Augustae</span> <span class='ocrx_word' id='word_1_28' title='bbox 1038 530 1188 568; x_wconf 70' lang='lat' dir='ltr'>Vindel.</span> <span class='ocrx_word' id='word_1_29' title='bbox 1207 530 1307 570; x_wconf 84' lang='grc'><strong>1716</strong></span> <span class='ocrx_word' id='word_1_30' title='bbox 1322 532 1357 569; x_wconf 89' lang='grc'>8.</span> 
     </span>
     <span class='ocr_line' id='line_1_7' title="bbox 409 591 1361 644; baseline -0.002 -13"><span class='ocrx_word' id='word_1_31' title='bbox 409 605 506 644; x_wconf 74' lang='lat' dir='ltr'>quos</span> <span class='ocrx_word' id='word_1_32' title='bbox 528 593 644 630; x_wconf 87' lang='lat' dir='ltr'>libros</span> <span class='ocrx_word' id='word_1_33' title='bbox 681 591 852 629; x_wconf 78' lang='lat' dir='ltr'>eximius</span> <span class='ocrx_word' id='word_1_34' title='bbox 887 596 1023 629; x_wconf 78' lang='lat' dir='ltr'>auctor</span> <span class='ocrx_word' id='word_1_35' title='bbox 1046 596 1085 629; x_wconf 88' lang='lat' dir='ltr'>ct</span> <span class='ocrx_word' id='word_1_36' title='bbox 1109 596 1166 629; x_wconf 88' lang='lat' dir='ltr'>tot</span> <span class='ocrx_word' id='word_1_37' title='bbox 1188 592 1274 630; x_wconf 86' lang='lat' dir='ltr'>aliis</span> <span class='ocrx_word' id='word_1_38' title='bbox 1294 603 1361 630; x_wconf 90' lang='lat' dir='ltr'>no-</span> 
     </span>
     <span class='ocr_line' id='line_1_8' title="bbox 408 652 1361 704; baseline 0 -12"><span class='ocrx_word' id='word_1_39' title='bbox 408 654 578 692; x_wconf 80' lang='lat' dir='ltr'>minibus</span> <span class='ocrx_word' id='word_1_40' title='bbox 612 652 660 691; x_wconf 90' lang='grc'>(10</span> <span class='ocrx_word' id='word_1_41' title='bbox 698 654 865 691; x_wconf 84' lang='lat' dir='ltr'>llistoria</span> <span class='ocrx_word' id='word_1_42' title='bbox 897 653 1125 691; x_wconf 75' lang='lat' dir='ltr'>Ecclesiast.</span> <span class='ocrx_word' id='word_1_43' title='bbox 1164 653 1361 704; x_wconf 86' lang='lat' dir='ltr'>praeclare</span> 
     </span>
     <span class='ocr_line' id='line_1_9' title="bbox 408 715 1361 767; baseline 0.003 -16"><span class='ocrx_word' id='word_1_44' title='bbox 408 717 645 767; x_wconf 79' lang='lat' dir='ltr'>promeritus</span> <span class='ocrx_word' id='word_1_45' title='bbox 669 716 872 765; x_wconf 79' lang='lat' dir='ltr'>praemisit</span> <span class='ocrx_word' id='word_1_46' title='bbox 896 720 1085 766; x_wconf 85' lang='lat' dir='ltr'>tanquam</span> <span class='ocrx_word' id='word_1_47' title='bbox 1109 715 1361 766; x_wconf 79' lang='lat' dir='ltr'>prodromum</span> 
     </span>
     <span class='ocr_line' id='line_1_10' title="bbox 410 774 1365 828; baseline 0 -12"><span class='ocrx_word' id='word_1_48' title='bbox 410 779 569 828; x_wconf 81' lang='lat' dir='ltr'>majoris</span> <span class='ocrx_word' id='word_1_49' title='bbox 611 778 764 828; x_wconf 86' lang='lat' dir='ltr'>operis,</span> <span class='ocrx_word' id='word_1_50' title='bbox 800 774 1060 816; x_wconf 74' lang='lat' dir='ltr'>Bibliothecae</span> <span class='ocrx_word' id='word_1_51' title='bbox 1094 777 1365 816; x_wconf 76' lang='lat' dir='ltr'>Benedi&#39;ctinae</span> 
     </span>
     <span class='ocr_line' id='line_1_11' title="bbox 407 837 1365 890; baseline 0.002 -14"><span class='ocrx_word' id='word_1_52' title='bbox 407 839 604 890; x_wconf 66' lang='lat' dir='ltr'>{senet-olis</span> <span class='ocrx_word' id='word_1_53' title='bbox 627 839 662 877; x_wconf 77' lang='lat' dir='ltr'>in</span> <span class='ocrx_word' id='word_1_54' title='bbox 679 838 776 877; x_wconf 80' lang='lat' dir='ltr'>XIII</span> <span class='ocrx_word' id='word_1_55' title='bbox 791 837 953 877; x_wconf 77' lang='lat' dir='ltr'>saecula</span> <span class='ocrx_word' id='word_1_56' title='bbox 971 837 1206 878; x_wconf 77' lang='lat' dir='ltr'>distributae</span> <span class='ocrx_word' id='word_1_57' title='bbox 1223 871 1231 889; x_wconf 94' lang='lat'>,</span> <span class='ocrx_word' id='word_1_58' title='bbox 1251 840 1365 890; x_wconf 87' lang='lat' dir='ltr'>cujus</span> 
     </span>
     <span class='ocr_line' id='line_1_12' title="bbox 406 900 1365 953; baseline -0.001 -13"><span class='ocrx_word' id='word_1_59' title='bbox 406 907 662 953; x_wconf 72' lang='lat' dir='ltr'>conspectum</span> <span class='ocrx_word' id='word_1_60' title='bbox 687 900 834 947; x_wconf 85' lang='lat' dir='ltr'>edidit,</span> <span class='ocrx_word' id='word_1_61' title='bbox 859 901 905 949; x_wconf 77' lang='lat' dir='ltr'>c)</span> <span class='ocrx_word' id='word_1_62' title='bbox 933 903 1035 940; x_wconf 86' lang='lat' dir='ltr'>sicut</span> <span class='ocrx_word' id='word_1_63' title='bbox 1058 903 1175 940; x_wconf 85' lang='lat' dir='ltr'>etiam</span> <span class='ocrx_word' id='word_1_64' title='bbox 1209 902 1365 952; x_wconf 81' lang='lat' dir='ltr'>Episto-</span> 
     </span>
     <span class='ocr_line' id='line_1_13' title="bbox 404 963 1364 1015; baseline -0.001 -13"><span class='ocrx_word' id='word_1_65' title='bbox 404 966 480 1003; x_wconf 84' lang='lat' dir='ltr'>lam</span> <span class='ocrx_word' id='word_1_66' title='bbox 519 965 810 1015; x_wconf 76' lang='lat' dir='ltr'>Apologcticani</span> <span class='ocrx_word' id='word_1_67' title='bbox 854 974 922 1014; x_wconf 90' lang='lat' dir='ltr'>pro</span> <span class='ocrx_word' id='word_1_68' title='bbox 938 963 1083 1002; x_wconf 82' lang='lat' dir='ltr'>Ordine</span> <span class='ocrx_word' id='word_1_69' title='bbox 1120 964 1158 1003; x_wconf 92' lang='lat' dir='ltr'>S.</span> <span class='ocrx_word' id='word_1_70' title='bbox 1200 963 1364 1002; x_wconf 84' lang='lat' dir='ltr'>Benedi-</span> 
     </span>
     <span class='ocr_line' id='line_1_14' title="bbox 405 1028 523 1067; baseline 0.017 -2"><span class='ocrx_word' id='word_1_71' title='bbox 405 1030 470 1066; x_wconf 77' lang='lat' dir='ltr'>eti.</span> <span class='ocrx_word' id='word_1_72' title='bbox 498 1028 523 1067; x_wconf 71' lang='grc' dir='ltr'>Γ,</span> 
     </span>
    </p>

    <p class='ocr_par' dir='ltr' id='par_1_3' title="bbox 404 1088 1362 1515">
     <span class='ocr_line' id='line_1_15' title="bbox 460 1088 1362 1139; baseline -0.003 -11"><span class='ocrx_word' id='word_1_73' title='bbox 460 1090 730 1139; x_wconf 84' lang='lat' dir='ltr'>Bibliotheque</span> <span class='ocrx_word' id='word_1_74' title='bbox 751 1089 974 1138; x_wconf 87' lang='lat' dir='ltr'>llistorique.</span> <span class='ocrx_word' id='word_1_75' title='bbox 1002 1092 1041 1126; x_wconf 90' lang='lat' dir='ltr'>ct</span> <span class='ocrx_word' id='word_1_76' title='bbox 1083 1088 1258 1137; x_wconf 85' lang='lat' dir='ltr'>Critique</span> <span class='ocrx_word' id='word_1_77' title='bbox 1291 1088 1362 1126; x_wconf 84' lang='lat' dir='ltr'>des</span> 
     </span>
     <span class='ocr_line' id='line_1_16' title="bbox 404 1149 1359 1201; baseline -0.003 -10"><span class='ocrx_word' id='word_1_78' title='bbox 404 1154 579 1191; x_wconf 77' lang='lat' dir='ltr'>Auteurs</span> <span class='ocrx_word' id='word_1_79' title='bbox 599 1152 646 1189; x_wconf 83' lang='grc'>(10</span> <span class='ocrx_word' id='word_1_80' title='bbox 673 1153 705 1189; x_wconf 81' lang='lat' dir='ltr'>la</span> <span class='ocrx_word' id='word_1_81' title='bbox 731 1151 1015 1201; x_wconf 74' lang='lat' dir='ltr'>Congregation</span> <span class='ocrx_word' id='word_1_82' title='bbox 1039 1149 1087 1188; x_wconf 90' lang='lat' dir='ltr'>dc</span> <span class='ocrx_word' id='word_1_83' title='bbox 1109 1151 1146 1188; x_wconf 97' lang='lat' dir='ltr'>S.</span> <span class='ocrx_word' id='word_1_84' title='bbox 1169 1152 1294 1198; x_wconf 89' lang='lat' dir='ltr'>Maur,</span> <span class='ocrx_word' id='word_1_85' title='bbox 1318 1151 1359 1199; x_wconf 77' lang='lat' dir='ltr'>g)</span> 
     </span>
     <span class='ocr_line' id='line_1_17' title="bbox 406 1211 1362 1266; baseline -0.002 -13"><span class='ocrx_word' id='word_1_86' title='bbox 406 1227 474 1266; x_wconf 88' lang='lat' dir='ltr'>par</span> <span class='ocrx_word' id='word_1_87' title='bbox 498 1217 592 1253; x_wconf 87' lang='grc'><strong>110111</strong></span> <span class='ocrx_word' id='word_1_88' title='bbox 619 1213 742 1264; x_wconf 77' lang='lat' dir='ltr'>Filipe</span> <span class='ocrx_word' id='word_1_89' title='bbox 779 1212 812 1251; x_wconf 83' lang='lat' dir='ltr'>le</span> <span class='ocrx_word' id='word_1_90' title='bbox 838 1211 944 1264; x_wconf 80' lang='lat' dir='ltr'>Cers,</span> <span class='ocrx_word' id='word_1_91' title='bbox 968 1212 1015 1251; x_wconf 90' lang='lat' dir='ltr'>de</span> <span class='ocrx_word' id='word_1_92' title='bbox 1039 1213 1076 1251; x_wconf 84' lang='lat' dir='ltr'>la</span> <span class='ocrx_word' id='word_1_93' title='bbox 1097 1212 1275 1261; x_wconf 74' lang='lat' dir='ltr'>Vieville,</span> <span class='ocrx_word' id='word_1_94' title='bbox 1290 1214 1362 1251; x_wconf 86' lang='lat' dir='ltr'>Rc—</span> 
     </span>
     <span class='ocr_line' id='line_1_18' title="bbox 406 1275 1358 1328; baseline -0.003 -13"><span class='ocrx_word' id='word_1_95' title='bbox 406 1279 547 1328; x_wconf 82' lang='lat' dir='ltr'>ligicux</span> <span class='ocrx_word' id='word_1_96' title='bbox 565 1276 791 1316; x_wconf 83' lang='lat' dir='ltr'>Benedictin</span> <span class='ocrx_word' id='word_1_97' title='bbox 808 1275 903 1314; x_wconf 87' lang='lat' dir='ltr'>dela</span> <span class='ocrx_word' id='word_1_98' title='bbox 919 1276 1047 1313; x_wconf 70' lang='lat' dir='ltr'>meme</span> <span class='ocrx_word' id='word_1_99' title='bbox 1062 1275 1358 1326; x_wconf 85' lang='lat' dir='ltr'>Congregation.</span> 
     </span>
     <span class='ocr_line' id='line_1_19' title="bbox 405 1336 1362 1389; baseline -0.002 -12"><span class='ocrx_word' id='word_1_100' title='bbox 405 1341 425 1377; x_wconf 74' lang='lat' dir='ltr'>ii</span> <span class='ocrx_word' id='word_1_101' title='bbox 454 1340 486 1377; x_wconf 84' lang='lat' dir='ltr'>la</span> <span class='ocrx_word' id='word_1_102' title='bbox 512 1341 618 1389; x_wconf 67' lang='lat' dir='ltr'>liaye</span> <span class='ocrx_word' id='word_1_103' title='bbox 646 1339 762 1385; x_wconf 75' lang='grc'><strong>1726,</strong></span> <span class='ocrx_word' id='word_1_104' title='bbox 804 1339 863 1377; x_wconf 73' lang='grc'>12.</span> <span class='ocrx_word' id='word_1_105' title='bbox 888 1338 1066 1387; x_wconf 85' lang='lat' dir='ltr'>Critique</span> <span class='ocrx_word' id='word_1_106' title='bbox 1089 1336 1138 1374; x_wconf 87' lang='lat' dir='ltr'>de</span> <span class='ocrx_word' id='word_1_107' title='bbox 1171 1339 1261 1375; x_wconf 85' lang='lat' dir='ltr'>Msr.</span> <span class='ocrx_word' id='word_1_108' title='bbox 1292 1338 1362 1376; x_wconf 84' lang='lat' dir='ltr'>Pe-</span> 
     </span>
     <span class='ocr_line' id='line_1_20' title="bbox 407 1399 1359 1449; baseline -0.001 -11"><span class='ocrx_word' id='word_1_109' title='bbox 407 1401 532 1439; x_wconf 64' lang='lat' dir='ltr'>riouoe</span> <span class='ocrx_word' id='word_1_110' title='bbox 551 1401 597 1438; x_wconf 78' lang='lat' dir='ltr'>(ie</span> <span class='ocrx_word' id='word_1_111' title='bbox 614 1399 651 1438; x_wconf 87' lang='lat' dir='ltr'>Ia</span> <span class='ocrx_word' id='word_1_112' title='bbox 670 1399 841 1449; x_wconf 80' lang='lat' dir='ltr'>Periere,</span> <span class='ocrx_word' id='word_1_113' title='bbox 857 1399 895 1449; x_wconf 83' lang='lat' dir='ltr'>h)</span> <span class='ocrx_word' id='word_1_114' title='bbox 908 1404 948 1437; x_wconf 84' lang='lat' dir='ltr'>et</span> <span class='ocrx_word' id='word_1_115' title='bbox 971 1399 1007 1437; x_wconf 83' lang='lat' dir='ltr'>la</span> <span class='ocrx_word' id='word_1_116' title='bbox 1026 1410 1191 1449; x_wconf 87' lang='lat' dir='ltr'>reponse</span> <span class='ocrx_word' id='word_1_117' title='bbox 1207 1399 1254 1437; x_wconf 90' lang='lat' dir='ltr'>de</span> <span class='ocrx_word' id='word_1_118' title='bbox 1270 1401 1359 1439; x_wconf 82' lang='lat' dir='ltr'>Msr.</span> 
     </span>
     <span class='ocr_line' id='line_1_21' title="bbox 408 1462 621 1515; baseline -0.005 -14"><span class='ocrx_word' id='word_1_119' title='bbox 408 1463 441 1501; x_wconf 88' lang='lat' dir='ltr'>le</span> <span class='ocrx_word' id='word_1_120' title='bbox 462 1462 568 1515; x_wconf 73' lang='lat' dir='ltr'>serf.</span> <span class='ocrx_word' id='word_1_121' title='bbox 595 1465 621 1511; x_wconf 65' lang='lat' dir='ltr'>i,</span> 
     </span>
    </p>

    <p class='ocr_par' dir='ltr' id='par_1_4' title="bbox 405 1524 1361 1688">
     <span class='ocr_line' id='line_1_22' title="bbox 458 1524 1361 1565; baseline 0.002 -2"><span class='ocrx_word' id='word_1_122' title='bbox 458 1526 541 1563; x_wconf 82' lang='lat' dir='ltr'>Jac.</span> <span class='ocrx_word' id='word_1_123' title='bbox 563 1524 760 1564; x_wconf 76' lang='lat' dir='ltr'>Bouillart</span> <span class='ocrx_word' id='word_1_124' title='bbox 777 1525 877 1564; x_wconf 85' lang='lat' dir='ltr'>dans</span> <span class='ocrx_word' id='word_1_125' title='bbox 901 1536 970 1563; x_wconf 88' lang='lat' dir='ltr'>son</span> <span class='ocrx_word' id='word_1_126' title='bbox 997 1526 1158 1565; x_wconf 73' lang='lat' dir='ltr'>histoire</span> <span class='ocrx_word' id='word_1_127' title='bbox 1182 1526 1230 1565; x_wconf 86' lang='lat' dir='ltr'>de</span> <span class='ocrx_word' id='word_1_128' title='bbox 1250 1526 1361 1565; x_wconf 81' lang='lat' dir='ltr'>l&#39;Ab-</span> 
     </span>
     <span class='ocr_line' id='line_1_23' title="bbox 406 1588 1361 1638; baseline 0.003 -13"><span class='ocrx_word' id='word_1_129' title='bbox 406 1588 504 1638; x_wconf 65' lang='lat' dir='ltr'>baye</span> <span class='ocrx_word' id='word_1_130' title='bbox 528 1589 672 1637; x_wconf 67' lang='lat' dir='ltr'>lioyale</span> <span class='ocrx_word' id='word_1_131' title='bbox 695 1588 743 1626; x_wconf 89' lang='grc'>(10</span> <span class='ocrx_word' id='word_1_132' title='bbox 769 1590 806 1626; x_wconf 89' lang='lat' dir='ltr'>S.</span> <span class='ocrx_word' id='word_1_133' title='bbox 829 1589 1014 1626; x_wconf 67' lang='lat' dir='ltr'>(joi-main</span> <span class='ocrx_word' id='word_1_134' title='bbox 1032 1588 1080 1626; x_wconf 88' lang='lat' dir='ltr'>de</span> <span class='ocrx_word' id='word_1_135' title='bbox 1104 1590 1209 1627; x_wconf 80' lang='lat' dir='ltr'>Prez.</span> <span class='ocrx_word' id='word_1_136' title='bbox 1228 1589 1266 1638; x_wconf 81' lang='lat' dir='ltr'>k)</span> <span class='ocrx_word' id='word_1_137' title='bbox 1293 1591 1361 1628; x_wconf 84' lang='lat' dir='ltr'>l‘a-</span> 
     </span>
     <span class='ocr_line' id='line_1_24' title="bbox 405 1651 684 1688; baseline 0 -1"><span class='ocrx_word' id='word_1_138' title='bbox 405 1651 469 1687; x_wconf 84' lang='lat' dir='ltr'>ris.</span> <span class='ocrx_word' id='word_1_139' title='bbox 499 1651 596 1688; x_wconf 62' lang='lat'>1724</span> <span class='ocrx_word' id='word_1_140' title='bbox 623 1651 684 1688; x_wconf 86' lang='lat' dir='ltr'>sol.</span> 
     </span>
    </p>

    <p class='ocr_par' dir='ltr' id='par_1_5' title="bbox 404 1710 1362 2130">
     <span class='ocr_line' id='line_1_25' title="bbox 460 1710 1358 1762; baseline 0.001 -12"><span class='ocrx_word' id='word_1_141' title='bbox 460 1713 490 1750; x_wconf 87' lang='lat' dir='ltr'><em>F</em></span> <span class='ocrx_word' id='word_1_142' title='bbox 494 1712 699 1751; x_wconf 79' lang='lat' dir='ltr'>1·(1nci&#39;scns</span> <span class='ocrx_word' id='word_1_143' title='bbox 721 1710 907 1760; x_wconf 75' lang='lat' dir='ltr'>Ibaimez,</span> <span class='ocrx_word' id='word_1_144' title='bbox 933 1713 1131 1762; x_wconf 82' lang='lat' dir='ltr'>Hispanus</span> <span class='ocrx_word' id='word_1_145' title='bbox 1146 1712 1358 1751; x_wconf 79' lang='lat' dir='ltr'>Monachus</span> 
     </span>
     <span class='ocr_line' id='line_1_26' title="bbox 405 1774 1359 1825; baseline 0 -13"><span class='ocrx_word' id='word_1_146' title='bbox 405 1776 725 1825; x_wconf 78' lang='lat' dir='ltr'>Congregationis</span> <span class='ocrx_word' id='word_1_147' title='bbox 748 1774 1041 1821; x_wconf 79' lang='lat' dir='ltr'>Montisscrrati,</span> <span class='ocrx_word' id='word_1_148' title='bbox 1068 1775 1105 1811; x_wconf 91' lang='lat' dir='ltr'>in</span> <span class='ocrx_word' id='word_1_149' title='bbox 1130 1774 1240 1811; x_wconf 86' lang='lat' dir='ltr'>brevi</span> <span class='ocrx_word' id='word_1_150' title='bbox 1257 1775 1359 1812; x_wconf 87' lang='lat' dir='ltr'>viro-</span> 
     </span>
     <span class='ocr_line' id='line_1_27' title="bbox 404 1835 1362 1875; baseline 0.001 -2"><span class='ocrx_word' id='word_1_151' title='bbox 404 1848 492 1874; x_wconf 85' lang='lat' dir='ltr'>rum</span> <span class='ocrx_word' id='word_1_152' title='bbox 523 1837 734 1874; x_wconf 79' lang='lat' dir='ltr'>illustrium</span> <span class='ocrx_word' id='word_1_153' title='bbox 757 1835 915 1873; x_wconf 83' lang='lat' dir='ltr'>Ordinis</span> <span class='ocrx_word' id='word_1_154' title='bbox 938 1835 1179 1874; x_wconf 85' lang='lat' dir='ltr'>Benedictini</span> <span class='ocrx_word' id='word_1_155' title='bbox 1210 1837 1362 1875; x_wconf 90' lang='lat' dir='ltr'>Catalo-</span> 
     </span>
     <span class='ocr_line' id='line_1_28' title="bbox 405 1897 1358 1948; baseline 0.001 -13"><span class='ocrx_word' id='word_1_156' title='bbox 405 1909 471 1948; x_wconf 69' lang='lat' dir='ltr'>go,</span> <span class='ocrx_word' id='word_1_157' title='bbox 516 1897 619 1936; x_wconf 87' lang='lat' dir='ltr'>edito</span> <span class='ocrx_word' id='word_1_158' title='bbox 653 1897 701 1935; x_wconf 90' lang='lat' dir='ltr'>ad</span> <span class='ocrx_word' id='word_1_159' title='bbox 746 1897 894 1936; x_wconf 89' lang='lat' dir='ltr'>calcem</span> <span class='ocrx_word' id='word_1_160' title='bbox 933 1898 1216 1936; x_wconf 85' lang='lat' dir='ltr'>excercitatorii</span> <span class='ocrx_word' id='word_1_161' title='bbox 1248 1899 1358 1937; x_wconf 83' lang='lat' dir='ltr'>Vitae</span> 
     </span>
     <span class='ocr_line' id='line_1_29' title="bbox 405 1959 1357 2010; baseline 0.002 -13"><span class='ocrx_word' id='word_1_162' title='bbox 405 1960 619 2010; x_wconf 85' lang='lat' dir='ltr'>spiritualis</span> <span class='ocrx_word' id='word_1_163' title='bbox 653 1960 814 1998; x_wconf 81' lang='lat' dir='ltr'>Garsiae</span> <span class='ocrx_word' id='word_1_164' title='bbox 851 1959 898 1998; x_wconf 90' lang='lat' dir='ltr'>de</span> <span class='ocrx_word' id='word_1_165' title='bbox 936 1960 1137 2008; x_wconf 83' lang='lat' dir='ltr'>Cisneros,</span> <span class='ocrx_word' id='word_1_166' title='bbox 1175 1961 1357 1999; x_wconf 77' lang='lat' dir='ltr'>Mantuae</span> 
     </span>
     <span class='ocr_line' id='line_1_30' title="bbox 404 2020 1360 2071; baseline 0 -12"><span class='ocrx_word' id='word_1_167' title='bbox 404 2022 742 2071; x_wconf 85' lang='lat' dir='ltr'>Carpentanorum</span> <span class='ocrx_word' id='word_1_168' title='bbox 765 2022 849 2058; x_wconf 88' lang='lat' dir='ltr'>sive</span> <span class='ocrx_word' id='word_1_169' title='bbox 872 2020 1039 2069; x_wconf 82' lang='lat' dir='ltr'>Madriti,</span> <span class='ocrx_word' id='word_1_170' title='bbox 1077 2025 1116 2058; x_wconf 90' lang='lat' dir='ltr'>et</span> <span class='ocrx_word' id='word_1_171' title='bbox 1150 2022 1360 2059; x_wconf 89' lang='lat' dir='ltr'>Salmanti-</span> 
     </span>
     <span class='ocr_line' id='line_1_31' title="bbox 405 2082 823 2130; baseline -0.002 -10"><span class='ocrx_word' id='word_1_172' title='bbox 405 2093 472 2120; x_wconf 73' lang='lat' dir='ltr'>cao</span> <span class='ocrx_word' id='word_1_173' title='bbox 498 2084 614 2127; x_wconf 69' lang='grc'><strong>1561,</strong></span> <span class='ocrx_word' id='word_1_174' title='bbox 643 2082 762 2130; x_wconf 71' lang='grc'><strong>1570,</strong></span> <span class='ocrx_word' id='word_1_175' title='bbox 787 2083 823 2119; x_wconf 83' lang='grc'>8.</span> 
     </span>
    </p>

    <p class='ocr_par' dir='ltr' id='par_1_6' title="bbox 405 2142 1356 2439">
     <span class='ocr_line' id='line_1_32' title="bbox 463 2142 1356 2194; baseline 0.001 -14"><span class='ocrx_word' id='word_1_176' title='bbox 463 2143 659 2181; x_wconf 75' lang='lat' dir='ltr'>Cervinus</span> <span class='ocrx_word' id='word_1_177' title='bbox 684 2142 888 2192; x_wconf 77' lang='lat' dir='ltr'>Calenius,</span> <span class='ocrx_word' id='word_1_178' title='bbox 905 2143 1134 2194; x_wconf 70' lang='lat' dir='ltr'>typographi</span> <span class='ocrx_word' id='word_1_179' title='bbox 1151 2144 1356 2183; x_wconf 88' lang='lat' dir='ltr'>Colonien-</span> 
     </span>
     <span class='ocr_line' id='line_1_33' title="bbox 406 2198 1356 2254; baseline 0.003 -13"><span class='ocrx_word' id='word_1_180' title='bbox 406 2206 460 2243; x_wconf 83' lang='grc'>313</span> <span class='ocrx_word' id='word_1_181' title='bbox 485 2198 645 2250; x_wconf 80' lang='lat' dir='ltr'>nornen,</span> <span class='ocrx_word' id='word_1_182' title='bbox 670 2206 735 2254; x_wconf 82' lang='lat' dir='ltr'>qui</span> <span class='ocrx_word' id='word_1_183' title='bbox 760 2205 1020 2243; x_wconf 80' lang='lat' dir='ltr'>Trithemium</span> <span class='ocrx_word' id='word_1_184' title='bbox 1057 2205 1104 2243; x_wconf 92' lang='lat' dir='ltr'>de</span> <span class='ocrx_word' id='word_1_185' title='bbox 1131 2206 1231 2243; x_wconf 80' lang='lat' dir='ltr'>Viris</span> <span class='ocrx_word' id='word_1_186' title='bbox 1269 2206 1356 2245; x_wconf 89' lang='lat' dir='ltr'>illu-</span> 
     </span>
     <span class='ocr_line' id='line_1_34' title="bbox 406 2266 1354 2317; baseline 0.003 -15"><span class='ocrx_word' id='word_1_187' title='bbox 406 2267 553 2305; x_wconf 76' lang='lat' dir='ltr'>stribus</span> <span class='ocrx_word' id='word_1_188' title='bbox 571 2266 728 2304; x_wconf 85' lang='lat' dir='ltr'>Ordinis</span> <span class='ocrx_word' id='word_1_189' title='bbox 759 2266 997 2304; x_wconf 80' lang='lat' dir='ltr'>Benedictini</span> <span class='ocrx_word' id='word_1_190' title='bbox 1022 2267 1193 2305; x_wconf 75' lang='lat' dir='ltr'>excudit.</span> <span class='ocrx_word' id='word_1_191' title='bbox 1219 2269 1354 2317; x_wconf 85' lang='lat' dir='ltr'>ltaque</span> 
     </span>
     <span class='ocr_line' id='line_1_35' title="bbox 405 2327 1355 2379; baseline 0.002 -13"><span class='ocrx_word' id='word_1_192' title='bbox 405 2327 509 2378; x_wconf 86' lang='lat' dir='ltr'>apud</span> <span class='ocrx_word' id='word_1_193' title='bbox 534 2329 791 2377; x_wconf 80' lang='lat' dir='ltr'>Tcisseriurn,</span> <span class='ocrx_word' id='word_1_194' title='bbox 818 2330 1100 2378; x_wconf 80' lang='lat' dir='ltr'>Lipcniunique</span> <span class='ocrx_word' id='word_1_195' title='bbox 1121 2329 1172 2367; x_wconf 91' lang='grc'><strong>1111</strong></span> <span class='ocrx_word' id='word_1_196' title='bbox 1201 2335 1355 2379; x_wconf 83' lang='lat' dir='ltr'>practer</span> 
     </span>
     <span class='ocr_line' id='line_1_36' title="bbox 408 2389 1214 2439; baseline 0.004 -13"><span class='ocrx_word' id='word_1_197' title='bbox 408 2402 487 2427; x_wconf 74' lang='lat' dir='ltr'>rem</span> <span class='ocrx_word' id='word_1_198' title='bbox 514 2390 609 2427; x_wconf 88' lang='lat' dir='ltr'>libcr</span> <span class='ocrx_word' id='word_1_199' title='bbox 633 2389 751 2439; x_wconf 87' lang='lat' dir='ltr'>hujus</span> <span class='ocrx_word' id='word_1_200' title='bbox 774 2392 994 2439; x_wconf 81' lang='lat' dir='ltr'>argumenti</span> <span class='ocrx_word' id='word_1_201' title='bbox 1020 2391 1214 2429; x_wconf 85' lang='lat' dir='ltr'>tribuitur.</span> 
     </span>
    </p>

    <p class='ocr_par' dir='ltr' id='par_1_7' title="bbox 456 2452 1354 2504">
     <span class='ocr_line' id='line_1_37' title="bbox 456 2452 1354 2504; baseline 0.004 -16"><span class='ocrx_word' id='word_1_202' title='bbox 456 2452 625 2489; x_wconf 80' lang='lat' dir='ltr'>Joannes</span> <span class='ocrx_word' id='word_1_203' title='bbox 646 2452 858 2490; x_wconf 77' lang='lat' dir='ltr'>Monachus</span> <span class='ocrx_word' id='word_1_204' title='bbox 873 2453 1150 2501; x_wconf 82' lang='lat' dir='ltr'>Castellcnsis,</span> <span class='ocrx_word' id='word_1_205' title='bbox 1167 2454 1234 2503; x_wconf 86' lang='lat' dir='ltr'>qui</span> <span class='ocrx_word' id='word_1_206' title='bbox 1251 2453 1354 2504; x_wconf 90' lang='lat' dir='ltr'>apud</span> 
     </span>
    </p>
   </div>
   <div class='ocr_carea' id='block_1_2' title="bbox 397 2513 1362 3366">
    <p class='ocr_par' dir='ltr' id='par_1_8' title="bbox 405 2513 1357 2554">
     <span class='ocr_line' id='line_1_38' title="bbox 405 2513 1357 2554; baseline 0.004 -4"><span class='ocrx_word' id='word_1_207' title='bbox 405 2513 574 2551; x_wconf 81' lang='lat' dir='ltr'>eundem</span> <span class='ocrx_word' id='word_1_208' title='bbox 601 2515 838 2552; x_wconf 79' lang='lat' dir='ltr'>Teisserium</span> <span class='ocrx_word' id='word_1_209' title='bbox 862 2514 909 2551; x_wconf 79' lang='lat' dir='ltr'>de</span> <span class='ocrx_word' id='word_1_210' title='bbox 935 2515 1153 2553; x_wconf 73' lang='lat' dir='ltr'>illustribus</span> <span class='ocrx_word' id='word_1_211' title='bbox 1171 2517 1270 2554; x_wconf 72' lang='lat' dir='ltr'>Viris</span> <span class='ocrx_word' id='word_1_212' title='bbox 1286 2516 1357 2554; x_wconf 92' lang='lat' dir='ltr'>Or-</span> 
     </span>
    </p>

    <p class='ocr_par' dir='ltr' id='par_1_9' title="bbox 459 2574 1044 2614">
     <span class='ocr_line' id='line_1_39' title="bbox 459 2574 1044 2614; baseline 0 -8"><span class='ocrx_word' id='word_1_213' title='bbox 459 2576 494 2612; x_wconf 83' lang='lat' dir='ltr'>d)</span> <span class='ocrx_word' id='word_1_214' title='bbox 514 2579 591 2607; x_wconf 79' lang='lat' dir='ltr'>Acta</span> <span class='ocrx_word' id='word_1_215' title='bbox 606 2575 706 2606; x_wconf 84' lang='lat' dir='ltr'>Erud.</span> <span class='ocrx_word' id='word_1_216' title='bbox 725 2578 761 2606; x_wconf 81' lang='grc' dir='ltr'>Α.</span> <span class='ocrx_word' id='word_1_217' title='bbox 783 2574 862 2605; x_wconf 94' lang='grc'><strong>1717</strong></span> <span class='ocrx_word' id='word_1_218' title='bbox 880 2584 954 2614; x_wconf 87' lang='lat' dir='ltr'>pag.</span> <span class='ocrx_word' id='word_1_219' title='bbox 977 2575 1044 2607; x_wconf 83' lang='grc'><strong>119.</strong></span> 
     </span>
    </p>

    <p class='ocr_par' dir='ltr' id='par_1_10' title="bbox 398 2623 1362 2762">
     <span class='ocr_line' id='line_1_40' title="bbox 457 2623 1360 2664; baseline 0.003 -10"><span class='ocrx_word' id='word_1_220' title='bbox 457 2624 489 2663; x_wconf 82' lang='grc'>0)</span> <span class='ocrx_word' id='word_1_221' title='bbox 506 2629 584 2655; x_wconf 77' lang='lat' dir='ltr'>Acta</span> <span class='ocrx_word' id='word_1_222' title='bbox 601 2623 884 2655; x_wconf 74' lang='lat' dir='ltr'>ErudiiorurnAn.</span> <span class='ocrx_word' id='word_1_223' title='bbox 901 2624 980 2655; x_wconf 90' lang='grc'><strong>1716</strong></span> <span class='ocrx_word' id='word_1_224' title='bbox 993 2624 1149 2664; x_wconf 76' lang='lat' dir='ltr'>pag.404.</span> <span class='ocrx_word' id='word_1_225' title='bbox 1166 2626 1360 2657; x_wconf 84' lang='lat' dir='ltr'>Germanica</span> 
     </span>
     <span class='ocr_line' id='line_1_41' title="bbox 399 2673 1362 2714; baseline 0.005 -12"><span class='ocrx_word' id='word_1_226' title='bbox 399 2678 477 2704; x_wconf 77' lang='lat' dir='ltr'>lom.</span> <span class='ocrx_word' id='word_1_227' title='bbox 498 2676 536 2703; x_wconf 73' lang='lat' dir='ltr'>lv</span> <span class='ocrx_word' id='word_1_228' title='bbox 551 2697 560 2711; x_wconf 91' lang='lat'>,</span> <span class='ocrx_word' id='word_1_229' title='bbox 577 2682 650 2714; x_wconf 86' lang='lat' dir='ltr'>pag.</span> <span class='ocrx_word' id='word_1_230' title='bbox 672 2673 740 2704; x_wconf 76' lang='lat'>144.</span> <span class='ocrx_word' id='word_1_231' title='bbox 761 2674 898 2704; x_wconf 81' lang='lat' dir='ltr'>Journal</span> <span class='ocrx_word' id='word_1_232' title='bbox 914 2674 970 2705; x_wconf 87' lang='lat' dir='ltr'>des</span> <span class='ocrx_word' id='word_1_233' title='bbox 989 2677 1112 2706; x_wconf 87' lang='lat' dir='ltr'>Savans</span> <span class='ocrx_word' id='word_1_234' title='bbox 1131 2678 1166 2707; x_wconf 75' lang='lat' dir='ltr'>A.</span> <span class='ocrx_word' id='word_1_235' title='bbox 1185 2675 1266 2706; x_wconf 88' lang='grc'><strong>1716</strong></span> <span class='ocrx_word' id='word_1_236' title='bbox 1282 2680 1362 2707; x_wconf 86' lang='lat' dir='ltr'>tom.</span> 
     </span>
     <span class='ocr_line' id='line_1_42' title="bbox 398 2723 630 2762; baseline 0.013 -11"><span class='ocrx_word' id='word_1_237' title='bbox 398 2724 449 2760; x_wconf 88' lang='grc'>11,</span> <span class='ocrx_word' id='word_1_238' title='bbox 469 2731 543 2762; x_wconf 82' lang='lat' dir='ltr'>pag.</span> <span class='ocrx_word' id='word_1_239' title='bbox 562 2723 630 2754; x_wconf 72' lang='lat'>115.</span> 
     </span>
    </p>

    <p class='ocr_par' dir='ltr' id='par_1_11' title="bbox 397 2772 1360 2863">
     <span class='ocr_line' id='line_1_43' title="bbox 456 2772 1360 2815; baseline 0.003 -13"><span class='ocrx_word' id='word_1_240' title='bbox 456 2772 483 2812; x_wconf 78' lang='lat' dir='ltr'>s)</span> <span class='ocrx_word' id='word_1_241' title='bbox 501 2776 579 2804; x_wconf 76' lang='lat' dir='ltr'>Acta</span> <span class='ocrx_word' id='word_1_242' title='bbox 594 2774 850 2805; x_wconf 77' lang='lat' dir='ltr'>ErudiioruinA.</span> <span class='ocrx_word' id='word_1_243' title='bbox 872 2774 951 2805; x_wconf 88' lang='grc'><strong>1717</strong></span> <span class='ocrx_word' id='word_1_244' title='bbox 966 2782 1040 2814; x_wconf 88' lang='lat' dir='ltr'>pag,</span> <span class='ocrx_word' id='word_1_245' title='bbox 1054 2773 1112 2806; x_wconf 78' lang='grc'>401</span> <span class='ocrx_word' id='word_1_246' title='bbox 1129 2774 1360 2815; x_wconf 72' lang='lat' dir='ltr'>Unsehulbiqe</span> 
     </span>
     <span class='ocr_line' id='line_1_44' title="bbox 397 2822 961 2863; baseline 0.007 -12"><span class='ocrx_word' id='word_1_247' title='bbox 397 2822 627 2853; x_wconf 75' lang='lat' dir='ltr'>Rachriemen</span> <span class='ocrx_word' id='word_1_248' title='bbox 645 2826 681 2854; x_wconf 76' lang='grc' dir='ltr'>Α.</span> <span class='ocrx_word' id='word_1_249' title='bbox 703 2823 782 2854; x_wconf 81' lang='grc'><strong>’1716</strong></span> <span class='ocrx_word' id='word_1_250' title='bbox 797 2833 871 2863; x_wconf 85' lang='lat' dir='ltr'>pag.</span> <span class='ocrx_word' id='word_1_251' title='bbox 890 2824 961 2855; x_wconf 77' lang='lat'>751.</span> 
     </span>
    </p>

    <p class='ocr_par' dir='ltr' id='par_1_12' title="bbox 399 2871 1358 3160">
     <span class='ocr_line' id='line_1_45' title="bbox 457 2871 1358 2915; baseline 0.008 -14"><span class='ocrx_word' id='word_1_252' title='bbox 457 2871 492 2911; x_wconf 83' lang='lat' dir='ltr'>g)</span> <span class='ocrx_word' id='word_1_253' title='bbox 509 2876 588 2903; x_wconf 79' lang='lat' dir='ltr'>Acta</span> <span class='ocrx_word' id='word_1_254' title='bbox 605 2872 819 2904; x_wconf 81' lang='lat' dir='ltr'>Eruditorum</span> <span class='ocrx_word' id='word_1_255' title='bbox 833 2878 893 2905; x_wconf 75' lang='lat' dir='ltr'>An.</span> <span class='ocrx_word' id='word_1_256' title='bbox 913 2874 992 2905; x_wconf 84' lang='grc'><strong>1726</strong></span> <span class='ocrx_word' id='word_1_257' title='bbox 1009 2882 1084 2915; x_wconf 91' lang='lat' dir='ltr'>pag.</span> <span class='ocrx_word' id='word_1_258' title='bbox 1097 2875 1159 2906; x_wconf 74' lang='lat'>5⁶29</span> <span class='ocrx_word' id='word_1_259' title='bbox 1175 2875 1358 2908; x_wconf 85' lang='lat' dir='ltr'>Bibliothe-</span> 
     </span>
     <span class='ocr_line' id='line_1_46' title="bbox 399 2922 1357 2966; baseline 0.008 -15"><span class='ocrx_word' id='word_1_260' title='bbox 399 2929 462 2959; x_wconf 81' lang='lat' dir='ltr'>quc</span> <span class='ocrx_word' id='word_1_261' title='bbox 480 2923 654 2960; x_wconf 68' lang='lat' dir='ltr'>Franqoisc</span> <span class='ocrx_word' id='word_1_262' title='bbox 667 2926 728 2953; x_wconf 78' lang='lat' dir='ltr'>An.</span> <span class='ocrx_word' id='word_1_263' title='bbox 748 2922 828 2954; x_wconf 83' lang='grc'><strong>1726</strong></span> <span class='ocrx_word' id='word_1_264' title='bbox 845 2932 918 2963; x_wconf 88' lang='lat' dir='ltr'>pag.</span> <span class='ocrx_word' id='word_1_265' title='bbox 937 2924 998 2955; x_wconf 76' lang='grc'><strong>269</strong></span> <span class='ocrx_word' id='word_1_266' title='bbox 1015 2929 1046 2956; x_wconf 90' lang='lat' dir='ltr'>ct</span> <span class='ocrx_word' id='word_1_267' title='bbox 1063 2929 1142 2957; x_wconf 83' lang='lat' dir='ltr'>torn.</span> <span class='ocrx_word' id='word_1_268' title='bbox 1156 2927 1241 2965; x_wconf 81' lang='lat' dir='ltr'>le,</span> <span class='ocrx_word' id='word_1_269' title='bbox 1259 2935 1292 2966; x_wconf 88' lang='lat' dir='ltr'>p.</span> <span class='ocrx_word' id='word_1_270' title='bbox 1305 2927 1357 2959; x_wconf 89' lang='grc'><strong>86.</strong></span> 
     </span>
     <span class='ocr_line' id='line_1_47' title="bbox 400 2972 1357 3015; baseline 0.007 -15"><span class='ocrx_word' id='word_1_271' title='bbox 400 2972 539 3002; x_wconf 78' lang='lat' dir='ltr'>Histoire</span> <span class='ocrx_word' id='word_1_272' title='bbox 556 2974 728 3004; x_wconf 80' lang='lat' dir='ltr'>Litteraire</span> <span class='ocrx_word' id='word_1_273' title='bbox 757 2973 798 3005; x_wconf 89' lang='lat' dir='ltr'>de</span> <span class='ocrx_word' id='word_1_274' title='bbox 825 2974 844 3004; x_wconf 84' lang='lat' dir='ltr'>i’</span> <span class='ocrx_word' id='word_1_275' title='bbox 861 2976 990 3014; x_wconf 82' lang='lat' dir='ltr'>Europe</span> <span class='ocrx_word' id='word_1_276' title='bbox 1012 2978 1048 3006; x_wconf 78' lang='grc' dir='ltr'>Α.</span> <span class='ocrx_word' id='word_1_277' title='bbox 1069 2974 1147 3006; x_wconf 78' lang='grc'><strong>1726</strong></span> <span class='ocrx_word' id='word_1_278' title='bbox 1168 2976 1357 3015; x_wconf 86' lang='lat' dir='ltr'>Septembre</span> 
     </span>
     <span class='ocr_line' id='line_1_48' title="bbox 400 3021 1356 3063; baseline 0.009 -13"><span class='ocrx_word' id='word_1_279' title='bbox 400 3028 472 3059; x_wconf 79' lang='lat' dir='ltr'>pag.</span> <span class='ocrx_word' id='word_1_280' title='bbox 487 3021 522 3051; x_wconf 77' lang='lat'>:21</span> <span class='ocrx_word' id='word_1_281' title='bbox 543 3025 577 3052; x_wconf 74' lang='grc' dir='ltr'>Α,</span> <span class='ocrx_word' id='word_1_282' title='bbox 598 3021 676 3052; x_wconf 75' lang='lat'>1727</span> <span class='ocrx_word' id='word_1_283' title='bbox 693 3024 762 3062; x_wconf 66' lang='lat' dir='ltr'>May</span> <span class='ocrx_word' id='word_1_284' title='bbox 789 3031 862 3063; x_wconf 83' lang='lat' dir='ltr'>pag.</span> <span class='ocrx_word' id='word_1_285' title='bbox 881 3024 931 3054; x_wconf 73' lang='lat'>85.</span> <span class='ocrx_word' id='word_1_286' title='bbox 955 3025 1090 3056; x_wconf 82' lang='lat' dir='ltr'>Journal</span> <span class='ocrx_word' id='word_1_287' title='bbox 1109 3026 1163 3057; x_wconf 85' lang='lat' dir='ltr'>des</span> <span class='ocrx_word' id='word_1_288' title='bbox 1180 3028 1303 3058; x_wconf 82' lang='lat' dir='ltr'>Savans</span> <span class='ocrx_word' id='word_1_289' title='bbox 1319 3030 1356 3059; x_wconf 81' lang='grc' dir='ltr'>Α.</span> 
     </span>
     <span class='ocr_line' id='line_1_49' title="bbox 400 3068 1357 3112; baseline 0.011 -14"><span class='ocrx_word' id='word_1_290' title='bbox 400 3068 477 3099; x_wconf 73' lang='lat'>1727</span> <span class='ocrx_word' id='word_1_291' title='bbox 495 3072 633 3102; x_wconf 80' lang='lat' dir='ltr'>octobre</span> <span class='ocrx_word' id='word_1_292' title='bbox 653 3081 726 3112; x_wconf 84' lang='lat' dir='ltr'>pag.</span> <span class='ocrx_word' id='word_1_293' title='bbox 745 3073 818 3104; x_wconf 68' lang='lat'>⁶280.</span> <span class='ocrx_word' id='word_1_294' title='bbox 847 3077 1018 3109; x_wconf 83' lang='lat' dir='ltr'>Memoires</span> <span class='ocrx_word' id='word_1_295' title='bbox 1047 3076 1089 3108; x_wconf 85' lang='lat' dir='ltr'>de</span> <span class='ocrx_word' id='word_1_296' title='bbox 1115 3080 1267 3109; x_wconf 83' lang='lat' dir='ltr'>Trcvoux</span> <span class='ocrx_word' id='word_1_297' title='bbox 1293 3080 1357 3110; x_wconf 82' lang='lat' dir='ltr'>An.</span> 
     </span>
     <span class='ocr_line' id='line_1_50' title="bbox 402 3117 732 3160; baseline 0.021 -14"><span class='ocrx_word' id='word_1_298' title='bbox 402 3117 481 3148; x_wconf 64' lang='grc'><strong>1727</strong></span> <span class='ocrx_word' id='word_1_299' title='bbox 499 3130 570 3160; x_wconf 77' lang='lat' dir='ltr'>pag.</span> <span class='ocrx_word' id='word_1_300' title='bbox 586 3122 645 3152; x_wconf 67' lang='grc' dir='ltr'>ὅου</span> <span class='ocrx_word' id='word_1_301' title='bbox 661 3122 732 3154; x_wconf 69' lang='grc'><strong>515.</strong></span> 
     </span>
    </p>

    <p class='ocr_par' dir='ltr' id='par_1_13' title="bbox 461 3168 1272 3218">
     <span class='ocr_line' id='line_1_51' title="bbox 461 3168 1272 3218; baseline 0.016 -22"><span class='ocrx_word' id='word_1_302' title='bbox 461 3168 494 3207; x_wconf 83' lang='grc'>11)</span> <span class='ocrx_word' id='word_1_303' title='bbox 513 3171 738 3212; x_wconf 79' lang='lat' dir='ltr'>nibiiotiieque</span> <span class='ocrx_word' id='word_1_304' title='bbox 756 3176 928 3214; x_wconf 71' lang='lat' dir='ltr'>Francolse</span> <span class='ocrx_word' id='word_1_305' title='bbox 947 3181 1026 3208; x_wconf 81' lang='lat' dir='ltr'>tom.</span> <span class='ocrx_word' id='word_1_306' title='bbox 1041 3180 1066 3208; x_wconf 82' lang='lat' dir='ltr'>X</span> <span class='ocrx_word' id='word_1_307' title='bbox 1080 3201 1089 3216; x_wconf 89' lang='lat'><strong>‚</strong></span> <span class='ocrx_word' id='word_1_308' title='bbox 1108 3186 1181 3218; x_wconf 80' lang='lat' dir='ltr'>pag.</span> <span class='ocrx_word' id='word_1_309' title='bbox 1201 3177 1272 3211; x_wconf 74' lang='lat'>154.</span> 
     </span>
    </p>

    <p class='ocr_par' dir='ltr' id='par_1_14' title="bbox 462 3217 1292 3268">
     <span class='ocr_line' id='line_1_52' title="bbox 462 3217 1292 3268; baseline 0.018 -22"><span class='ocrx_word' id='word_1_310' title='bbox 462 3217 486 3254; x_wconf 95' lang='grc'>1)</span> <span class='ocrx_word' id='word_1_311' title='bbox 511 3220 736 3260; x_wconf 75' lang='lat' dir='ltr'>bibliotheque</span> <span class='ocrx_word' id='word_1_312' title='bbox 758 3226 932 3263; x_wconf 65' lang='lat' dir='ltr'>Franqoisc</span> <span class='ocrx_word' id='word_1_313' title='bbox 950 3230 1029 3258; x_wconf 84' lang='lat' dir='ltr'>tom.</span> <span class='ocrx_word' id='word_1_314' title='bbox 1047 3229 1086 3257; x_wconf 82' lang='lat' dir='ltr'>xl</span> <span class='ocrx_word' id='word_1_315' title='bbox 1100 3253 1109 3266; x_wconf 81' lang='grc'><strong>,</strong></span> <span class='ocrx_word' id='word_1_316' title='bbox 1126 3236 1199 3268; x_wconf 83' lang='lat' dir='ltr'>pag.</span> <span class='ocrx_word' id='word_1_317' title='bbox 1221 3228 1292 3261; x_wconf 90' lang='grc'><strong>167.</strong></span> 
     </span>
    </p>

    <p class='ocr_par' dir='ltr' id='par_1_15' title="bbox 463 3267 1240 3317">
     <span class='ocr_line' id='line_1_53' title="bbox 463 3267 1240 3317; baseline 0.021 -23"><span class='ocrx_word' id='word_1_318' title='bbox 463 3267 615 3299; x_wconf 63' lang='lat' dir='ltr'>(facture</span> <span class='ocrx_word' id='word_1_319' title='bbox 635 3272 823 3312; x_wconf 69' lang='lat' dir='ltr'>Zeieuriyen</span> <span class='ocrx_word' id='word_1_320' title='bbox 843 3278 877 3305; x_wconf 75' lang='grc' dir='ltr'>Α.</span> <span class='ocrx_word' id='word_1_321' title='bbox 899 3274 977 3305; x_wconf 70' lang='grc'><strong>1728</strong></span> <span class='ocrx_word' id='word_1_322' title='bbox 997 3285 1070 3316; x_wconf 84' lang='lat' dir='ltr'>pag.</span> <span class='ocrx_word' id='word_1_323' title='bbox 1095 3286 1168 3317; x_wconf 76' lang='lat' dir='ltr'>pag.</span> <span class='ocrx_word' id='word_1_324' title='bbox 1187 3278 1240 3312; x_wconf 72' lang='lat'>74.</span> 
     </span>
    </p>

    <p class='ocr_par' dir='ltr' id='par_1_16' title="bbox 463 3316 1195 3366">
     <span class='ocr_line' id='line_1_54' title="bbox 463 3316 1195 3366; baseline 0.018 -20"><span class='ocrx_word' id='word_1_325' title='bbox 463 3316 495 3354; x_wconf 61' lang='lat' dir='ltr'>k„</span> <span class='ocrx_word' id='word_1_326' title='bbox 522 3318 613 3349; x_wconf 66' lang='lat' dir='ltr'>Mem.</span> <span class='ocrx_word' id='word_1_327' title='bbox 635 3319 672 3351; x_wconf 74' lang='lat' dir='ltr'>de</span> <span class='ocrx_word' id='word_1_328' title='bbox 691 3324 838 3355; x_wconf 72' lang='lat' dir='ltr'>Trevoux</span> <span class='ocrx_word' id='word_1_329' title='bbox 855 3328 890 3356; x_wconf 70' lang='lat' dir='ltr'>A.</span> <span class='ocrx_word' id='word_1_330' title='bbox 908 3324 987 3357; x_wconf 66' lang='lat'>1724</span> <span class='ocrx_word' id='word_1_331' title='bbox 1011 3335 1085 3366; x_wconf 85' lang='lat' dir='ltr'>pag.</span> <span class='ocrx_word' id='word_1_332' title='bbox 1105 3326 1195 3359; x_wconf 71' lang='lat'>1450.</span> 
     </span>
    </p>
   </div>
   <div class='ocr_carea' id='block_1_3' title="bbox 1163 212 1642 256">
    <p class='ocr_par' dir='ltr' id='par_1_17' title="bbox 1163 212 1642 256">
     <span class='ocr_line' id='line_1_55' title="bbox 1163 212 1642 256; baseline 0.013 -6"><span class='ocrx_word' id='word_1_333' title='bbox 1163 212 1642 256; x_wconf 84' lang='lat' dir='ltr'>BENEDICTUS</span> 
     </span>
    </p>
   </div>
   <div class='ocr_carea' id='block_1_4' title="bbox 1422 279 2394 3360">
    <p class='ocr_par' dir='ltr' id='par_1_18' title="bbox 1433 279 2380 386">
     <span class='ocr_line' id='line_1_56' title="bbox 1433 279 2380 335; baseline 0.001 -13"><span class='ocrx_word' id='word_1_334' title='bbox 1433 283 1536 323; x_wconf 88' lang='lat' dir='ltr'>dinis</span> <span class='ocrx_word' id='word_1_335' title='bbox 1559 284 1702 324; x_wconf 81' lang='lat' dir='ltr'>Bened.</span> <span class='ocrx_word' id='word_1_336' title='bbox 1740 283 1908 323; x_wconf 87' lang='lat' dir='ltr'>traditur</span> <span class='ocrx_word' id='word_1_337' title='bbox 1930 283 2148 335; x_wconf 89' lang='lat' dir='ltr'>scripsisse,</span> <span class='ocrx_word' id='word_1_338' title='bbox 2174 294 2250 321; x_wconf 89' lang='lat' dir='ltr'>non</span> <span class='ocrx_word' id='word_1_339' title='bbox 2272 279 2380 323; x_wconf 75' lang='grc'><strong>’311113</strong></span> 
     </span>
     <span class='ocr_line' id='line_1_57' title="bbox 1434 345 2001 386; baseline -0.005 -1"><span class='ocrx_word' id='word_1_340' title='bbox 1434 345 1529 385; x_wconf 91' lang='lat' dir='ltr'>mihi</span> <span class='ocrx_word' id='word_1_341' title='bbox 1552 346 1709 386; x_wconf 88' lang='lat' dir='ltr'>videtur</span> <span class='ocrx_word' id='word_1_342' title='bbox 1731 358 1754 385; x_wconf 89' lang='lat' dir='ltr'>a</span> <span class='ocrx_word' id='word_1_343' title='bbox 1776 346 2001 384; x_wconf 87' lang='lat' dir='ltr'>Trithemio.</span> 
     </span>
    </p>

    <p class='ocr_par' dir='ltr' id='par_1_19' title="bbox 1433 406 2387 643">
     <span class='ocr_line' id='line_1_58' title="bbox 1485 406 2387 448; baseline -0.002 0"><span class='ocrx_word' id='word_1_344' title='bbox 1485 407 1677 448; x_wconf 73' lang='lat' dir='ltr'>Rez&#39;nerus</span> <span class='ocrx_word' id='word_1_345' title='bbox 1692 408 1905 447; x_wconf 84' lang='lat' dir='ltr'>Monachus</span> <span class='ocrx_word' id='word_1_346' title='bbox 1929 408 1966 447; x_wconf 90' lang='lat' dir='ltr'>S.</span> <span class='ocrx_word' id='word_1_347' title='bbox 1986 409 2182 447; x_wconf 85' lang='lat' dir='ltr'>Laurentii</span> <span class='ocrx_word' id='word_1_348' title='bbox 2199 406 2387 446; x_wconf 84' lang='lat' dir='ltr'>Leodien-</span> 
     </span>
     <span class='ocr_line' id='line_1_59' title="bbox 1433 470 2387 521; baseline -0.003 -11"><span class='ocrx_word' id='word_1_349' title='bbox 1433 473 1504 519; x_wconf 86' lang='lat' dir='ltr'>sis,</span> <span class='ocrx_word' id='word_1_350' title='bbox 1529 473 1583 511; x_wconf 83' lang='lat' dir='ltr'>De</span> <span class='ocrx_word' id='word_1_351' title='bbox 1605 471 1824 510; x_wconf 83' lang='lat' dir='ltr'>illustribus</span> <span class='ocrx_word' id='word_1_352' title='bbox 1839 470 1940 508; x_wconf 72' lang='lat' dir='ltr'>Viris</span> <span class='ocrx_word' id='word_1_353' title='bbox 1958 471 2180 508; x_wconf 86' lang='lat' dir='ltr'>Monasterii</span> <span class='ocrx_word' id='word_1_354' title='bbox 2197 471 2256 509; x_wconf 91' lang='lat' dir='ltr'>sui</span> <span class='ocrx_word' id='word_1_355' title='bbox 2273 470 2387 521; x_wconf 90' lang='lat' dir='ltr'>Ordi-</span> 
     </span>
     <span class='ocr_line' id='line_1_60' title="bbox 1434 529 2387 582; baseline -0.001 -11"><span class='ocrx_word' id='word_1_356' title='bbox 1434 535 1494 572; x_wconf 85' lang='lat' dir='ltr'>nis</span> <span class='ocrx_word' id='word_1_357' title='bbox 1514 533 1759 572; x_wconf 86' lang='lat' dir='ltr'>Benedictini</span> <span class='ocrx_word' id='word_1_358' title='bbox 1789 536 1830 569; x_wconf 78' lang='lat' dir='ltr'>et</span> <span class='ocrx_word' id='word_1_359' title='bbox 1855 529 2071 570; x_wconf 81' lang='lat' dir='ltr'>Guilelmus</span> <span class='ocrx_word' id='word_1_360' title='bbox 2102 530 2387 582; x_wconf 78' lang='lat' dir='ltr'>Gillinyhamus</span> 
     </span>
     <span class='ocr_line' id='line_1_61' title="bbox 1434 593 2281 643; baseline -0.002 -9"><span class='ocrx_word' id='word_1_361' title='bbox 1434 595 1605 643; x_wconf 82' lang='lat' dir='ltr'>Anglus,</span> <span class='ocrx_word' id='word_1_362' title='bbox 1632 606 1707 633; x_wconf 90' lang='lat' dir='ltr'>non</span> <span class='ocrx_word' id='word_1_363' title='bbox 1729 594 1809 632; x_wconf 89' lang='lat' dir='ltr'>noti</span> <span class='ocrx_word' id='word_1_364' title='bbox 1830 593 1925 631; x_wconf 85' lang='lat' dir='ltr'>mihi</span> <span class='ocrx_word' id='word_1_365' title='bbox 1946 593 2020 630; x_wconf 89' lang='lat' dir='ltr'>nisi</span> <span class='ocrx_word' id='word_1_366' title='bbox 2043 604 2092 631; x_wconf 81' lang='lat' dir='ltr'>ex</span> <span class='ocrx_word' id='word_1_367' title='bbox 2117 593 2281 632; x_wconf 83' lang='lat' dir='ltr'>Labbeo.</span> 
     </span>
    </p>

    <p class='ocr_par' dir='ltr' id='par_1_20' title="bbox 1435 655 2390 1008">
     <span class='ocr_line' id='line_1_62' title="bbox 1493 655 2388 705; baseline -0.002 -10"><span class='ocrx_word' id='word_1_368' title='bbox 1493 658 1512 679; x_wconf 62' lang='lat'>³*</span> <span class='ocrx_word' id='word_1_369' title='bbox 1541 657 1638 696; x_wconf 82' lang='lat' dir='ltr'>Vide</span> <span class='ocrx_word' id='word_1_370' title='bbox 1667 657 1729 695; x_wconf 88' lang='lat' dir='ltr'>lib.</span> <span class='ocrx_word' id='word_1_371' title='bbox 1760 657 1881 705; x_wconf 78' lang='lat' dir='ltr'>xvii,</span> <span class='ocrx_word' id='word_1_372' title='bbox 1909 655 1940 694; x_wconf 93' lang='lat' dir='ltr'>V</span> <span class='ocrx_word' id='word_1_373' title='bbox 1969 655 2245 704; x_wconf 79' lang='lat' dir='ltr'>REINERUS3</span> <span class='ocrx_word' id='word_1_374' title='bbox 2269 655 2388 694; x_wconf 84' lang='lat' dir='ltr'>exibi</span> 
     </span>
     <span class='ocr_line' id='line_1_63' title="bbox 1435 716 2387 767; baseline -0.002 -9"><span class='ocrx_word' id='word_1_375' title='bbox 1435 720 1637 758; x_wconf 84' lang='lat' dir='ltr'>annotatis</span> <span class='ocrx_word' id='word_1_376' title='bbox 1668 718 1862 767; x_wconf 78' lang='lat' dir='ltr'>intelliges</span> <span class='ocrx_word' id='word_1_377' title='bbox 1889 718 2103 756; x_wconf 86' lang='lat' dir='ltr'>Reincrum</span> <span class='ocrx_word' id='word_1_378' title='bbox 2130 727 2207 755; x_wconf 88' lang='lat' dir='ltr'>non</span> <span class='ocrx_word' id='word_1_379' title='bbox 2229 716 2387 767; x_wconf 86' lang='lat' dir='ltr'>quidem</span> 
     </span>
     <span class='ocr_line' id='line_1_64' title="bbox 1437 778 2388 830; baseline -0.003 -9"><span class='ocrx_word' id='word_1_380' title='bbox 1437 783 1485 821; x_wconf 86' lang='grc'>(10</span> <span class='ocrx_word' id='word_1_381' title='bbox 1516 782 1614 819; x_wconf 82' lang='lat' dir='ltr'>viris</span> <span class='ocrx_word' id='word_1_382' title='bbox 1644 779 1863 818; x_wconf 85' lang='lat' dir='ltr'>illustribus</span> <span class='ocrx_word' id='word_1_383' title='bbox 1885 778 2150 817; x_wconf 84' lang='lat' dir='ltr'>Benedictinis</span> <span class='ocrx_word' id='word_1_384' title='bbox 2172 780 2388 830; x_wconf 80' lang='lat' dir='ltr'>generatim</span> 
     </span>
     <span class='ocr_line' id='line_1_65' title="bbox 1438 840 2388 894; baseline -0.003 -12"><span class='ocrx_word' id='word_1_385' title='bbox 1438 844 1672 894; x_wconf 70' lang='lat' dir='ltr'>scripsisse,</span> <span class='ocrx_word' id='word_1_386' title='bbox 1697 841 1765 880; x_wconf 86' lang='lat' dir='ltr'>sed</span> <span class='ocrx_word' id='word_1_387' title='bbox 1796 841 1844 879; x_wconf 91' lang='grc'>(10</span> <span class='ocrx_word' id='word_1_388' title='bbox 1873 842 1920 879; x_wconf 90' lang='grc'>113</span> <span class='ocrx_word' id='word_1_389' title='bbox 1955 840 2231 880; x_wconf 89' lang='lat' dir='ltr'>tantummodo</span> <span class='ocrx_word' id='word_1_390' title='bbox 2259 841 2325 891; x_wconf 91' lang='lat' dir='ltr'>qui</span> <span class='ocrx_word' id='word_1_391' title='bbox 2350 841 2388 879; x_wconf 91' lang='lat' dir='ltr'>in</span> 
     </span>
     <span class='ocr_line' id='line_1_66' title="bbox 1438 902 2390 954; baseline -0.003 -9"><span class='ocrx_word' id='word_1_392' title='bbox 1438 917 1509 945; x_wconf 86' lang='grc'><strong>3110</strong></span> <span class='ocrx_word' id='word_1_393' title='bbox 1532 904 1767 943; x_wconf 86' lang='lat' dir='ltr'>monasterio</span> <span class='ocrx_word' id='word_1_394' title='bbox 1788 903 1826 942; x_wconf 88' lang='lat' dir='ltr'>S.</span> <span class='ocrx_word' id='word_1_395' title='bbox 1844 903 2043 942; x_wconf 87' lang='lat' dir='ltr'>Laurentii</span> <span class='ocrx_word' id='word_1_396' title='bbox 2062 902 2290 954; x_wconf 77' lang='lat' dir='ltr'>Leodiensis</span> <span class='ocrx_word' id='word_1_397' title='bbox 2312 903 2390 942; x_wconf 90' lang='lat' dir='ltr'>cla-</span> 
     </span>
     <span class='ocr_line' id='line_1_67' title="bbox 1437 971 1614 1008; baseline -0.011 -1"><span class='ocrx_word' id='word_1_398' title='bbox 1437 971 1614 1008; x_wconf 85' lang='lat' dir='ltr'>ruerunt.</span> 
     </span>
    </p>

    <p class='ocr_par' dir='ltr' id='par_1_21' title="bbox 1435 1026 2390 1132">
     <span class='ocr_line' id='line_1_68' title="bbox 1488 1026 2390 1081; baseline -0.003 -13"><span class='ocrx_word' id='word_1_399' title='bbox 1488 1027 1735 1081; x_wconf 68' lang='lat' dir='ltr'>Simpli&#39;cz&#39;ani</span> <span class='ocrx_word' id='word_1_400' title='bbox 1756 1026 1881 1079; x_wconf 76' lang='lat' dir='ltr'>Gody,</span> <span class='ocrx_word' id='word_1_401' title='bbox 1901 1026 2037 1077; x_wconf 85' lang='lat' dir='ltr'>Elogia</span> <span class='ocrx_word' id='word_1_402' title='bbox 2054 1026 2267 1066; x_wconf 88' lang='lat' dir='ltr'>illustrium</span> <span class='ocrx_word' id='word_1_403' title='bbox 2281 1026 2390 1066; x_wconf 90' lang='lat' dir='ltr'>Viro-</span> 
     </span>
     <span class='ocr_line' id='line_1_69' title="bbox 1435 1089 2274 1132; baseline -0.004 -1"><span class='ocrx_word' id='word_1_404' title='bbox 1435 1105 1523 1132; x_wconf 91' lang='lat' dir='ltr'>rum</span> <span class='ocrx_word' id='word_1_405' title='bbox 1547 1091 1705 1130; x_wconf 83' lang='lat' dir='ltr'>Ordinis</span> <span class='ocrx_word' id='word_1_406' title='bbox 1728 1091 1801 1130; x_wconf 88' lang='lat' dir='ltr'>sui.</span> <span class='ocrx_word' id='word_1_407' title='bbox 1828 1090 1946 1129; x_wconf 83' lang='lat' dir='ltr'>Paris.</span> <span class='ocrx_word' id='word_1_408' title='bbox 1969 1090 2089 1128; x_wconf 83' lang='lat' dir='ltr'>forma</span> <span class='ocrx_word' id='word_1_409' title='bbox 2111 1089 2274 1128; x_wconf 89' lang='lat' dir='ltr'>minore.</span> 
     </span>
    </p>

    <p class='ocr_par' dir='ltr' id='par_1_22' title="bbox 1434 1150 2390 1327">
     <span class='ocr_line' id='line_1_70' title="bbox 1489 1150 2386 1203; baseline -0.006 -9"><span class='ocrx_word' id='word_1_410' title='bbox 1489 1153 1627 1194; x_wconf 78' lang='lat' dir='ltr'>Caroli</span> <span class='ocrx_word' id='word_1_411' title='bbox 1639 1151 1825 1203; x_wconf 69' lang='lat' dir='ltr'>Stenyelz&#39;z‘</span> <span class='ocrx_word' id='word_1_412' title='bbox 1838 1152 2035 1202; x_wconf 79' lang='lat' dir='ltr'>Imagines</span> <span class='ocrx_word' id='word_1_413' title='bbox 2044 1152 2279 1191; x_wconf 88' lang='lat' dir='ltr'>Sanctorum</span> <span class='ocrx_word' id='word_1_414' title='bbox 2295 1150 2386 1190; x_wconf 91' lang='lat' dir='ltr'>Ord.</span> 
     </span>
     <span class='ocr_line' id='line_1_71' title="bbox 1434 1212 2390 1265; baseline -0.005 -10"><span class='ocrx_word' id='word_1_415' title='bbox 1434 1217 1653 1265; x_wconf 75' lang='lat' dir='ltr'>Benedicti,</span> <span class='ocrx_word' id='word_1_416' title='bbox 1677 1215 1821 1255; x_wconf 87' lang='lat' dir='ltr'>tabulis</span> <span class='ocrx_word' id='word_1_417' title='bbox 1844 1214 1978 1254; x_wconf 84' lang='lat' dir='ltr'>aeneis</span> <span class='ocrx_word' id='word_1_418' title='bbox 2001 1224 2225 1265; x_wconf 83' lang='lat' dir='ltr'>expressae,</span> <span class='ocrx_word' id='word_1_419' title='bbox 2246 1212 2390 1252; x_wconf 87' lang='lat' dir='ltr'>additis</span> 
     </span>
     <span class='ocr_line' id='line_1_72' title="bbox 1435 1271 2372 1327; baseline -0.004 -9"><span class='ocrx_word' id='word_1_420' title='bbox 1435 1290 1568 1318; x_wconf 87' lang='lat' dir='ltr'>corum</span> <span class='ocrx_word' id='word_1_421' title='bbox 1590 1279 1736 1325; x_wconf 80' lang='lat' dir='ltr'>elogiis.</span> <span class='ocrx_word' id='word_1_422' title='bbox 1758 1277 1962 1327; x_wconf 84' lang='lat' dir='ltr'>Augustae</span> <span class='ocrx_word' id='word_1_423' title='bbox 1985 1275 2138 1315; x_wconf 90' lang='lat' dir='ltr'>Vindel.</span> <span class='ocrx_word' id='word_1_424' title='bbox 2164 1275 2285 1324; x_wconf 79' lang='grc'><strong>1625,</strong></span> <span class='ocrx_word' id='word_1_425' title='bbox 2307 1271 2372 1314; x_wconf 56' lang='lat'>43⁰</span> 
     </span>
    </p>

    <p class='ocr_par' dir='ltr' id='par_1_23' title="bbox 1433 1336 2391 1630">
     <span class='ocr_line' id='line_1_73' title="bbox 1487 1336 2391 1390; baseline -0.003 -11"><span class='ocrx_word' id='word_1_426' title='bbox 1487 1339 1672 1379; x_wconf 76' lang='lat' dir='ltr'>Eduardi</span> <span class='ocrx_word' id='word_1_427' title='bbox 1692 1339 1877 1388; x_wconf 80' lang='lat' dir='ltr'>Mailzew,</span> <span class='ocrx_word' id='word_1_428' title='bbox 1902 1338 2226 1390; x_wconf 84' lang='lat' dir='ltr'>Congregationis</span> <span class='ocrx_word' id='word_1_429' title='bbox 2258 1336 2391 1390; x_wconf 86' lang='lat' dir='ltr'>Angli-</span> 
     </span>
     <span class='ocr_line' id='line_1_74' title="bbox 1434 1400 2389 1452; baseline -0.005 -9"><span class='ocrx_word' id='word_1_430' title='bbox 1434 1415 1554 1443; x_wconf 84' lang='lat' dir='ltr'>canae</span> <span class='ocrx_word' id='word_1_431' title='bbox 1578 1402 1670 1442; x_wconf 91' lang='lat' dir='ltr'>Ord.</span> <span class='ocrx_word' id='word_1_432' title='bbox 1695 1401 1839 1441; x_wconf 88' lang='lat' dir='ltr'>Bened.</span> <span class='ocrx_word' id='word_1_433' title='bbox 1865 1400 2039 1452; x_wconf 89' lang='lat' dir='ltr'>trophea.</span> <span class='ocrx_word' id='word_1_434' title='bbox 2061 1401 2192 1439; x_wconf 83' lang='lat' dir='ltr'>Remis</span> <span class='ocrx_word' id='word_1_435' title='bbox 2215 1400 2329 1449; x_wconf 83' lang='grc'><strong>1625,</strong></span> <span class='ocrx_word' id='word_1_436' title='bbox 2355 1400 2389 1438; x_wconf 79' lang='lat'>4.</span> 
     </span>
     <span class='ocr_line' id='line_1_75' title="bbox 1434 1461 2390 1517; baseline -0.006 -11"><span class='ocrx_word' id='word_1_437' title='bbox 1434 1466 1510 1506; x_wconf 86' lang='lat' dir='ltr'>Sed</span> <span class='ocrx_word' id='word_1_438' title='bbox 1531 1465 1711 1517; x_wconf 82' lang='lat' dir='ltr'>promissi</span> <span class='ocrx_word' id='word_1_439' title='bbox 1746 1464 1793 1502; x_wconf 89' lang='lat' dir='ltr'>ab</span> <span class='ocrx_word' id='word_1_440' title='bbox 1826 1474 1871 1502; x_wconf 88' lang='lat' dir='ltr'>eo</span> <span class='ocrx_word' id='word_1_441' title='bbox 1907 1462 1956 1501; x_wconf 90' lang='lat' dir='ltr'>de</span> <span class='ocrx_word' id='word_1_442' title='bbox 1985 1463 2101 1501; x_wconf 89' lang='grc'><strong>013113</strong></span> <span class='ocrx_word' id='word_1_443' title='bbox 2133 1461 2390 1513; x_wconf 85' lang='lat' dir='ltr'>scriptoribus</span> 
     </span>
     <span class='ocr_line' id='line_1_76' title="bbox 1433 1524 2389 1577; baseline -0.004 -11"><span class='ocrx_word' id='word_1_444' title='bbox 1433 1527 1697 1568; x_wconf 85' lang='lat' dir='ltr'>Benedictinis</span> <span class='ocrx_word' id='word_1_445' title='bbox 1730 1530 1900 1577; x_wconf 90' lang='lat' dir='ltr'>quatuor</span> <span class='ocrx_word' id='word_1_446' title='bbox 1922 1525 2018 1563; x_wconf 87' lang='lat' dir='ltr'>tomi</span> <span class='ocrx_word' id='word_1_447' title='bbox 2054 1524 2183 1564; x_wconf 88' lang='lat' dir='ltr'>lucem</span> <span class='ocrx_word' id='word_1_448' title='bbox 2213 1534 2290 1562; x_wconf 91' lang='lat' dir='ltr'>non</span> <span class='ocrx_word' id='word_1_449' title='bbox 2330 1525 2389 1562; x_wconf 88' lang='lat' dir='ltr'>vi-</span> 
     </span>
     <span class='ocr_line' id='line_1_77' title="bbox 1434 1591 1590 1630; baseline -0.006 -1"><span class='ocrx_word' id='word_1_450' title='bbox 1434 1591 1590 1630; x_wconf 88' lang='lat' dir='ltr'>derunt.</span> 
     </span>
    </p>

    <p class='ocr_par' dir='ltr' id='par_1_24' title="bbox 1433 1649 2390 1878">
     <span class='ocr_line' id='line_1_78' title="bbox 1486 1649 2386 1701; baseline -0.003 -10"><span class='ocrx_word' id='word_1_451' title='bbox 1486 1654 1529 1691; x_wconf 89' lang='lat' dir='ltr'>In</span> <span class='ocrx_word' id='word_1_452' title='bbox 1554 1655 1594 1691; x_wconf 88' lang='lat' dir='ltr'>B.</span> <span class='ocrx_word' id='word_1_453' title='bbox 1617 1651 1807 1691; x_wconf 86' lang='lat' dir='ltr'>Joachimi</span> <span class='ocrx_word' id='word_1_454' title='bbox 1828 1650 1966 1689; x_wconf 86' lang='lat' dir='ltr'>Felleri</span> <span class='ocrx_word' id='word_1_455' title='bbox 1984 1649 2169 1701; x_wconf 86' lang='lat' dir='ltr'>Catalogo</span> <span class='ocrx_word' id='word_1_456' title='bbox 2187 1649 2386 1689; x_wconf 89' lang='lat' dir='ltr'>MStorum</span> 
     </span>
     <span class='ocr_line' id='line_1_79' title="bbox 1433 1712 2390 1763; baseline -0.003 -10"><span class='ocrx_word' id='word_1_457' title='bbox 1433 1714 1528 1753; x_wconf 87' lang='lat' dir='ltr'>Bibl.</span> <span class='ocrx_word' id='word_1_458' title='bbox 1554 1714 1738 1753; x_wconf 88' lang='lat' dir='ltr'>Paulinae</span> <span class='ocrx_word' id='word_1_459' title='bbox 1765 1712 1999 1763; x_wconf 83' lang='lat' dir='ltr'>Lipsiensis,</span> <span class='ocrx_word' id='word_1_460' title='bbox 2023 1723 2109 1762; x_wconf 85' lang='lat' dir='ltr'>pag.</span> <span class='ocrx_word' id='word_1_461' title='bbox 2137 1712 2224 1750; x_wconf 81' lang='grc'><strong>198.</strong></span> <span class='ocrx_word' id='word_1_462' title='bbox 2242 1713 2390 1750; x_wconf 86' lang='lat' dir='ltr'>Fratris</span> 
     </span>
     <span class='ocr_line' id='line_1_80' title="bbox 1435 1771 2388 1826; baseline -0.003 -11"><span class='ocrx_word' id='word_1_463' title='bbox 1435 1779 1477 1816; x_wconf 94' lang='lat' dir='ltr'>P.</span> <span class='ocrx_word' id='word_1_464' title='bbox 1501 1775 1636 1814; x_wconf 72' lang='lat' dir='ltr'>Boerii</span> <span class='ocrx_word' id='word_1_465' title='bbox 1655 1775 1818 1814; x_wconf 80' lang='lat' dir='ltr'>Abbatis</span> <span class='ocrx_word' id='word_1_466' title='bbox 1839 1776 1878 1813; x_wconf 90' lang='lat' dir='ltr'>S.</span> <span class='ocrx_word' id='word_1_467' title='bbox 1902 1772 2088 1812; x_wconf 82' lang='lat' dir='ltr'>Ammani</span> <span class='ocrx_word' id='word_1_468' title='bbox 2105 1771 2240 1824; x_wconf 73' lang='lat' dir='ltr'>qlossa</span> <span class='ocrx_word' id='word_1_469' title='bbox 2265 1784 2388 1826; x_wconf 79' lang='lat' dir='ltr'>super</span> 
     </span>
     <span class='ocr_line' id='line_1_81' title="bbox 1433 1832 2187 1878; baseline -0.004 -1"><span class='ocrx_word' id='word_1_470' title='bbox 1433 1836 1706 1878; x_wconf 72' lang='lat' dir='ltr'>constitutione</span> <span class='ocrx_word' id='word_1_471' title='bbox 1732 1834 1893 1875; x_wconf 79' lang='lat' dir='ltr'>Ordinis</span> <span class='ocrx_word' id='word_1_472' title='bbox 1915 1835 1954 1875; x_wconf 89' lang='lat' dir='ltr'>S.</span> <span class='ocrx_word' id='word_1_473' title='bbox 1979 1832 2187 1874; x_wconf 80' lang='lat' dir='ltr'>Benedicti.</span> 
     </span>
    </p>

    <p class='ocr_par' dir='ltr' id='par_1_25' title="bbox 1422 1897 2394 3360">
     <span class='ocr_line' id='line_1_82' title="bbox 1491 1897 2394 1949; baseline -0.002 -9"><span class='ocrx_word' id='word_1_474' title='bbox 1491 1903 1533 1940; x_wconf 91' lang='lat' dir='ltr'>ln</span> <span class='ocrx_word' id='word_1_475' title='bbox 1557 1897 1697 1938; x_wconf 88' lang='lat' dir='ltr'>eodem</span> <span class='ocrx_word' id='word_1_476' title='bbox 1721 1898 1905 1948; x_wconf 86' lang='lat' dir='ltr'>Catalogo</span> <span class='ocrx_word' id='word_1_477' title='bbox 1929 1908 2014 1949; x_wconf 87' lang='lat' dir='ltr'>pag.</span> <span class='ocrx_word' id='word_1_478' title='bbox 2040 1897 2128 1937; x_wconf 86' lang='grc'><strong>312.</strong></span> <span class='ocrx_word' id='word_1_479' title='bbox 2152 1898 2300 1938; x_wconf 86' lang='lat' dir='ltr'>Fratris</span> <span class='ocrx_word' id='word_1_480' title='bbox 2323 1899 2394 1938; x_wconf 84' lang='lat' dir='ltr'>Pe-</span> 
     </span>
     <span class='ocr_line' id='line_1_83' title="bbox 1432 1959 2393 2011; baseline -0.002 -9"><span class='ocrx_word' id='word_1_481' title='bbox 1432 1963 1488 2002; x_wconf 81' lang='lat' dir='ltr'>tri</span> <span class='ocrx_word' id='word_1_482' title='bbox 1510 1963 1694 2011; x_wconf 86' lang='lat' dir='ltr'>(fortasse</span> <span class='ocrx_word' id='word_1_483' title='bbox 1719 1960 1850 1999; x_wconf 86' lang='lat' dir='ltr'>fratris</span> <span class='ocrx_word' id='word_1_484' title='bbox 1884 1960 2011 2009; x_wconf 81' lang='lat' dir='ltr'>Magni</span> <span class='ocrx_word' id='word_1_485' title='bbox 2035 1960 2155 2008; x_wconf 87' lang='lat' dir='ltr'>Petri,</span> <span class='ocrx_word' id='word_1_486' title='bbox 2189 1959 2393 2000; x_wconf 87' lang='lat' dir='ltr'>Generalis</span> 
     </span>
     <span class='ocr_line' id='line_1_84' title="bbox 1432 2021 2392 2072; baseline -0.003 -8"><span class='ocrx_word' id='word_1_487' title='bbox 1432 2023 1679 2063; x_wconf 80' lang='lat' dir='ltr'>Confessoris</span> <span class='ocrx_word' id='word_1_488' title='bbox 1695 2021 1918 2060; x_wconf 88' lang='lat' dir='ltr'>Monasterii</span> <span class='ocrx_word' id='word_1_489' title='bbox 1941 2021 2392 2072; x_wconf 84' lang='lat' dir='ltr'>Wazsteniensis,cujus</span> 
     </span>
     <span class='ocr_line' id='line_1_85' title="bbox 1429 2081 2392 2136; baseline -0.002 -12"><span class='ocrx_word' id='word_1_490' title='bbox 1429 2085 1602 2136; x_wconf 79' lang='lat' dir='ltr'>apologia</span> <span class='ocrx_word' id='word_1_491' title='bbox 1618 2095 1686 2134; x_wconf 90' lang='lat' dir='ltr'>pro</span> <span class='ocrx_word' id='word_1_492' title='bbox 1701 2081 2008 2120; x_wconf 86' lang='lat' dir='ltr'>revelationibus</span> <span class='ocrx_word' id='word_1_493' title='bbox 2034 2082 2223 2132; x_wconf 89' lang='lat' dir='ltr'>Brigittae</span> <span class='ocrx_word' id='word_1_494' title='bbox 2243 2094 2392 2122; x_wconf 90' lang='lat' dir='ltr'>memo-</span> 
     </span>
     <span class='ocr_line' id='line_1_86' title="bbox 1426 2142 2392 2197; baseline 0 -12"><span class='ocrx_word' id='word_1_495' title='bbox 1426 2151 1535 2186; x_wconf 87' lang='lat' dir='ltr'>ratur</span> <span class='ocrx_word' id='word_1_496' title='bbox 1550 2158 1634 2196; x_wconf 87' lang='lat' dir='ltr'>pag.</span> <span class='ocrx_word' id='word_1_497' title='bbox 1660 2146 1726 2193; x_wconf 88' lang='lat'>90)</span> <span class='ocrx_word' id='word_1_498' title='bbox 1742 2144 1837 2182; x_wconf 90' lang='lat' dir='ltr'>liber</span> <span class='ocrx_word' id='word_1_499' title='bbox 1853 2142 1991 2183; x_wconf 84' lang='lat' dir='ltr'>Abbati</span> <span class='ocrx_word' id='word_1_500' title='bbox 2008 2144 2079 2182; x_wconf 89' lang='lat' dir='ltr'>Joa</span> <span class='ocrx_word' id='word_1_501' title='bbox 2093 2145 2161 2181; x_wconf 90' lang='lat' dir='ltr'>nni</span> <span class='ocrx_word' id='word_1_502' title='bbox 2178 2145 2392 2197; x_wconf 86' lang='lat' dir='ltr'>inscriptus</span> 
     </span>
     <span class='ocr_line' id='line_1_87' title="bbox 1425 2205 2390 2257; baseline 0.001 -12"><span class='ocrx_word' id='word_1_503' title='bbox 1425 2208 1474 2246; x_wconf 90' lang='lat' dir='ltr'>de</span> <span class='ocrx_word' id='word_1_504' title='bbox 1497 2207 1698 2246; x_wconf 87' lang='lat' dir='ltr'>ordinibus</span> <span class='ocrx_word' id='word_1_505' title='bbox 1721 2205 2000 2244; x_wconf 86' lang='lat' dir='ltr'>Monachorum</span> <span class='ocrx_word' id='word_1_506' title='bbox 2015 2236 2026 2254; x_wconf 81' lang='lat'>,</span> <span class='ocrx_word' id='word_1_507' title='bbox 2051 2208 2092 2243; x_wconf 87' lang='lat' dir='ltr'>et</span> <span class='ocrx_word' id='word_1_508' title='bbox 2121 2207 2324 2257; x_wconf 88' lang='lat' dir='ltr'>speciatim</span> <span class='ocrx_word' id='word_1_509' title='bbox 2341 2207 2390 2246; x_wconf 91' lang='lat' dir='ltr'>de</span> 
     </span>
     <span class='ocr_line' id='line_1_88' title="bbox 1426 2266 2390 2318; baseline 0.001 -10"><span class='ocrx_word' id='word_1_510' title='bbox 1426 2269 1560 2308; x_wconf 89' lang='lat' dir='ltr'>ordine</span> <span class='ocrx_word' id='word_1_511' title='bbox 1581 2269 1619 2308; x_wconf 91' lang='lat' dir='ltr'>S.</span> <span class='ocrx_word' id='word_1_512' title='bbox 1645 2266 1863 2315; x_wconf 85' lang='lat' dir='ltr'>Benedicti,</span> <span class='ocrx_word' id='word_1_513' title='bbox 1889 2271 1930 2305; x_wconf 90' lang='lat' dir='ltr'>et</span> <span class='ocrx_word' id='word_1_514' title='bbox 1952 2267 2000 2305; x_wconf 92' lang='lat' dir='ltr'>de</span> <span class='ocrx_word' id='word_1_515' title='bbox 2044 2267 2120 2306; x_wconf 91' lang='lat' dir='ltr'>illis</span> <span class='ocrx_word' id='word_1_516' title='bbox 2142 2269 2209 2318; x_wconf 87' lang='lat' dir='ltr'>qui</span> <span class='ocrx_word' id='word_1_517' title='bbox 2239 2280 2287 2307; x_wconf 79' lang='lat' dir='ltr'>ex</span> <span class='ocrx_word' id='word_1_518' title='bbox 2317 2269 2390 2309; x_wconf 91' lang='lat' dir='ltr'>hoc</span> 
     </span>
     <span class='ocr_line' id='line_1_89' title="bbox 1426 2330 2389 2380; baseline 0.002 -11"><span class='ocrx_word' id='word_1_519' title='bbox 1426 2331 1571 2369; x_wconf 89' lang='lat' dir='ltr'>Ordine</span> <span class='ocrx_word' id='word_1_520' title='bbox 1592 2330 1819 2379; x_wconf 78' lang='lat' dir='ltr'>Pontifices,</span> <span class='ocrx_word' id='word_1_521' title='bbox 1840 2331 2051 2380; x_wconf 83' lang='lat' dir='ltr'>Martyres,</span> <span class='ocrx_word' id='word_1_522' title='bbox 2079 2331 2326 2370; x_wconf 89' lang='lat' dir='ltr'>Patriarchae</span> <span class='ocrx_word' id='word_1_523' title='bbox 2349 2336 2389 2371; x_wconf 89' lang='lat' dir='ltr'>et</span> 
     </span>
     <span class='ocr_line' id='line_1_90' title="bbox 1427 2391 2391 2447; baseline 0 -15"><span class='ocrx_word' id='word_1_524' title='bbox 1427 2393 1735 2444; x_wconf 81' lang='lat' dir='ltr'>Archiepiscopi,</span> <span class='ocrx_word' id='word_1_525' title='bbox 1761 2391 2010 2443; x_wconf 88' lang='lat' dir='ltr'>Cardinales,</span> <span class='ocrx_word' id='word_1_526' title='bbox 2036 2393 2170 2443; x_wconf 84' lang='lat' dir='ltr'>Legati</span> <span class='ocrx_word' id='word_1_527' title='bbox 2186 2394 2271 2432; x_wconf 90' lang='lat' dir='ltr'>sive</span> <span class='ocrx_word' id='word_1_528' title='bbox 2288 2393 2391 2447; x_wconf 89' lang='lat' dir='ltr'>Apo-</span> 
     </span>
     <span class='ocr_line' id='line_1_91' title="bbox 1428 2454 2389 2506; baseline 0.002 -13"><span class='ocrx_word' id='word_1_529' title='bbox 1428 2455 1552 2493; x_wconf 86' lang='lat' dir='ltr'>stolici</span> <span class='ocrx_word' id='word_1_530' title='bbox 1594 2455 1750 2503; x_wconf 88' lang='lat' dir='ltr'>Nuncii,</span> <span class='ocrx_word' id='word_1_531' title='bbox 1791 2455 1994 2506; x_wconf 89' lang='lat' dir='ltr'>Episcopi,</span> <span class='ocrx_word' id='word_1_532' title='bbox 2037 2454 2131 2494; x_wconf 88' lang='lat' dir='ltr'>clari</span> <span class='ocrx_word' id='word_1_533' title='bbox 2177 2456 2389 2506; x_wconf 86' lang='lat' dir='ltr'>scriptores</span> 
     </span>
     <span class='ocr_line' id='line_1_92' title="bbox 1428 2516 2387 2568; baseline 0.003 -14"><span class='ocrx_word' id='word_1_534' title='bbox 1428 2528 1613 2556; x_wconf 85' lang='lat' dir='ltr'>evasere:</span> <span class='ocrx_word' id='word_1_535' title='bbox 1640 2518 1734 2555; x_wconf 86' lang='lat' dir='ltr'>item</span> <span class='ocrx_word' id='word_1_536' title='bbox 1756 2516 1804 2555; x_wconf 89' lang='grc'>(10</span> <span class='ocrx_word' id='word_1_537' title='bbox 1829 2516 2156 2567; x_wconf 88' lang='lat' dir='ltr'>Imperatoribus,</span> <span class='ocrx_word' id='word_1_538' title='bbox 2191 2517 2387 2568; x_wconf 86' lang='lat' dir='ltr'>Regibus,</span> 
     </span>
     <span class='ocr_line' id='line_1_93' title="bbox 1431 2578 2390 2630; baseline 0.001 -13"><span class='ocrx_word' id='word_1_539' title='bbox 1431 2579 1602 2618; x_wconf 78' lang='lat' dir='ltr'>Ducibus</span> <span class='ocrx_word' id='word_1_540' title='bbox 1622 2583 1661 2617; x_wconf 89' lang='lat' dir='ltr'>et</span> <span class='ocrx_word' id='word_1_541' title='bbox 1685 2578 1953 2630; x_wconf 85' lang='lat' dir='ltr'>l’rincipibuS,</span> <span class='ocrx_word' id='word_1_542' title='bbox 1977 2578 2195 2618; x_wconf 89' lang='lat' dir='ltr'>Comitibus</span> <span class='ocrx_word' id='word_1_543' title='bbox 2214 2583 2254 2618; x_wconf 84' lang='lat' dir='ltr'>et</span> <span class='ocrx_word' id='word_1_544' title='bbox 2276 2579 2390 2618; x_wconf 92' lang='lat' dir='ltr'>Nobi-</span> 
     </span>
     <span class='ocr_line' id='line_1_94' title="bbox 1431 2640 2387 2695; baseline 0.002 -17"><span class='ocrx_word' id='word_1_545' title='bbox 1431 2641 1531 2679; x_wconf 84' lang='lat' dir='ltr'>libus</span> <span class='ocrx_word' id='word_1_546' title='bbox 1560 2641 1625 2691; x_wconf 85' lang='lat' dir='ltr'>qui</span> <span class='ocrx_word' id='word_1_547' title='bbox 1656 2640 1900 2679; x_wconf 88' lang='lat' dir='ltr'>Benedictini</span> <span class='ocrx_word' id='word_1_548' title='bbox 1937 2644 2032 2679; x_wconf 90' lang='lat' dir='ltr'>sunt</span> <span class='ocrx_word' id='word_1_549' title='bbox 2071 2640 2178 2695; x_wconf 81' lang='lat' dir='ltr'>sacti:</span> <span class='ocrx_word' id='word_1_550' title='bbox 2216 2642 2310 2680; x_wconf 89' lang='lat' dir='ltr'>item</span> <span class='ocrx_word' id='word_1_551' title='bbox 2338 2641 2387 2680; x_wconf 91' lang='grc'>(10</span> 
     </span>
     <span class='ocr_line' id='line_1_95' title="bbox 1428 2701 2387 2753; baseline 0.001 -12"><span class='ocrx_word' id='word_1_552' title='bbox 1428 2702 1648 2742; x_wconf 81' lang='lat' dir='ltr'>Abbatissis</span> <span class='ocrx_word' id='word_1_553' title='bbox 1676 2701 1797 2753; x_wconf 87' lang='lat' dir='ltr'>hujus</span> <span class='ocrx_word' id='word_1_554' title='bbox 1821 2702 1979 2741; x_wconf 89' lang='lat' dir='ltr'>Ordinis</span> <span class='ocrx_word' id='word_1_555' title='bbox 2002 2707 2042 2740; x_wconf 91' lang='lat' dir='ltr'>et</span> <span class='ocrx_word' id='word_1_556' title='bbox 2069 2703 2268 2743; x_wconf 89' lang='lat' dir='ltr'>Monachis</span> <span class='ocrx_word' id='word_1_557' title='bbox 2297 2715 2387 2743; x_wconf 88' lang='lat' dir='ltr'>san-</span> 
     </span>
     <span class='ocr_line' id='line_1_96' title="bbox 1427 2764 2385 2816; baseline 0.002 -14"><span class='ocrx_word' id='word_1_558' title='bbox 1427 2766 1524 2814; x_wconf 83' lang='lat' dir='ltr'>ctis,</span> <span class='ocrx_word' id='word_1_559' title='bbox 1549 2769 1589 2804; x_wconf 88' lang='lat' dir='ltr'>et</span> <span class='ocrx_word' id='word_1_560' title='bbox 1611 2765 1784 2815; x_wconf 84' lang='lat' dir='ltr'>denique</span> <span class='ocrx_word' id='word_1_561' title='bbox 1804 2764 1852 2803; x_wconf 88' lang='lat' dir='ltr'>de</span> <span class='ocrx_word' id='word_1_562' title='bbox 1876 2765 2196 2816; x_wconf 88' lang='lat' dir='ltr'>Imperatricibus</span> <span class='ocrx_word' id='word_1_563' title='bbox 2237 2769 2277 2804; x_wconf 87' lang='lat' dir='ltr'>et</span> <span class='ocrx_word' id='word_1_564' title='bbox 2311 2767 2385 2805; x_wconf 85' lang='lat' dir='ltr'>Re.-</span> 
     </span>
     <span class='ocr_line' id='line_1_97' title="bbox 1426 2826 2383 2878; baseline 0.003 -14"><span class='ocrx_word' id='word_1_565' title='bbox 1426 2828 1527 2877; x_wconf 78' lang='lat' dir='ltr'>ginis</span> <span class='ocrx_word' id='word_1_566' title='bbox 1551 2838 1652 2878; x_wconf 87' lang='lat' dir='ltr'>quae</span> <span class='ocrx_word' id='word_1_567' title='bbox 1675 2826 1910 2866; x_wconf 87' lang='lat' dir='ltr'>Abbatissae</span> <span class='ocrx_word' id='word_1_568' title='bbox 1933 2831 1973 2866; x_wconf 86' lang='lat' dir='ltr'>et</span> <span class='ocrx_word' id='word_1_569' title='bbox 1992 2827 2202 2867; x_wconf 86' lang='lat' dir='ltr'>Monachae</span> <span class='ocrx_word' id='word_1_570' title='bbox 2231 2839 2280 2867; x_wconf 83' lang='lat' dir='ltr'>ex</span> <span class='ocrx_word' id='word_1_571' title='bbox 2295 2853 2296 2856; x_wconf 57' lang='lat'><em>=</em></span> <span class='ocrx_word' id='word_1_572' title='bbox 2311 2827 2383 2867; x_wconf 90' lang='lat' dir='ltr'>hoc</span> 
     </span>
     <span class='ocr_line' id='line_1_98' title="bbox 1426 2888 2382 2940; baseline 0 -13"><span class='ocrx_word' id='word_1_573' title='bbox 1426 2889 1560 2928; x_wconf 88' lang='lat' dir='ltr'>ordine</span> <span class='ocrx_word' id='word_1_574' title='bbox 1605 2890 1765 2928; x_wconf 84' lang='lat' dir='ltr'>fuerunt</span> <span class='ocrx_word' id='word_1_575' title='bbox 1807 2889 1923 2928; x_wconf 90' lang='lat' dir='ltr'>Plura</span> <span class='ocrx_word' id='word_1_576' title='bbox 1968 2888 2016 2928; x_wconf 90' lang='lat' dir='ltr'>dc</span> <span class='ocrx_word' id='word_1_577' title='bbox 2064 2889 2137 2929; x_wconf 91' lang='lat' dir='ltr'>hoc</span> <span class='ocrx_word' id='word_1_578' title='bbox 2166 2889 2286 2940; x_wconf 90' lang='lat' dir='ltr'>libro,</span> <span class='ocrx_word' id='word_1_579' title='bbox 2315 2891 2382 2940; x_wconf 91' lang='lat' dir='ltr'>qui</span> 
     </span>
     <span class='ocr_line' id='line_1_99' title="bbox 1424 2950 2384 3001; baseline 0.001 -11"><span class='ocrx_word' id='word_1_580' title='bbox 1424 2950 1596 2990; x_wconf 87' lang='lat' dir='ltr'>Arnoldo</span> <span class='ocrx_word' id='word_1_581' title='bbox 1624 2950 1766 2989; x_wconf 91' lang='lat' dir='ltr'>Wiono</span> <span class='ocrx_word' id='word_1_582' title='bbox 1794 2951 1981 3001; x_wconf 87' lang='lat' dir='ltr'>praeivit,</span> <span class='ocrx_word' id='word_1_583' title='bbox 2006 2950 2099 2990; x_wconf 90' lang='lat' dir='ltr'>vide</span> <span class='ocrx_word' id='word_1_584' title='bbox 2134 2952 2189 2990; x_wconf 90' lang='lat' dir='ltr'>sis</span> <span class='ocrx_word' id='word_1_585' title='bbox 2218 2951 2255 2989; x_wconf 90' lang='lat' dir='ltr'>in</span> <span class='ocrx_word' id='word_1_586' title='bbox 2295 2951 2384 2991; x_wconf 87' lang='lat' dir='ltr'>Dia-</span> 
     </span>
     <span class='ocr_line' id='line_1_100' title="bbox 1425 3010 2381 3064; baseline 0.002 -14"><span class='ocrx_word' id='word_1_587' title='bbox 1425 3015 1479 3052; x_wconf 94' lang='lat' dir='ltr'>rio</span> <span class='ocrx_word' id='word_1_588' title='bbox 1502 3014 1715 3064; x_wconf 87' lang='lat' dir='ltr'>Lipsiensi,</span> <span class='ocrx_word' id='word_1_589' title='bbox 1741 3012 1874 3051; x_wconf 83' lang='lat' dir='ltr'>Neuer</span> <span class='ocrx_word' id='word_1_590' title='bbox 1908 3010 2189 3052; x_wconf 34' lang='lat' dir='ltr'>Bvizcher-Saal</span> <span class='ocrx_word' id='word_1_591' title='bbox 2220 3010 2292 3051; x_wconf 86' lang='lat' dir='ltr'>der</span> <span class='ocrx_word' id='word_1_592' title='bbox 2316 3023 2381 3064; x_wconf 78' lang='grc'>90-</span> 
     </span>
     <span class='ocr_line' id='line_1_101' title="bbox 1425 3072 2380 3124; baseline 0.001 -12"><span class='ocrx_word' id='word_1_593' title='bbox 1425 3074 1573 3113; x_wconf 78' lang='lat' dir='ltr'>lelzrten</span> <span class='ocrx_word' id='word_1_594' title='bbox 1602 3072 1723 3120; x_wconf 84' lang='lat' dir='ltr'>Welt,</span> <span class='ocrx_word' id='word_1_595' title='bbox 1746 3075 1857 3111; x_wconf 91' lang='lat' dir='ltr'>Parte</span> <span class='ocrx_word' id='word_1_596' title='bbox 1881 3073 1969 3111; x_wconf 84' lang='lat' dir='ltr'>XVI</span> <span class='ocrx_word' id='word_1_597' title='bbox 1994 3084 2078 3124; x_wconf 85' lang='lat' dir='ltr'>pag.</span> <span class='ocrx_word' id='word_1_598' title='bbox 2116 3074 2192 3113; x_wconf 86' lang='grc'>238</span> <span class='ocrx_word' id='word_1_599' title='bbox 2222 3073 2286 3113; x_wconf 92' lang='lat' dir='ltr'>ubi</span> <span class='ocrx_word' id='word_1_600' title='bbox 2311 3087 2380 3114; x_wconf 90' lang='lat' dir='ltr'>no-</span> 
     </span>
     <span class='ocr_line' id='line_1_102' title="bbox 1422 3133 2376 3187; baseline 0 -12"><span class='ocrx_word' id='word_1_601' title='bbox 1422 3140 1529 3175; x_wconf 88' lang='lat' dir='ltr'>tatur</span> <span class='ocrx_word' id='word_1_602' title='bbox 1544 3137 1753 3187; x_wconf 86' lang='lat' dir='ltr'>scriptores</span> <span class='ocrx_word' id='word_1_603' title='bbox 1769 3133 2043 3172; x_wconf 88' lang='lat' dir='ltr'>Benedictinos</span> <span class='ocrx_word' id='word_1_604' title='bbox 2058 3134 2106 3173; x_wconf 89' lang='lat' dir='ltr'>ab</span> <span class='ocrx_word' id='word_1_605' title='bbox 2123 3146 2168 3173; x_wconf 86' lang='lat' dir='ltr'>eo</span> <span class='ocrx_word' id='word_1_606' title='bbox 2188 3135 2376 3176; x_wconf 91' lang='lat' dir='ltr'>celebrari</span> 
     </span>
     <span class='ocr_line' id='line_1_103' title="bbox 1423 3195 2377 3247; baseline 0.002 -12"><span class='ocrx_word' id='word_1_607' title='bbox 1423 3199 1620 3237; x_wconf 89' lang='lat' dir='ltr'>LXXXIV</span> <span class='ocrx_word' id='word_1_608' title='bbox 1642 3196 1776 3235; x_wconf 89' lang='lat' dir='ltr'>ordine</span> <span class='ocrx_word' id='word_1_609' title='bbox 1799 3195 2061 3246; x_wconf 88' lang='lat' dir='ltr'>alphabetico,</span> <span class='ocrx_word' id='word_1_610' title='bbox 2077 3197 2247 3247; x_wconf 87' lang='lat' dir='ltr'>primum</span> <span class='ocrx_word' id='word_1_611' title='bbox 2269 3196 2377 3237; x_wconf 90' lang='lat' dir='ltr'>Albi-</span> 
     </span>
     <span class='ocr_line' id='line_1_104' title="bbox 1422 3256 2373 3307; baseline 0.003 -10"><span class='ocrx_word' id='word_1_612' title='bbox 1422 3271 1517 3298; x_wconf 88' lang='lat' dir='ltr'>num</span> <span class='ocrx_word' id='word_1_613' title='bbox 1534 3258 1762 3306; x_wconf 83' lang='lat' dir='ltr'>Alcuinum,</span> <span class='ocrx_word' id='word_1_614' title='bbox 1779 3261 1898 3307; x_wconf 86' lang='lat' dir='ltr'>atque</span> <span class='ocrx_word' id='word_1_615' title='bbox 1920 3256 2080 3296; x_wconf 88' lang='lat' dir='ltr'>ultimos</span> <span class='ocrx_word' id='word_1_616' title='bbox 2097 3258 2373 3300; x_wconf 87' lang='lat' dir='ltr'>Willeramum</span> 
     </span>
     <span class='ocr_line' id='line_1_105' title="bbox 1423 3318 2017 3360; baseline -0.005 0"><span class='ocrx_word' id='word_1_617' title='bbox 1423 3321 1660 3360; x_wconf 85' lang='lat' dir='ltr'>Fuldensem</span> <span class='ocrx_word' id='word_1_618' title='bbox 1684 3325 1723 3360; x_wconf 89' lang='lat' dir='ltr'>et</span> <span class='ocrx_word' id='word_1_619' title='bbox 1747 3318 2017 3360; x_wconf 82' lang='lat' dir='ltr'>wilhelmum.</span> 
     </span>
    </p>
   </div>
  </div>
 </body>
</html>
