2500 3841
814 208 1446 253 BARTllOLOMAEUS

193 283 618 329 BARTIIOLOMAEUS
652 281 700 322 de
734 281 983 333 Breyantiis,
1011 283 1096 320 sive

140 346 390 400 Brayautiis,
414 346 530 394 infra,
554 345 799 383 vicentinus.

184 406 605 449 BARTHOLOMAEUS
627 406 764 455 Brem,
788 405 941 456 Anglus
964 404 1090 442 Philo-

131 470 298 521 sophus,
323 469 470 520 Cangio
511 471 630 506 notus
666 479 688 506 e
725 468 873 514 Pitseo,
898 467 964 515 qui
994 465 1090 502 nihil

130 531 219 582 ejus
242 532 317 569 nisi
341 528 595 579 Quaestiones
616 527 781 580 Loyicas
795 529 1090 573 commemorat,

132 605 263 643 neque
285 592 400 630 docet
420 590 468 630 de
492 595 635 629 aetate.

184 652 605 693 BARTHOLOMAEUS
626 649 876 697 Brioeiensis‚
899 650 1023 688 JCtus
1051 651 1091 686 ct

130 716 239 755 Juris
261 715 446 754 Canonici
471 714 673 752 Professor
694 713 840 751 charus
865 713 903 750 S.
920 710 1093 749 Domini-

130 788 195 826 co,
219 781 260 816 et
281 774 386 827 apud
416 776 650 826 Gregorium
670 776 725 812 lx
745 775 960 824 gratiosus,
985 772 1088 810 diem

131 838 226 877 obiit
246 836 321 876 An.
348 837 450 876 ⁴250
472 837 615 875 aetatis
655 836 704 874 84
744 837 901 886 scripsit
927 832 1092 874 Chroni-

131 910 204 938 con
220 898 268 938 de
294 897 466 938 Urbibus
488 897 648 947 Italiae,
668 898 800 936 Brixia
823 897 1031 948 praecipue
1047 905 1093 933 ac

130 963 341 1012 Bergamo,
356 961 405 999 de
425 971 504 1011 quo
528 959 726 998 videndus
742 959 924 997 Vossius:
941 959 1094 1006 praete-

133 1035 200 1062 rea
224 1022 386 1062 Glossas
402 1021 443 1061 in
457 1023 668 1060 Decretum
692 1018 893 1066 Gratiani,
909 1017 1096 1067 supplen-

130 1084 192 1123 dis
214 1084 357 1136 glossis
379 1085 543 1122 Joannis
566 1083 773 1129 Semecae,
795 1080 955 1119 Parisiis
990 1077 1086 1117 4584

133 1145 196 1184 sol.
230 1149 271 1183 et
292 1143 558 1196 Apparatum,
584 1155 657 1182 seu
687 1138 1024 1181 Commentarium
1053 1139 1091 1176 in

129 1206 163 1245 V
183 1205 302 1244 libros
323 1205 582 1244 decretalium
605 1204 798 1254 Gregorii,
838 1203 878 1240 in
921 1202 1091 1251 Corpore

127 1268 237 1307 Juris
260 1267 464 1314 Canonici,
491 1267 638 1304 Romae
664 1265 766 1304 4582
784 1262 965 1314 Lugduni
989 1262 1090 1301 4584

129 1329 288 1367 Parisiis
316 1328 418 1367 4642
443 1327 505 1366 fol.
530 1325 632 1376 Ejus
655 1325 800 1364 inedita
825 1324 899 1362 alia
935 1323 984 1363 ab
1013 1323 1093 1361 Ou-

129 1389 221 1427 dino
242 1392 338 1427 tom.
360 1389 413 1427 111
429 1399 516 1439 pag.
542 1388 593 1427 92
613 1399 696 1437 seq.
721 1391 761 1425 et
782 1386 886 1437 apud
904 1385 1093 1424 Hendrei-

127 1450 263 1489 chium
286 1461 372 1500 pag.
400 1450 475 1487 436
499 1460 582 1499 seq.
610 1448 825 1487 laudantur
843 1446 1092 1485 Brocardiea

132 1511 174 1550 in
194 1512 294 1549 Jure
314 1510 522 1550 Canonico.
541 1512 707 1549 Summa
725 1507 878 1561 duplex
893 1508 1095 1558 Quaestio-

130 1583 227 1610 num
261 1571 555 1610 dominicalium
591 1576 632 1609 et
673 1572 896 1610 venalium:
927 1572 1093 1610 Summa

130 1633 257 1673 JurisL
280 1631 522 1685 Reformatio
545 1631 665 1672 Libri
689 1631 850 1672 Ordinis
864 1631 1091 1681 Judiciarii,

129 1698 293 1734 auctore
317 1693 528 1733 Taneredo.
568 1693 665 1733 Inde
693 1694 969 1733 emendandus
994 1694 1092 1732 Lab-

129 1756 229 1795 beus
256 1767 343 1806 pag.
369 1756 447 1795 347
469 1755 734 1794 Bibliothecae
755 1766 881 1793 novae
897 1756 1006 1793 MSS.
1024 1755 1091 1794 ubi

130 1815 326 1867 Mayistro
345 1816 376 1854 T
371 1815 572 1855 ranclerio
588 1827 783 1855 excusum
799 1827 869 1866 pro
883 1814 1093 1854 TancredO.

185 1878 206 1900 *
213 1878 344 1918 Casus
361 1881 605 1917 secretorum
619 1889 697 1915 non
713 1877 874 1927 quidem
895 1878 958 1916 ille
975 1879 1098 1927 scrip-

136 1941 188 1978 sit
225 1940 359 1978 sedin
391 1939 534 1978 melius
572 1940 820 1986 reformavit,
856 1950 948 1977 cum
983 1943 1099 1978 antea

137 2003 382 2052 compositus
423 2001 565 2039 fuisset
605 2011 627 2039 a
664 2001 894 2039 Benincasa.
930 1999 1099 2039 Eiudem

141 2063 406 2101 summarium
443 2063 529 2099 sive
552 2061 828 2112 Repertorium
851 2061 937 2099 libri
960 2062 1103 2099 Decre-

537 2122 630 2162 Cod.
662 2123 814 2162 CCLlX
856 2123 1102 2162 Taurinensi.

134 2129 266 2162 torum
302 2127 414 2161 extat
457 2123 496 2160 in

132 2184 256 2223 Index
279 2183 400 2224 Codd.
420 2184 528 2223 MSS.
555 2184 706 2222 Taurin
732 2184 787 2232 11,
811 2182 875 2222 77.

184 2245 608 2285 BARTHOLOMAEUS
649 2245 945 2296 Capovacensis
960 2277 971 2295 ‚
1012 2247 1098 2285 sive

140 2307 408 2358 Capuae-eus,
425 2308 640 2346 Patavinus
653 2308 671 2344 J
678 2308 798 2355 Ctus,
814 2308 917 2345 circa
936 2307 1098 2346 Annum

136 2369 237 2408 4358
256 2368 489 2413 defunctus,
504 2367 620 2418 cujus
636 2370 880 2419 Responsum
896 2368 1094 2407 adversus

131 2429 371 2468 Richardum
393 2429 655 2468 Malumbram
674 2431 778 2468 inter
796 2429 903 2468 Baldi
926 2431 1097 2469 Consilia

131 2491 286 2530 Volum.
307 2491 330 2528 3
355 2491 500 2530 Consil.
523 2491 598 2529 449
619 2490 754 2530 laudat
779 2492 964 2530 Nicolaus
982 2492 1098 2530 Com-

135 2562 264 2591 nenus
287 2551 517 2601 Papadopoli
533 2554 627 2588 tom.
653 2553 668 2590 1
688 2552 895 2602 Gymnasii
918 2553 1097 2590 Patavini

134 2624 220 2663 pag.
252 2612 339 2650 498.

186 2671 606 2712 BARTHOLOMAEUS
652 2672 954 2712 Carthasiensis
984 2675 1090 2712 l‘rior

135 2737 174 2774 in
210 2734 470 2773 Ruremunda
494 2733 674 2772 Geldriae
697 2734 854 2784 oppido,
880 2733 1093 2773 defunctus

134 2796 249 2836 Anno
271 2796 374 2835 4446
397 2795 446 2833 de
469 2807 547 2846 quo
585 2795 870 2834 llcndreichius
899 2807 984 2846 pag.
1018 2796 1094 2836 437

132 2862 173 2897 et
191 2857 392 2896 Arnoldus
411 2858 568 2895 Bostius
590 2867 674 2906 cap.
692 2856 754 2895 23.
773 2857 840 2905 qui
856 2856 992 2894 laudat
1006 2857 1093 2907 ejus

133 2919 339 2958 Summam
371 2916 577 2963 vitiorum,
602 2917 745 2955 librum
769 2915 816 2954 de
838 2916 1028 2955 exercitio
1058 2921 1096 2956 et

133 2979 305 3018 materia
330 2978 490 3018 Ordinis
517 2989 565 3016 ae
593 2977 831 3015 Deuotionis:
863 2979 1090 3017 Tractatum

134 3039 181 3079 de
203 3051 274 3079 esu
295 3039 479 3078 carnium
495 3039 695 3078 Benedicti
713 3039 886 3089 regulam
905 3040 1091 3088 professis

133 3101 342 3152 prohibito}
364 3103 420 3141 De
443 3099 824 3153 proclamationibus
858 3099 1092 3151 capitulari-

139 3160 231 3201 bus:
255 3164 312 3202 De
325 3165 555 3216 juramento
579 3167 618 3201 et
635 3166 734 3201 voto.

190 3224 210 3246 ³*
231 3225 305 3264 Vix
328 3227 450 3265 alium
473 3227 522 3264 ab
546 3226 618 3264 hoc
642 3236 730 3264 esse
754 3223 870 3263 credo
890 3223 1092 3262 Bartholo-

140 3295 298 3326 maeum
323 3287 434 3327 illum
459 3287 806 3335 carthusiensem,
828 3286 941 3325 cuius
969 3286 1091 3336 scrip-

2043 205 2119 245 165

1162 285 1247 320 tum
1267 291 1336 331 pro
1359 279 1597 318 authoritate
1615 276 1780 317 Concilii
1822 287 1943 327 supra
1971 274 2118 325 Papam

1162 342 1236 392 legi
1262 343 1300 379 in
1325 340 1467 380 Codice
1490 340 1755 379 Bibliothecae
1783 339 2000 378 Caesareae
2028 337 2122 374 Vin-

1161 402 1399 440 dobonensis
1424 403 1463 439 in
1483 413 1561 451 quo
1586 404 1843 440 monumenta
1882 399 1995 449 plura
2018 397 2122 435 Con-

1161 464 1236 501 cilii
1263 463 1362 501 illios
1385 464 1650 501 continentur.
1676 462 1719 500 In
1740 461 1817 499 line
1852 460 1987 510 scripti
2017 459 2121 497 illius

1163 523 1326 574 legitur:
1363 522 1543 574 Eaeplieit
1585 525 1779 562 tractatus
1812 532 1891 572 per
1925 518 2121 572 quendam

1163 584 1400 635 Reliyiosum
1434 583 1609 635 fratrem
1648 583 1742 622 Orci.
1782 579 2118 627 Carthusiensis;

1164 650 1251 684 tum
1274 644 1383 683 addit.
1404 645 1480 683 alia
1505 655 1648 682 manus
1681 655 1807 694 aeque
1830 645 1994 693 antiqua
2016 640 2123 681 vide-

1163 705 1254 744 lieet
1267 717 1346 756 per
1373 704 1610 754 Magnarum
1649 704 1994 742 Bartholomaeum
2013 704 2118 741 Doct.

1167 768 1198 804 T
1195 766 1390 816 heoloqiae
1409 765 1498 804 olim
1522 768 1714 804 rectorem
1733 765 1865 804 Studii
1885 763 2122 816 Heydelber-

1173 827 1312 866 sensis.
1345 828 1568 878 Scriptum:
1608 826 1737 865 Victus
1774 825 1963 864 modestia
2006 826 2123 877 impe-

1163 888 1304 926 rantis.

1219 949 1638 989 BARTHOLOMAEUS
1684 947 1956 989 Climiaeensis
1992 948 2122 986 Abbas

1164 1011 1214 1049 ab
1234 1010 1350 1049 Anno
1381 1011 1483 1051 4328
1506 1011 1555 1050 ad
1581 1012 1681 1051 4230
1717 1012 1883 1061 Scripsit
1911 1008 2121 1062 Speculum

1165 1071 1446 1111 claustralium
1467 1085 1515 1112 ex
1536 1072 1652 1112 dictis
1676 1073 1744 1111 SS.
1765 1072 1958 1123 Gregorii,
1988 1071 2124 1120 Augu-

1165 1134 1282 1183 stini,
1312 1133 1525 1182 Ambrosii,
1563 1135 1811 1184 Hieronymi,
1849 1133 2054 1183 Origenis‚
2084 1135 2124 1168 et

1164 1195 1349 1244 aliorum,
1376 1197 1461 1234 sive
1484 1197 1695 1235 Sermones
1719 1207 1788 1246 per
1808 1199 1934 1232 totum
1964 1193 2123 1231 Annum

1164 1256 1213 1295 de
1238 1262 1431 1308 tempore,
1453 1269 1498 1296 ac
1535 1257 1584 1296 de
1611 1258 1767 1296 Sanctis
1790 1260 1831 1295 et
1853 1256 1902 1294 de
1925 1254 2125 1292 communi

1165 1318 1342 1357 Sanctor.
1368 1319 1465 1358 Vide
1491 1319 1649 1365 librum,
1674 1320 1832 1368 Voyage
1856 1316 2060 1355 Litteraire
2077 1314 2125 1352 dc

1164 1379 1269 1418 deux
1292 1380 1495 1430 Religieux
1510 1380 1764 1419 Benedictins
1779 1384 1877 1416 tom.
1895 1379 1927 1416 41
1946 1388 2031 1428 pag.
2049 1375 2124 1414 408

1167 1445 1208 1479 et
1230 1441 1434 1480 Oudinum
1458 1446 1552 1480 tom.
1578 1443 1630 1479 444
1651 1453 1688 1491 p.
1715 1442 1775 1479 45.

1217 1501 1571 1541 BARTHOLOMAE
1579 1503 1638 1541 US
1648 1499 2024 1550 Colorzz'e11.sis,cujus
2038 1503 2129 1550 poi}-

1165 1567 1276 1602 mata
1300 1563 1496 1614 quaedam
1521 1566 1660 1602 Latina
1679 1564 1786 1602 MSS.
1811 1568 1968 1601 exstare
1998 1563 2036 1599 in
2066 1561 2128 1598 Bi-

1163 1625 1360 1664 bliotheca
1383 1626 1575 1665 Caesarea
1614 1629 1785 1664 testatur
1808 1624 2041 1662 Lambecius
2069 1626 2127 1659 to-

1167 1698 1231 1725 mo
1256 1688 1289 1725 ΙΙ
1313 1698 1399 1738 pag.
1425 1688 1514 1727 984.
1541 1688 1648 1727 Vixit
1670 1689 1773 1726 circa
1795 1686 1870 1725 An.
1910 1685 2010 1725 ⁴500
2036 1684 2125 1723 vide

1168 1748 1488 1803 Hendreichium.

1220 1809 1640 1849 BARTHOLOMAEUS
1654 1809 1701 1849 de
1715 1811 1754 1850 S.
1775 1809 2006 1856 Concordio,
2021 1808 2127 1846 Pisa-

1170 1882 1248 1909 nus
1283 1871 1376 1910 Ord.
1406 1871 1742 1919 Praedicatorum,
1786 1883 1832 1910 ac
1866 1873 2123 1910 Decretorum

1170 1933 1327 1982 Doctor,
1351 1932 1466 1984 cujus
1488 1934 1654 1973 Summa
1672 1944 1839 1972 casuum
1867 1930 2125 1971 conscientiae

1171 1994 1394 2033 secundum
1408 1995 1675 2046 Alphabetum
1694 1995 1872 2033 ordinata
1891 1998 1930 2031 et
1946 1993 2126 2031 absoluta

1172 2056 1273 2093 Pisis
1300 2055 1375 2094 An.
1414 2057 1516 2095 4338
1544 2061 1676 2095 exstat
1698 2057 1776 2094 MS.
1801 2057 1839 2093 in
1862 2055 1958 2093 Bibl.
1988 2053 2126 2102 templi

1174 2118 1319 2156 Petrini
1343 2116 1464 2167 hujus
1481 2118 1595 2157 Urbis
1614 2118 1939 2166 Hamburgensis,
1958 2120 2001 2154 ut
2018 2120 2128 2152 nota-

1173 2180 1231 2217 vit
1254 2181 1296 2218 B.
1318 2180 1592 2231 Staphorstius
1616 2184 1751 2218 noster
1782 2184 1888 2217 tomo
1909 2179 1960 2216 444
1983 2179 2126 2216 Hister.

1170 2243 1312 2284 Eccles
1326 2244 1612 2294 Hamburgens.
1634 2255 1719 2294 pag.
1740 2243 1830 2282 292.
1847 2243 1949 2281 llaec
1971 2252 2128 2280 summa

1172 2305 1220 2343 ab
1240 2316 1285 2343 eo
1309 2304 1413 2344 dicta
1427 2303 1672 2352 Bartlzolina,
1691 2302 2029 2347 vclPisaneIlaaet
2043 2303 2129 2341 Ma-

1166 2368 1403 2420 9istruceia,
1429 2369 1514 2407 sine¹
1534 2369 1624 2406 anni
1652 2372 1741 2405 nota
1765 2372 1804 2404 et
1828 2366 2017 2416 temporis
2040 2375 2128 2414 pro-

1171 2432 1242 2469 diit
1261 2430 1336 2469 sub
1355 2435 1516 2480 tempus
1533 2429 1859 2468 incunabulorum
1876 2425 2128 2476 typographi—

1169 2504 1234 2539 ae,
1263 2503 1308 2530 30
1333 2491 1474 2529 deinde
1504 2492 1660 2529 Parisiis
1699 2490 1800 2529 4470
1831 2491 1966 2527 Venet.
2001 2488 2125 2535 4476,

1171 2554 1286 2600 4484,
1312 2553 1426 2591 4483.
1450 2552 1644 2601 Reutling.
1664 2551 1764 2590 4484
1782 2549 1983 2588 Mediolani
2010 2550 2023 2587 4
2038 2549 2123 2586 494.

1168 2616 1318 2652 Januae
1343 2614 1427 2650 sive
1452 2613 1613 2650 Genuae
1651 2613 1736 2649 sine
1772 2621 1893 2657 ann0,
1926 2614 1965 2646 et
2002 2608 2123 2658 Lugd.

1171 2676 1284 2714 4549.
1309 2673 1405 2712 Vide
1425 2675 1505 2712 Jac.
1531 2673 1674 2718 Quctif.
1696 2676 1801 2709 tomo
1825 2672 1837 2708 4
1862 2681 1946 2720 pag.
1966 2671 2041 2708 623
2058 2671 2123 2709 ubi

1168 2737 1286 2777 etiam
1312 2734 1360 2772 de
1381 2735 1591 2772 Codicibus
1611 2733 1717 2771 MSS.
1756 2733 1791 2769 in
1828 2733 1948 2769 variis
1985 2733 2125 2770 Biblio-

1167 2799 1242 2844 cis,
1263 2796 1311 2835 de
1333 2797 1514 2833 versione
1552 2795 1785 2844 llispanica,
1816 2797 1855 2830 et
1884 2792 1932 2830 de
1967 2795 2124 2844 supple-

1166 2863 1300 2897 mento
1314 2856 1470 2896 Nicolai
1480 2854 1705 2894 Auoeimani
1717 2853 1850 2892 Ordin.
1867 2855 2001 2892 Minor.
2018 2865 2124 2892 com—

1165 2921 1291 2970 posito
1314 2919 1518 2957 Mediolani
1543 2917 1588 2956 A.
1618 2917 1716 2955 4444
1741 2921 1779 2954 et
1812 2927 1901 2954 cum
1929 2916 1990 2953 illa
2015 2926 2123 2953 sum-

1165 2992 1229 3019 ma
1251 2980 1354 3019 edito
1379 2981 1514 3018 Venet.
1540 2980 1661 3026 4484,
1690 2979 1723 3015 4.
1749 2979 1863 3017 Notat
1895 2988 2052 3026 quoque
2084 2978 2122 3014 in

1165 3052 1364 3080 summam
1388 3039 1631 3090 slngyelicain,
1667 3039 1714 3077 de
1747 3051 1823 3089 qua
1858 3049 1976 3088 supra
2006 3050 2040 3088 p.
2072 3039 2122 3077 95

1164 3103 1213 3141 ab
1241 3106 1401 3140 auctore
1423 3112 1495 3140 suo
1520 3101 1669 3151 Angelo
1707 3100 1755 3137 de
1780 3101 1961 3138 (ΠΜ-3540
1997 3100 2124 3138 Casus

1164 3174 1303 3202 omnes
1330 3174 1379 3200 cx
1405 3163 1595 3201 l‘isanella
1636 3163 1754 3200 fuisso
1790 3162 1927 3199 illatos.
1959 3162 2122 3200 Caetera

1163 3226 1308 3274 scripta
1332 3224 1615 3261 Bartliolomaei
1642 3223 1760 3272 liujus
1782 3228 1898 3262 sunt:
1924 3224 1980 3261 De
2004 3221 2122 3261 ‹loen-

1160 3285 1297 3325 mentis
1321 3285 1585 3337 antiquorum.
1612 3286 1776 3323 Tan-visit
1809 3289 1903 3327 4604
1923 3317 1929 3335 ,
1955 3286 1990 3323 8.
2012 3290 2118 3323 etex
