2500 4009
360 235 439 273 310

358 309 618 359 scriptoribus
642 306 877 344 Germaniae
916 314 1003 354 cap.
1030 304 1120 342 282.
1150 303 1219 354 Qui
1244 315 1325 342 me-

361 376 486 408 niorat
500 369 587 420 ejus
609 371 776 407 Carmen
798 365 1016 414 elegiacum
1040 364 1087 403 de
1107 364 1224 404 laude
1241 367 1316 404 Pa-

360 430 463 469 triae
491 441 598 468 suae.
622 439 781 466 carmen
810 425 857 463 de
881 425 1026 464 annulo
1050 424 1128 464 sibi
1148 425 1317 476 donato,

359 492 657 543 Epi'yrammata
681 493 720 525 ct
741 485 954 538 Epistulas.

417 549 672 589 Theodericus
694 547 746 586 ab
771 549 1228 601 ENGELHL'SEx-siva
1243 550 1322 588 En-

355 613 556 664 yelliusins
574 612 878 657 liinbeccensis,
895 623 945 650 ex
973 613 1171 651 Canonico
1192 612 1323 652 Hilde-

357 676 571 713 sneimensi
597 674 809 723 Presbyter
834 676 1062 714 monasterii
1089 677 1124 713 in
1160 676 1192 723 a)
1225 676 1306 713 Wit

357 736 557 779 tenborch,
573 736 788 775 defunctus
808 736 881 776 An.
899 738 1012 778 1430.
1033 739 1191 789 scripsit
1202 737 1325 777 Chro-

357 797 778 838 ›iicon-Chronicomm
801 801 963 839 minime
985 799 1324 839 contemnendum

355 861 404 899 ab
423 861 526 900 Orbe
549 860 708 899 condito
731 861 779 900 ad
801 861 964 900 Annum
991 863 1107 902 iti-20.
1125 861 1231 912 quod
1252 863 1329 913 pri—

358 934 448 962 mus
462 928 549 973 post
566 923 721 962 Basiliis
733 924 1125 971 Joannislleroldi‚et
1141 924 1326 963 (iuilelnii

356 984 523 1031 Budaei‚
546 985 681 1024 Medici
719 986 1064 1025 llalberstadensis
1104 989 1325 1036 intercepta

354 1047 531 1094 consilia,
555 1047 589 1094 bs
618 1050 654 1086 in
678 1049 806 1087 lucem
841 1048 964 1087 edidit
1001 1049 1234 1088 Joachimus
1263 1049 1327 1086 Jo-

356 1108 509 1148 hanncs
528 1109 723 1157 Maderus,
745 1121 794 1148 ex
813 1110 874 1148 lV.
892 1110 999 1149 MSS.
1018 1111 1171 1149 llclmst
1209 1110 1324 1150 1671.

360 1173 393 1209 4.
417 1172 614 1222 Excerpta
638 1172 833 1221 quaedam
859 1172 1038 1211 ediderat
1076 1174 1112 1211 in
1145 1173 1328 1223 Antiqui-

356 1236 506 1273 tatibus
545 1235 939 1284 Brunsvicensibus‚
966 1235 1109 1274 ibidem
1145 1237 1259 1275 1661.
1293 1237 1326 1274 1.

358 1295 466 1335 Ideni
492 1296 716 1335 Chronicon
739 1298 996 1338 emendatum
1019 1302 1059 1336 et
1082 1298 1130 1336 ab
1154 1297 1328 1337 Auctore

356 1360 636 1398 continuatum
666 1359 715 1398 ad
748 1359 910 1400 Annum
952 1361 1068 1400 4433.
1107 1362 1252 1411 legitur
1291 1363 1327 1399 in

357 1427 464 1459 tomo
488 1432 554 1460 sec
566 1421 674 1460 undo
695 1424 936 1474 scriptorum
974 1425 1330 1463 Brunsvicensium

359 1485 524 1523 illustris
545 1484 726 1523 Leibnitii
746 1497 833 1537 pag.
855 1485 944 1524 977.
968 1497 1051 1536 seq.
1070 1487 1123 1524 De
1139 1484 1329 1526 Matthiae

359 1546 613 1585 DOERINGH
640 1548 939 1587 continuatione
959 1548 1008 1587 ab
1030 1549 1103 1587 An.
1137 1548 1253 1588 4420.
1280 1547 1328 1586 ad

361 1610 477 1649 1464.
493 1614 533 1647 et
548 1609 913 1660 alteriusiThomae
931 1610 1061 1649 forsan
1077 1610 1325 1658 WERNERl)

358 1671 406 1709 ad
432 1672 593 1710 Annum
614 1672 728 1710 1497.
748 1671 830 1710 dixi
855 1683 975 1723 supra
1000 1683 1086 1723 pag.
1107 1673 1195 1711 449.
1218 1671 1327 1710 Idem

359 1734 631 1783 Engelhusius
655 1734 826 1773 traditur
858 1735 1197 1774 Commentarium
1234 1735 1331 1773 scri-

359 1798 488 1846 psisse
511 1795 549 1833 ιίι
574 1795 764 1844 psalmos,
786 1801 827 1835 et
856 1796 1167 1836 ls'ocabularium
1191 1796 1240 1835 ab
1259 1807 1329 1835 au-

359 1863 469 1896 ctore
495 1857 742 1907 Enyelliusen
773 1859 940 1907 dictum,
970 1860 1075 1910 quod
1114 1861 1323 1898 Brunsvici

360 1922 396 1957 in
422 1920 631 1959 Codicibus
650 1921 760 1960 aedis
784 1920 1092 1961 San-Blasianae
1116 1925 1323 1960 servatum

361 1985 514 2021 notavit
530 1984 624 2022 Rev.
649 1984 854 2035 Philippus
876 1985 952 2023 Jul.
973 1985 1268 2033 Rehtmeyerus
1286 1985 1323 2021 in

361 2045 677 2095 Antiquitatibus
702 2046 1066 2085 Brunsvicensibus
1089 2046 1325 2084 Germanice

362 2106 490 2153 editis,
515 2107 731 2157 appendice
756 2108 804 2146 ad
830 2113 982 2146 tomum
1010 2109 1042 2154 1,
1068 2118 1156 2158 pag.
1173 2108 1235 2146 81.
1252 2117 1325 2144 300

365 2179 440 2205 non
467 2167 691 2207 Chronicon
726 2168 1009 2220 Erforcliense,
1035 2168 1083 2206 de
1108 2179 1187 2217 quo
1213 2168 1324 2206 infra.

363 2230 444 2266 Non
478 2229 597 2267 audet
624 2230 808 2269 laudatus
834 2231 1052 2269 Leibnitius
1082 2228 1326 2279 Engelhusio

366 2290 538 2328 tribuere
577 2291 714 2329 poesin
753 2293 908 2330 Ducum
943 2290 1298 2329 Brunsvz’censium
1315 2324 1325 2339 ,

365 2354 450 2390 sive
476 2358 614 2403 poi‘rna
644 2353 692 2391 de
732 2355 906 2393 Ducibus
939 2353 1326 2401 Brunsvicensibus‚

365 2415 468 2463 quod
494 2416 686 2465 allegatur
710 2417 785 2455 sub
807 2417 933 2455 111310.
952 2415 1220 2461 THEODORl,
1242 2417 1328 2453 sivo

365 2478 670 2517 'sllfionomffl
697 2480 846 2518 LONGl
873 2477 918 2516 cle
940 2474 1150 2515 Einbeclfe.
1169 2478 1265 2515 Nam
1286 2480 1330 2515 ut

365 2539 682 2590 distinguendos,
724 2543 876 2591 inquit,
892 2540 1097 2592 judicem,
1123 2538 1223 2590 facit
1253 2550 1329 2577 non

367 2605 530 2647 tuntum,
553 2603 660 2653 quod
682 2602 927 2650 Memmius,
958 2604 990 2650 c)
1026 2601 1152 2640 editor
1171 2606 1331 2651 poema-

375 2664 424 2702 tis
449 2664 592 2703 leonini
608 2665 654 2704 (le
673 2665 871 2714 Saoeom'a,
900 2664 1120 2703 Tidericum
1141 2662 1331 2714 Lanyz'um

371 2726 455 2774 ejus
494 2731 720 2775 auctorem,
755 2728 999 2767 Canonicum
1019 2726 1329 2766 Gosslaroensem

367 2792 402 2823 et
427 2788 727 2829 Einbeccensem
750 2795 878 2837 vocat.
903 2789 973 2829 sed
992 2793 1038 2837 et,
1057 2788 1163 2840 quod
1186 2789 1226 2826 in
1240 2793 1331 2839 pott-

369 2854 468 2888 mate
488 2852 593 2889 inter
611 2853 818 2892 Saoeoniae
839 2852 1029 2904 dynastas
1044 2851 1175 2889 adhuc
1196 2851 1331 2900 υιῃση-

368 2915 434 2955 tes,
456 2913 647 2963 quosdam
672 2919 873 2964 recenset,
897 2913 1006 2952 velut
1041 2911 1329 2964 Homburycos.

366 2984 433 3021 quev
462 2974 696 3025 Enqellcuse'o
714 2976 875 3026 florente
893 2977 983 3027 jam
1004 2974 1173 3013 emine-ti
1199 2978 1328 3012 erant.

425 3113 456 3140 a·
481 3113 558 3144 Vide
583 3116 760 3147 Rus-chium
785 3116 872 3156 apud
898 3117 1040 3148 Loibnit.
1060 3121 1140 3148 toni.
1160 3119 1179 3147 :2
1195 3119 1336 3148 Brunsv.

366 3169 441 3198 pag.
466 3163 539 3192 ›ii-e.

426 3211 459 3248 b)
487 3211 573 3242 blein
598 3214 735 3252 praefat.
760 3215 798 3245 nd
824 3219 963 3247 'tornum
998 3218 1029 3249 ⁶2.
1054 3227 1128 3257 pag.
1154 3218 1206 3250 54.
1233 3222 1334 3257 atque

370 3268 404 3289 *x
431 3268 468 3289 eo
493 3261 642 3291 (nunnus
667 3268 747 3294 lom.
772 3266 790 3295 Γ)
814 3274 876 3304 pag
916 3265 1008 3297 ²:512.
1035 3276 1107 3307 seq,

430 3312 580 3385 el'smn.
607 3313 613 3339 Ι
642 3315 844 3351 scriptorum
870 3324 980 3346 rerum
1009 3320 1284 3349 Germanicarum
1307 3327 1339 3357 p.

370 3360 465 3386 miii-8
491 3362 518 3387 2',

1094 232 1601 272 ENGELIIUSEN

1389 303 1669 354 Genealogiam
1693 304 1856 344 brevem
1895 309 2049 348 Ducum
2089 311 2358 349 Brunsvicen-

1390 366 1495 403 sium
1519 365 1764 416 Engelhusio
1785 373 1946 408 auctore
1962 370 2066 409 idem
2087 371 2251 410 exhibet
2274 373 2360 411 Lei-

1392 426 1544 465 bnitius
1566 431 1661 466 tom.
1685 428 1727 476 2,
1759 439 1846 480 pag.
1872 431 1935 469 20.
1957 442 2041 483 seq.
2068 432 2243 472 Indicem
2267 433 2364 472 scri-

1391 494 1550 539 ptorum
1571 519 1579 532 .
1604 490 1750 540 quibus
1783 492 2056 543 Engelhusius
2089 497 2127 534 in
2167 495 2363 536 Chronico

1393 556 1455 589 est
1468 563 1577 601 usus,
1595 552 1762 592 hocloco
1778 555 2098 597 interserendum
2113 557 2359 597 existimavi:

1451 672 1666 723 Cataloyus
1689 672 1957 724 Scriptorum,
1980 687 2152 727 quorum
2178 679 2362 718 Testimo-

1551 734 1630 774 niis
1652 734 1691 772 in
1718 734 1912 774 Chronico
1933 746 2004 775 suo
2028 749 2128 778 usus
2152 744 2210 779 est

1693 797 2076 840 ENGELHUSIUS.

1458 919 1705 958 Ambrosius.

1457 981 1709 1020 Aristotele-s.

1455 1044 1707 1093 Augustinus
1727 1044 1776 1082 de
1801 1045 1973 1085 civitate
1993 1045 2076 1084 Dei.

1453 1106 1631 1145 Aureum
1669 1106 1906 1158 speculuum
1939 1108 1983 1147 D.
2026 1107 2178 1148 Alberti
2222 1111 2367 1162 Engel-

1400 1168 1558 1215 scbalc,
1583 1169 1767 1221 Theologi
1793 1170 2042 1210 parisiensis.
2070 1171 2127 1210 De
2147 1182 2193 1210 eo
2219 1171 2369 1212 Auctor

1403 1231 1478 1270 sub
1506 1232 1693 1282 Gregorio
1718 1231 1804 1271 Xll.

1456 1293 1582 1333 Bedae
1602 1298 1715 1345 gesta
1739 1294 1973 1345 Anglorum.

1457 1359 1494 1395 S.
1520 1356 1793 1397 BernharduS.

1455 1419 1657 1458 Boethius.

1457 1483 1668 1522 Caesarius
1693 1481 2074 1532 (lleisterbacensis.)

1457 1545 1628 1584 Caldrini
1654 1546 1942 1596 Repertorium.

1457 1607 1654 1647 Chronica
1675 1609 1922 1648 Martiniana.
1945 1609 2111 1658 (Martini
2130 1607 2288 1656 Poloni.)

1458 1671 1651 1710 Chronica
1676 1672 1945 1710 Trevirorum.

1459 1735 1652 1772 Chronica
1674 1734 1898 1774 Slavorum.

1457 1797 1680 1835 Chronicon
1700 1796 1967 1835 Goslariense.

1452 1859 1676 1897 Chronicon
1703 1858 1844 1897 Caroli.

1453 1922 1675 1961 Chronicon
1701 1921 1740 1960 S.
1765 1920 1967 1959 Michaelis
1991 1920 2030 1958 in
2055 1919 2313 1959 llildesheim.

1453 1984 1676 2023 Chronicon
1712 1982 2160 2033 Amelungsbornense‚
2195 1982 2362 2021 citatum

1401 2057 1519 2096 saepe
1540 2045 1672 2083 littera
1692 2044 1737 2082 A.
1760 2044 1904 2082 solum.

1455 2107 1712 2146 Claudianus.

1455 2170 1609 2218 Corpus
1631 2170 1739 2207 Juris
1757 2169 1908 2208 Canon.

1454 2231 1611 2269 Damasi
1648 2230 1871 2270 Chronicon
1906 2229 2175 2268 Romanorum
2208 2229 2367 2268 Pontili-

1402 2304 1507 2333 cum.

1455 2356 1692 2406 Egesippus.

1455 2417 1717 2468 Epiphanius.

1456 2481 1658 2532 Epistolae
1681 2481 1899 2519 variorum.

1455 2543 1666 2594 Epitaphia
1690 2544 1817 2582 varia.

1458 2605 1660 2645 Estadius.
1684 2606 1851 2655 Citatur,
1877 2604 1942 2644 ubi
1967 2603 2016 2642 de
2035 2602 2183 2653 Phaleg
2197 2605 2237 2641 et
2256 2602 2369 2640 Jano.

1457 2669 1618 2708 Eusebii
1643 2669 1813 2707 Historia
1832 2666 2129 2707 Ecclesiastica.

1459 2734 1793 2781 lixtravagantes.

1458 2794 1666 2845 Freculphi
1686 2793 1895 2832 Chronica.

1457 2856 1643 2897 Gaufredi
1669 2855 1863 2896 Chronica
1887 2854 2109 2893 Britonum.

1460 2918 1703 2958 Gennadius.

1459 2982 1600 3021 Glossa
1623 2983 1642 3019 J
1651 2981 1732 3020 3115
1756 2980 1906 3020 Canon.

1459 3044 1637 3082 Gobelini
1656 3045 1852 3082 Personae
1877 3037 2220 3082 Cosmodromion.
2244 3035 2300 3074 De
2323 3044 2369 3072 eo

1405 3106 1554 3145 Auctor
1575 3105 1649 3144 sub
1674 3105 1906 3145 Innocentio
1931 3101 1994 3142 VI.

1459 3168 1664 3206 Gotfridus
1683 3165 1959 3206 viterbiensis.

1458 3231 1634 3280 Gregorii
1659 3229 1820 3279 Dialogi.

1460 3293 1675 3341 Gregorius
1699 3289 1957 3329 Turonensis.

1461 3353 1677 3391 (lualterns
1706 3352 1753 3390 de
1776 3352 1860 3390 Vita
1887 3347 2114 3389 Alexandri.
