2500 4009
347 264 570 309 secundum
590 259 805 301 essentiam
830 254 915 290 sive
933 247 1158 287 substantia
1183 247 1309 295 ipsam

349 335 482 373 actus,
505 327 547 365 sit
568 325 616 363 ab
637 324 743 372 ipsa,
764 322 804 354 et
828 325 849 352 a
872 311 974 352 DEO
1003 307 1177 349 eundem
1209 307 1313 358 pari-

351 398 413 430 ter
434 390 633 437 congente.
658 382 693 428 e)

407 454 466 491 ⁴5.
489 446 598 494 Quod
615 442 745 481 omnis
769 443 883 478 actus
902 434 1123 474 voluntatis
1142 435 1312 481 creatae,

352 511 572 553 seeundum
583 504 800 545 essentiam
810 502 896 539 sive
907 496 1174 537 substantiam
1186 495 1311 544 ipsam

353 581 481 615 actus,
507 571 549 609 tit
570 569 618 607 ab
643 569 751 617 ipsa,
776 569 815 601 et
839 575 862 601 a
884 559 986 600 DEO
1010 557 1184 597 eundem
1213 554 1316 606 pari-

354 643 413 675 ter
437 630 689 676 immediate,
710 638 781 679 per
802 636 844 663 se
868 628 906 662 et
931 621 1088 673 proprie
1107 620 1314 668 coagente,

355 708 432 736 non
458 698 616 733 tantum
638 689 838 730 mediante.
862 685 995 733 coelo,
1020 681 1227 720 influentia
1253 689 1318 729 ge-

354 758 502 805 nerali,
526 753 707 804 objecto,
733 750 796 788 vel
835 749 965 797 aliquo
999 746 1073 785 alio
1109 744 1252 790 simili,
1278 745 1318 779 et

354 832 426 872 per
455 817 578 864 illud3
604 825 734 864 neque
769 812 835 850 tali
868 805 1146 848 tantummodo
1177 805 1321 854 impro-

357 883 440 934 pria
463 880 640 925 ratione,
665 887 744 926 qua
772 873 906 913 DEL‘S
935 871 1182 910 voluntatem
1213 876 1323 913 crea-

355 949 464 990 tam,
496 951 597 990 quae
628 939 747 976 efficit
778 940 911 974 aetum
943 933 1078 977 illum,
1119 930 1211 967 fecit
1251 931 1321 965 aut

358 1008 494 1044 servat
513 1033 520 1050 ,
542 1013 618 1039 non
645 999 832 1045 destruit,
854 995 918 1034 vel
944 1006 1020 1032 non
1044 990 1208 1042 impedit
1225 1021 1233 1039 ,
1250 988 1320 1028 sed

358 1078 448 1106 esse
467 1070 505 1103 et
527 1062 677 1114 operari
696 1060 892 1111 permittit
909 1087 916 1105 ,
938 1060 1007 1095 aut
1025 1055 1118 1104 quia
1142 1051 1324 1103 prohibet

366 1131 493 1179 ipsam
519 1126 566 1164 ab
589 1124 676 1162 aliis
696 1120 889 1171 impediri.

417 1190 477 1228 lss.
503 1185 614 1233 Quod
638 1182 956 1234 quandocunque
980 1177 1114 1216 DEL'S
1137 1180 1178 1214 et
1215 1185 1325 1213 erea-

364 1258 452 1291 tura
490 1247 690 1287 rationalis
728 1243 955 1282 coefficiunt
985 1239 1153 1278 liberum
1189 1241 1323 1276 aetum

365 1324 483 1352 suum
503 1343 510 1358 ,
534 1309 664 1349 DEUS
703 1307 814 1357 prius
852 1302 1088 1342 naturaliter
1112 1302 1191 1352 agit
1215 1300 1327 1338 illum

365 1385 485 1426 quam
502 1374 605 1423 ipsa,
629 1371 655 1417 f)
677 1375 716 1407 et
739 1366 844 1418 quod
861 1366 1049 1404 voluntas
1063 1365 1204 1402 Divina
1221 1374 1333 1413 prac-

367 1436 471 1475 cedit
499 1433 730 1473 naturaliter
755 1433 792 1468 in
814 1428 991 1480 agendo,
1013 1431 1055 1466 ut
1079 1426 1271 1473 Domina,
1291 1429 1331 1462 et

365 1502 497 1545 ereata
519 1498 644 1548 ipsam
673 1493 933 1543 subsequitur
967 1488 1135 1528 naturali
1157 1487 1329 1535 ordinis,

367 1565 413 1598 ut
430 1559 583 1598 ancilla.

425 1622 486 1660 ⁴7.
508 1620 620 1667 Quod
641 1620 779 1659 DEUM
803 1615 1027 1669 praevelle,
1049 1613 1087 1652 id
1111 1617 1173 1651 est
1192 1642 1200 1660 ,
1220 1612 1331 1662 prius

372 1683 606 1722 naturaliter
625 1682 744 1728 velle,
767 1692 838 1718 seu
858 1679 968 1730 prius
992 1675 1245 1715 aeternaliter
1265 1684 1334 1710 vo-

372 1746 495 1784 luisse
519 1744 591 1782 hoc
616 1744 678 1781 vel
705 1741 797 1780 illud
823 1749 1013 1791 praesens
1037 1737 1100 1775 vel
1126 1736 1331 1781 futurum,

374 1817 445 1844 nec
483 1811 543 1844 est
579 1816 651 1843 nec
677 1805 748 1842 fuit
778 1805 816 1840 in
858 1801 979 1839 libera
1009 1796 1334 1836 contradictionis

372 1868 543 1906 hominis
566 1870 773 1917 potestate.
799 1865 847 1915 g)

426 1930 488 1968 48.
511 1928 623 1974 Quod
641 1938 761 1966 eausa
782 1926 909 1977 prima
924 1955 934 1973 ,
962 1934 1033 1962 seu
1057 1921 1244 1960 voluntas
1271 1919 1337 1958 Di-

373 1994 492 2042 vina,
524 2002 600 2029 non
630 1994 693 2028 est
729 1990 764 2026 in
787 1998 908 2027 causa
932 1985 1161 2037 posterioris
1191 1982 1231 2031 li)
1263 1992 1335 2020 seu

374 2055 594 2092 voluntatis
616 2056 772 2090 creatae
796 2050 916 2088 libera
941 2050 1151 2098 potestate.

430 2116 493 2154 ⁴9.
518 2114 628 2160 Quod
651 2115 772 2163 gratia
791 2141 798 2159 ,
819 2122 898 2160 qua
919 2109 1148 2155 salvamur,
1173 2106 1291 2144 datur
1313 2116 1333 2143 a

378 2176 480 2215 ΠΕΟ
503 2176 624 2225 gratis
653 2174 904 2223 simpliciter,
935 2181 1007 2208 nec
1041 2169 1171 2218 aliquo
1196 2167 1337 2205 merito

378 2238 537 2289 praevio
574 2246 716 2286 magno
757 2234 821 2272 vel
864 2242 1012 2284 parvo,
1037 2229 1230 2279 condigno
1271 2227 1336 2266 vel

379 2310 553 2349 congruo
575 2301 838 2348 comparatur.

434 2362 484 2400 20
506 2360 618 2406 Quod
647 2360 834 2399 voluntas
857 2359 998 2397 Divina
1026 2357 1051 2406 i)
1081 2366 1157 2394 non
1184 2357 1245 2392 est
1271 2353 1344 2390 im-

435 2457 469 2497 e)
490 2459 679 2489 Necessario
701 2455 879 2488 dicendum
903 2452 993 2485 atiud
1017 2460 1088 2484 esse
1111 2459 1236 2490 egem,
1261 2450 1350 2490 quod

376 2513 509 2548 propter
531 2509 698 2538 actionem
719 2505 858 2538 liberam
875 2529 884 2541 ‚
909 2510 1064 2543 quaeque
1089 2505 1219 2542 poterat
1243 2506 1274 2532 ct
1299 2502 1352 2533 de-

374 2559 474 2589 bebat
496 2556 538 2587 ab
561 2565 599 2587 eo
624 2557 759 2594 omitti,
783 2556 880 2595 punit
904 2556 1002 2585 nEth
1018 2579 1028 2592 ‚
1052 2557 1085 2584 et
1111 2553 1221 2585 alium
1244 2561 1350 2594 agen-

374 2614 441 2639 tem
464 2610 572 2646 ipsum
595 2607 715 2636 DEUM.

436 2657 462 2694 F)
486 2659 552 2687 noc
580 2655 716 2695 perinde
738 2659 788 2686 est
811 2663 848 2686 ac
873 2655 898 2685 si
924 2653 1071 2685 dicerem
1089 2654 1197 2686 aerem
1214 2676 1223 2691 ‚
1247 2661 1347 2693 quem

377 2706 467 2745 §rs-ro
482 2730 491 2743 ,
510 2707 600 2745 prius
625 2705 707 2736 haec
729 2703 874 2735 scribere
896 2711 996 2742 quam
1021 2711 1073 2734 me
1087 2728 1096 2737 ,
1111 2704 1168 2742 qui
1194 2705 1257 2734 ista
1282 2711 1348 2734 non

379 2755 582 2794 impediente
603 2754 680 2786 aere
705 2758 854 2793 poteram
872 2755 973 2784 etiam
999 2761 1065 2784 non
1087 2752 1254 2784 seribere:
1272 2756 1349 2783 tan-

379 2810 450 2835 tum
472 2804 565 2836 abest
590 2809 626 2835 ut
650 2806 683 2835 in
709 2803 804 2835 malis
826 2802 1018 2834 actionibus
1041 2802 1138 2833 homo
1169 2802 1220 2834 vel
1252 2811 1352 2842 ange-

380 2854 443 2890 lus,
457 2858 624 2893 quatenus
639 2853 744 2884 malae
760 2857 791 2883 et
809 2860 828 2883 a
845 2854 924 2882 Ι)Εο
949 2852 1138 2891 prohibitae
1154 2857 1245 2891 sunt,
1268 2855 1349 2884 DEO

380 2907 416 2933 ut
437 2905 576 2934 Domino
599 2903 738 2942 obsequi
762 2905 805 2933 sit
831 2901 1010 2933 dicenduS.

441 2952 474 2990 g)
493 2953 590 2982 ΗΕΒ-8
605 2951 710 2982 voluit
729 2951 855 2982 bomini
873 2953 1065 2990 permittere
1081 2953 1254 2983 actionum
1271 2961 1351 2985 sua·

384 3009 458 3032 rum
491 3001 655 3032 deiectum
671 3024 681 3038 ‚
705 3000 768 3032 hoc
791 3003 841 3032 est
866 3000 1055 3032 facultatem
1094 3003 1248 3034 movendi
1279 3011 1351 3034 sese

384 3051 416 3079 in
447 3055 572 3088 partem
597 3052 780 3081 utramvis:
805 3050 861 3081 sed
886 3050 927 3080 ad
951 3051 1072 3082 malam
1107 3059 1147 3083 ac
1177 3053 1351 3084 sinistram

384 3101 507 3130 moveri
529 3108 604 3130 eum
633 3109 699 3131 non
724 3101 971 3132 determinavit.

443 3147 480 3186 li)
502 3151 600 3188 Atqui
622 3150 744 3180 diserte
765 3151 921 3181 Ctlristus
943 3150 1058 3182 Matth,
1073 3152 1188 3192 ΧΧΙΙΙ,
1205 3151 1247 3183 57
1264 3159 1351 3192 quo-

388 3196 452 3225 ties
474 3198 596 3230 votui?
620 3203 651 3231 et
677 3199 838 3231 noluisti.

448 3244 474 3282 i)
498 3246 667 3284 Absoluta,
694 3249 792 3280 nuliis
817 3248 982 3289 descripta
1007 3249 1270 3285 conditionibus.
1289 3250 1349 3284 Sed

390 3293 428 3323 «ie
453 3292 675 3325 conditionata
698 3298 771 3329 vide
794 3301 910 3329 sereni.
937 3301 1041 3332 XXt't.

1038 166 1658 215 BRADWARDINUS

1383 239 1579 291 pedibilis,
1601 236 1671 276 sed
1702 234 1984 274 universaliter
2011 233 2153 272 efficax
2184 233 2222 270 in
2251 241 2347 270 cau-

1384 301 1520 341 sando.
2239 303 2251 315 ¹

1439 365 1504 404 21.
1527 360 1640 409 Quod
1664 360 1711 400 ad
1737 359 1830 410 hoe,
1854 358 1960 409 quod
1992 357 2179 396 voluntas
2206 356 2350 396 Divina

1387 429 1439 466 sit
1459 423 1741 465 infrustrabilis
1765 426 1805 460 et
1828 420 2056 458 necessaria
2079 420 2119 456 in
2148 417 2351 457 causando

1386 491 1572 539 respectu
1592 495 1756 524 suorum
1772 482 1987 521 effectuum
2004 479 2352 531 quorumcunque,

1387 555 1425 590 et
1457 556 1791 600 quarumcunque
1819 544 2086 595 posteriorum
2110 552 2324 580 causarum
2342 570 2352 589 ‚

1388 621 1608 660 omnesque
1639 610 1700 647 sui
1732 608 1899 646 effeetus
1929 606 2010 642 sint
2046 605 2261 643 necessarii
2296 615 2358 642 re-

1391 678 1533 726 spectu
1563 672 1695 718 illius,
1727 668 1876 708 sufficit
1904 665 2010 716 quod
2039 666 2125 716 ipsa
2154 667 2207 704 sit
2235 677 2358 705 causa

1391 738 1518 789 prima
1550 732 1799 778 naturaliter,
1831 733 1872 768 et
1909 730 1949 766 in
1989 727 2138 766 nullius
2165 728 2356 775 alteriu5‚

1396 797 1649 837 nullarumve
1669 794 1836 832 aliarum
1859 793 2082 841 potestate,
2099 800 2177 828 non
2196 789 2363 846 impedi-

1395 861 1500 907 bilis,
1530 862 1569 896 et
1595 854 1878 896 universaliter
1901 852 2043 891 efficax
2068 852 2107 889 in
2132 852 2347 891 causando.

1449 922 1501 961 ⁶22
1515 918 1628 966 Quod
1645 916 1918 955 necessarium
1934 917 2013 962 est,
2030 913 2071 963 k)
2088 914 2229 953 DEUM
2246 926 2364 954 mun-

1395 984 1490 1022 dum
1515 990 1691 1026 creasse,
1718 979 1970 1016 incarnatum
1995 975 2135 1024 fuisse,
2160 975 2365 1015 hominem

1397 1044 1634 1092 redemisse,
1659 1045 1699 1080 et
1734 1039 1875 1079 DEUM
1899 1037 1973 1076 hoc
2007 1037 2135 1087 velle,
2160 1048 2206 1076 ac
2242 1039 2365 1077 etiam

1399 1107 1590 1146 voluisse.

1451 1170 1514 1208 ⁶23.
1535 1166 1648 1214 Quod
1671 1177 1765 1205 cum
1799 1165 1933 1204 futura
1957 1163 2232 1214 contingentia
2263 1162 2366 1202 fiunt
2394 1211 2396 1213 ‚

1398 1230 1647 1283 praesentia,
1672 1232 1741 1267 aut
1766 1229 1804 1266 in
1829 1227 2090 1278 praeteritum
2111 1224 2367 1275 dilabuntur,

1405 1294 1586 1333 voluntas
1607 1291 1742 1329 divina
1764 1294 1951 1340 respectu
1975 1288 2132 1327 illorum
2162 1299 2240 1326 non
2266 1287 2372 1327 desi-

1406 1357 1464 1394 nit
1487 1365 1577 1393 esse
1595 1353 1719 1391 libera
1742 1352 1872 1402 aliqua
1898 1351 2106 1399 libertate,
2138 1361 2212 1390 seu
2238 1350 2371 1401 aliquo

1407 1417 1521 1456 modo
1555 1416 1749 1454 libertatis
1788 1415 2058 1464 intrinsecus,
2086 1424 2166 1463 qua
2197 1413 2263 1452 vel
2293 1425 2372 1465 quo

1404 1480 1515 1532 prius
1539 1479 1667 1517 suerat
1686 1477 1807 1516 libera
1826 1507 1834 1526 ,
1853 1487 1927 1514 nec
1948 1476 2086 1527 incipit
2114 1485 2205 1514 esse
2234 1487 2376 1515 neces-

1406 1543 1508 1581 saria
1531 1541 1664 1591 aliqua
1700 1539 1943 1578 necessitate
1972 1538 2151 1589 opposita
2185 1542 2375 1589 respectu

1406 1606 1597 1656 ipsorum.

1464 1667 1514 1705 ⁶24
1536 1665 1647 1712 Quod
1672 1664 1860 1704 voluntas
1882 1662 2018 1702 divina
2042 1673 2202 1714 semper
2224 1667 2288 1702 est
2310 1675 2377 1703 ae-

1409 1740 1486 1779 que
1510 1728 1659 1778 libera,
1684 1738 1756 1765 seu
1780 1736 1906 1776 aeque
1938 1726 2166 1764 necessaria
2188 1729 2377 1777 respectu

1407 1789 1686 1840 cujuscunque
1717 1789 1777 1827 sui
1807 1786 1976 1838 objecti,
2001 1790 2042 1825 et
2070 1785 2289 1838 cujuslibet
2317 1788 2377 1826 in-

1410 1853 1573 1890 trinseci
1594 1855 1710 1890 aetus
1735 1851 1808 1888 sui.

1463 1915 1525 1954 25.
1551 1913 1663 1960 Quod
1706 1913 1980 1951 necessarium
2000 1916 2079 1962 est,
2111 1912 2253 1952 DEUM
2274 1913 2377 1951 scire

1410 1977 1459 2017 de
1479 1976 1656 2028 qualibet
1680 1987 1722 2014 re
1745 1975 1971 2026 praesenti,
1993 1975 2120 2025 ipsam
2143 1985 2234 2013 esse
2251 2003 2260 2024 ,
2277 1975 2378 2014 scire

1411 2050 1569 2090 quoque
1592 2042 1713 2088 atque
1737 2037 1905 2076 scivisse
1924 2035 1973 2074 de
2002 2036 2180 2086 qualibet
2198 2047 2242 2075 re
2265 2047 2378 2087 prae-

1409 2102 1526 2140 terita
1544 2130 1552 2149 ,
1574 2101 1700 2150 ipsam
1722 2099 1857 2143 fuisse.

1464 2163 1527 2202 26.
1557 2161 1670 2207 Quod
1699 2171 1792 2199 cum
1814 2160 1947 2200 futura
1984 2161 2256 2212 contingentia
2276 2161 2378 2201 fiunt

1411 2224 1652 2276 praesentia,
1676 2223 1714 2259 in
1736 2222 2049 2272 praeteritumve
2069 2226 2377 2271 transcurrunt,

1414 2285 1580 2325 seientia
1602 2285 1688 2324 DEI
1728 2287 1915 2334 respectu
1939 2283 2096 2323 illorum
2121 2295 2199 2322 non
2233 2283 2381 2324 desinit

1418 2359 1509 2387 csse
1532 2348 1768 2398 contingens
1789 2346 1815 2396 l)
1842 2346 1975 2396 aliqua
1998 2347 2282 2399 contingentia,
2306 2357 2381 2387 seu

1473 2506 1511 2546 k)
1539 2509 1768 2540 Necessarium
1789 2517 1827 2540 ex
1844 2509 2095 2548 sapientissimo
2114 2506 2308 2549 plenissimo
2323 2513 2389 2543 Bo·-

1414 2558 1529 2588 nitatis
1553 2560 1691 2589 Decreto
1720 2559 1861 2597 Divino,
1887 2560 2084 2598 nentiquam
2111 2567 2150 2590 ex
2172 2559 2239 2590 alia
2268 2567 2386 2592 neces-

1410 2609 1508 2638 sitate
1531 2615 1733 2648 quacunque
1750 2616 1835 2648 quae
1860 2612 1990 2647 tempus
2004 2632 2014 2646 ,
2038 2609 2187 2640 rationes
2201 2612 2234 2640 et
2250 2608 2388 2641 modum

1416 2657 1461 2687 ita
1483 2661 1516 2687 et
1538 2665 1604 2688 non
1628 2656 1724 2688 aliter
1741 2657 1884 2690 faciendi
1910 2659 2018 2688 DEUM
2041 2657 2188 2699 deligere
2205 2659 2388 2698 coegisset,

1411 2714 1489 2737 nam
1511 2715 1733 2747 quaecunque
1756 2707 1864 2739 faeere
1893 2706 1944 2740 vet
1980 2716 2048 2740 non
2073 2707 2181 2740 facere
2206 2710 2288 2740 DEO
2312 2709 2390 2750 pla·

1413 2757 1554 2795 cuisset,
1575 2758 1690 2788 omnia
1713 2756 1809 2789 valde
1830 2757 1919 2788 bona
1943 2757 2083 2789 ruissent
2106 2757 2230 2790 sutura.

1473 2805 1494 2845 1)
1517 2809 1585 2838 noe
1609 2811 1659 2838 est
1682 2815 1748 2838 non
1767 2808 1892 2839 desinit
1911 2807 1987 2845 illa,
2006 2801 2196 2848 praesentia
2214 2807 2304 2846 licet,
2319 2810 2390 2849 jam

1410 2856 1558 2896 adeoque
1582 2858 1768 2888 necessaria
1782 2882 1792 2895 ‚
1817 2861 1978 2898 tanquam
1997 2858 2245 2896 contingentia,
2265 2865 2390 2897 cogno-

1413 2914 1528 2946 scere,
1556 2906 1618 2938 hoc
1642 2911 1691 2938 est
1712 2915 1776 2946 ea,
1808 2915 1895 2947 quae
1932 2915 2000 2939 non
2024 2908 2223 2946 contingere
2256 2909 2390 2947 potuis-

1411 2961 1497 2988 sent.
1521 2958 1568 2988 lta
1592 2958 1694 2988 etiam
1717 2961 1879 2998 tanquam
1896 2957 2131 2996 contingentia
2149 2955 2205 2988 illa
2223 2959 2388 2996 cognovit

1412 3012 1592 3046 antequam
1615 3008 1869 3046 contingerent,
1891 3007 1971 3038 licet
1993 3014 2033 3038 ex
2058 3006 2266 3046 perfectione
2290 3007 2387 3038 Divi-

1414 3063 1476 3087 nae
1500 3057 1678 3096 Majestatis
1703 3059 1804 3095 atque
1828 3056 2020 3096 Sapientiae
2052 3063 2157 3092 suae,
2182 3056 2238 3088 cui
2274 3050 2390 3087 rerum

1411 3107 1513 3137 etiam
1535 3105 1706 3137 liberrime
1727 3106 1999 3144 contingentium
2023 3107 2181 3142 eventus,
2205 3107 2390 3146 antequam

1411 3157 1596 3193 evenerint,
1614 3159 1775 3195 tanquam
1791 3157 1983 3194 praesentes
1999 3155 2105 3193 ipsius
2123 3153 2230 3186 ocutis
2249 3157 2390 3195 patent,

1411 3206 1499 3237 sicut
1536 3205 1754 3246 prudentium
1781 3204 1958 3236 hominum
1990 3204 2176 3243 sagacitas,
2209 3208 2389 3238 eventuras

1412 3263 1463 3285 res
1496 3254 1617 3287 multas
1652 3258 1763 3295 potest
1798 3253 2019 3293 praevidere,
2051 3261 2135 3292 quas
2171 3256 2283 3287 tamen
2316 3256 2388 3296 ipsa

1416 3306 1613 3345 neutiquam
1638 3305 1684 3337 ita
1706 3304 1841 3336 evenire
1863 3303 1913 3335 vet
1937 3304 2029 3344 cogit
2050 3302 2101 3336 vet
2123 3302 2211 3337 facit.
