2500 3841
927 224 1309 264 ANTONIUS

127 310 207 347 ror;
222 295 414 348 quaedam
427 293 700 334 tantummodo
722 294 950 344 adiicienda,
978 308 1079 347 quae

129 361 213 398 viro
241 358 355 397 docto
391 356 636 396 exciderunt.
665 355 877 407 Speculum
909 356 955 396 de
982 370 1081 409 qua-

124 425 215 460 tuor
236 418 451 459 virtutibus
475 419 659 459 Carmine
697 418 852 457 heroico
885 421 1077 470 scriptum

121 488 162 522 et
184 482 326 522 distica
360 480 617 534 paraenetica
653 479 702 519 ad
739 481 900 520 Festum
926 481 1050 521 filium
1069 513 1076 533 ,

120 556 222 596 quae
235 543 436 583 Fabricius
451 548 655 593 tamquam
676 542 754 582 duo
770 543 928 582 diversa
938 544 1078 583 distin-

119 608 223 657 guit,
247 617 373 645 unum
398 605 581 656 idemque
616 609 713 659 sunt
741 617 853 656 opus.
883 607 1006 645 Deest
1036 608 1075 644 in

119 668 294 708 Fabricio
319 667 480 708 Catonis
500 677 662 706 carmen
684 667 732 706 de
752 667 930 708 moribus
949 669 998 708 ab
1013 681 1076 708 eo-

116 730 208 770 dem
222 731 459 780 eastigatum
469 734 509 769 et
528 732 810 769 commentario
820 731 1074 782 illustratum,

115 793 179 832 cui
205 794 244 831 in
266 792 510 831 Collectione
532 793 684 831 Veneta
699 793 851 832 accedit
874 805 1076 833 commen-

117 856 242 895 tarius
265 855 365 893 alter
383 853 576 894 Ascensii.
599 856 750 894 Desunt
775 858 920 907 pariter
939 855 1074 894 solem-

112 916 182 956 nia
202 916 306 970 festa
328 917 445 956 totius
467 916 566 955 anni
585 916 764 956 distichis
788 929 976 969 expressa
995 947 1003 965 ,
1028 918 1072 955 li-

114 979 243 1019 bellus
266 978 313 1018 de
329 982 545 1031 parentum
565 991 667 1018 cura
686 979 726 1018 in
745 979 900 1027 liberos,
913 984 954 1018 et
970 980 1071 1018 alter

113 1041 161 1080 de
180 1040 356 1093 filiorum
371 1039 590 1080 obedientia
608 1053 701 1093 erga
721 1046 920 1093 parentes,
959 1052 1071 1091 θερο-

112 1101 209 1142 lium
230 1102 456 1155 ecloqarum
479 1107 687 1155 quattuor,
721 1102 902 1143 Cassitae
927 1099 1069 1154 fabula

108 1165 284 1205 colorum
305 1166 464 1205 nomina
482 1171 523 1205 et
550 1165 596 1205 de
634 1165 805 1214 coronis,
831 1164 870 1204 in
890 1163 1067 1203 Setinum

109 1230 418 1268 commentarius
432 1233 552 1279 atque
568 1227 684 1267 decas
699 1229 948 1275 Sermonum3
965 1238 1066 1277 quae

109 1292 242 1330 omnia
264 1291 313 1330 ab
336 1291 400 1329 illo
428 1292 574 1341 scripta
605 1290 797 1328 discimus
820 1290 859 1327 in
883 1289 1066 1329 Carmine

107 1353 156 1392 de
172 1353 260 1394 Vita
280 1357 461 1402 sua,tum
477 1354 597 1391 etiam
621 1352 902 1402 exprimuntur
922 1352 960 1388 in
987 1351 1065 1402 pri-

107 1426 172 1455 mo
196 1415 284 1454 folio
306 1415 483 1466 opuscul.
508 1414 557 1453 de
578 1414 740 1465 Regulis
756 1414 1065 1452 constructionis

107 1477 290 1516 editionis
321 1476 626 1516 Mediolanensis
654 1487 704 1514 an
729 1476 843 1515 1504.
873 1474 985 1514 Adde
1014 1486 1064 1513 ex

102 1539 272 1578 editione
306 1542 442 1577 nostra
463 1539 617 1578 Veneta
642 1537 820 1577 Platonis
849 1536 1065 1576 sententias

103 1600 239 1639 itidem
261 1598 486 1639 Aristotelis
507 1599 733 1639 sententias.

153 1662 403 1703 ANTONIUS
433 1661 591 1702 MARIA
621 1663 944 1712 VISDOMINUS,
981 1663 1067 1701 sive

105 1723 390 1774 Vicedominus,
415 1725 574 1776 scripsit
603 1725 746 1765 librum
771 1725 818 1765 (le
846 1725 921 1764 otio
945 1728 983 1764 et
1008 1724 1070 1764 Si-

102 1786 235 1840 hyllis.-
259 1785 413 1837 adjeeta
436 1791 532 1826 sunt
554 1788 676 1826 etiam
692 1788 791 1826 varii
819 1786 929 1838 eleyi.
954 1786 1069 1825 Liber

106 1851 328 1901 impressus
355 1840 574 1898 Bononiae,
602 1847 647 1887 A.
679 1850 780 1888 1500
807 1849 841 1887 4.
871 1849 981 1887 Idem
1010 1849 1069 1887 Si-

98 1912 222 1951 mlero
235 1915 339 1950 teste
355 1911 514 1962 scripsit
533 1911 829 1951 commentaria
843 1910 882 1948 in
899 1911 928 1948 T
933 1922 1067 1961 ragoe—

97 1974 183 2013 dias
206 1974 392 2013 Senecae.

150 2035 405 2075 ANTONIUS
423 2065 431 2085 ,
451 2035 500 2073 ab
518 2033 564 2074 A.
589 2035 688 2074 14-30
702 2036 925 2086 Episcopus
946 2033 1067 2074 MAS-

95 2096 255 2138 SANUS
272 2098 310 2136 in
329 2098 538 2148 Hetruria,
562 2097 696 2136 Ordin.
721 2099 856 2136 Minor.
883 2097 1064 2135 minister

96 2160 301 2200 Generalis
316 2159 387 2211 ,de
403 2171 481 2211 quo
497 2160 624 2199 multa
639 2159 889 2211 Waddingus
908 2162 1002 2198 tom.
1018 2160 1062 2198 V.

96 2221 238 2263 Annal.
261 2221 362 2273 Ejus
394 2221 592 2271 aduersus
627 2222 875 2261 Graecorum
903 2233 1063 2261 errores

92 2285 274 2324 exstabat
296 2285 335 2323 in
359 2284 601 2324 Bibliotheca
638 2284 860 2325 Cardinalis
899 2284 1031 2323 Sirleti
1052 2316 1060 2335 ,

96 2354 217 2398 quam
241 2346 382 2386 deinde
399 2344 596 2386 Ascanius
619 2346 838 2387 Cardinalis
870 2348 1064 2387 Columna

95 2413 157 2447 est
167 2413 388 2455 assecutus.
402 2408 501 2448 Huic
508 2408 678 2449 Antonio
687 2408 936 2460 Waddingus
944 2411 1063 2448 etiam

97 2469 235 2508 tribuit
260 2469 439 2523 Officium
461 2471 501 2510 S.
527 2469 751 2519 Caerboni,
773 2472 834 2510 sui
860 2472 899 2510 in
926 2472 1065 2511 Eccle—

98 2531 157 2569 sia
177 2532 421 2570 Massanensi
443 2533 770 2583 praedecessoris.

145 2591 397 2632 ANTONIUS
429 2604 454 2632 A
490 2593 675 2634 Matelica
697 2625 705 2643 ,
743 2595 902 2634 Ordinis
943 2597 1063 2635 Mino-

94 2666 184 2694 rum
201 2683 210 2703 ,
229 2655 398 2693 Picenus
422 2655 536 2704 (lieet
563 2657 758 2695 Heni-icus
795 2658 940 2696 Buillot
969 2669 1061 2696 eum

92 2708 408 2755 confundit-'cum
429 2717 655 2765 Bituntino)
680 2717 884 2757 Postillam
907 2718 956 2758 ad
979 2731 1063 2757 om-

96 2789 169 2818 nes
191 2778 380 2816 lectiones
413 2780 562 2817 veteris
585 2783 625 2817 et
661 2781 752 2817 novi
789 2782 1059 2830 Testamenti,

95 2851 199 2892 quae
219 2840 257 2878 in
274 2841 397 2879 saeris
412 2841 597 2891 Liturgiis
611 2842 829 2880 recitantur
845 2871 854 2890 ,
870 2853 891 2880 e
905 2844 1060 2894 Lyrano

95 2903 311 2950 contexuit,
325 2902 469 2942 additis
485 2903 533 2942 de
550 2914 621 2942 suo
629 2903 952 2954 quaestiunculis.
968 2906 1061 2945 Ser-

84 2975 228 3004 mones
252 2965 347 3003 item
379 2966 665 3014 Dominicales,
689 2967 757 3016 qni
791 2964 906 3005 Anno
944 2968 1057 3007 1495.

97 3026 349 3077 Argentorati
372 3027 626 3078 prodierunt:
651 3032 692 3067 et
710 3028 1008 3068 commentarios
1022 3030 1062 3069 in

97 3085 220 3128 libros
243 3091 418 3140 quatuor
439 3090 626 3142 Maqistri
644 3090 935 3130 Sententiarum
951 3093 1061 3131 Nico-

99 3150 160 3189 lao
182 3150 214 3190 V
238 3151 416 3191 Pontifici
454 3154 626 3193 maximo
660 3153 820 3192 dicatos.
857 3155 1060 3194 Summam

98 3222 264 3251 casuum
277 3212 545 3254 conscientiae.
560 3215 651 3255 vide
665 3215 931 3267 Waddingum
946 3229 980 3268 p.
997 3218 1058 3257 35.

151 3273 400 3316 ANTONIUS
441 3277 607 3328 Melius,
647 3278 860 3318 Monachus
903 3280 1061 3318 Cremo-

103 3336 240 3376 nensis
254 3335 586 3391 Augustinianus,
601 3351 645 3380 ae
661 3342 802 3382 Doctor
817 3342 1058 3392 parisiensis,

2040 231 2111 270 121

1154 303 1242 349 post
1261 297 1306 336 A.
1325 298 1439 338 1517.
1461 299 1678 338 Cremonae
1698 299 1802 338 diem
1824 300 1929 339 obiit.
1952 302 2118 353 Scripsit

1153 359 1199 398 (le
1216 364 1408 411 potestate
1425 359 1655 400 absolvendi
1675 365 1714 400 et
1729 361 1995 413 dispensandi.
2018 365 2118 403 Item

1151 423 1296 462 librum
1310 425 1374 462 cui
1394 424 1535 463 titulus
1552 423 1916 476 ,Scalaparadisis
1935 430 1976 464 et
1994 426 2117 465 alium

1151 483 1198 522 de
1215 496 1310 524 vero
1334 488 1372 524 et
1393 484 1559 536 leqittmo
1580 484 1776 525 intellectu
1791 487 2113 539 Pm’vileyiwum,

1150 557 1195 585 ac
1228 546 1432 586 Elementa
1455 547 1570 598 juris
1606 548 1805 587 Canom'cz'.
1843 550 2050 590 Praeterea
2069 550 2115 589 de

1150 608 1298 647 usuris.
1321 610 1376 647 De
1395 606 1555 647 casibus
1574 610 1803 649 reservatis.
1829 611 2004 662 Gregorii
2018 625 2116 663 quo-

1149 682 1227 720 que
1246 670 1510 709 Ariminensis
1529 672 1766 721 opuseulum
1786 672 1834 711 de
1856 675 2115 725 impraestan-

1148 733 1213 770 tiis
1232 734 1317 770 sive
1332 733 1563 782 imposturis
1578 733 1821 773 Venetorum
1836 735 1982 774 dicavit
1999 738 2113 776 Inno-

1147 795 1276 832 centio
1299 792 1474 831 Astensi.
1500 794 1598 834 Vide
1630 795 1750 833 Elssii
1784 798 2110 838 encomiasticum

1146 853 1482 904 Augustinianum
1506 867 1592 907 pag.
1618 857 1669 896 82
1692 861 1732 895 et
1753 859 1842 906 319,

1198 916 1218 938 '¹‘
1237 915 1329 955 Ant.
1353 916 1494 956 Melias
1510 929 1587 956 non
1608 919 1904 965 Cremonensis,
1925 925 1969 960 ut
1990 922 2108 961 habet

1144 979 1346 1018 Fabricius
1378 979 1448 1018 sed
1472 980 1728 1029 Cremensis,
1753 983 1912 1032 scripsit
1941 995 2111 1033 opuscu-

1143 1040 1227 1079 lum
1251 1040 1297 1079 de
1314 1045 1505 1093 potestate
1527 1041 1802 1094 dispensandi,
1827 1047 1864 1082 et
1880 1042 2110 1083 absolvendi

1143 1103 1183 1141 in
1200 1101 1370 1155 {casibus
1402 1104 1634 1143 reservatis.
1671 1105 1801 1151 Quare
1825 1106 1902 1145 duo
1926 1106 2111 1147 distincta

1141 1165 1340 1216 Opuseula
1363 1179 1413 1205 ex
1438 1179 1516 1206 uno
1536 1167 1756 1218 eodemque
1772 1169 1953 1220 imperite
1970 1169 2111 1208 Biblio-

1140 1228 1339 1268 thecarius
1363 1233 1498 1269 noster
1519 1230 1699 1269 confecit.
1716 1230 1860 1269 Prodiit
1879 1232 2030 1282 Lipsiae
2045 1244 2108 1271 an.

1144 1291 1246 1329 ⁴525
1267 1292 1305 1329 in
1331 1292 1366 1330 4.

1191 1352 1442 1393 ANTONIUS
1464 1353 1710 1394 Monelianus
1728 1385 1736 1403 ,
1761 1357 1881 1406 Ligur
1899 1386 1906 1404 ,
1928 1355 2023 1394 Ord.
2042 1358 2110 1395 Mi-

1139 1426 1306 1464 norum,
1329 1415 1451 1454 edidit
1480 1428 1598 1468 opus,
1631 1417 1736 1468 quod
1766 1419 1984 1469 inscripsit,
2011 1420 2113 1458 Sur-

1137 1488 1226 1516 sum
1249 1477 1396 1527 corda,
1421 1483 1462 1517 et
1493 1481 1800 1518 commentarios
1836 1479 1876 1518 in
1897 1481 2108 1532 mysticam

1137 1541 1178 1579 S.
1198 1540 1377 1593 Dionysii
1398 1540 1641 1592 Tleeoloyiam
1650 1540 1695 1580 A.
1714 1542 1817 1581 4522
1836 1544 1984 1581 Bonon.
2000 1544 2104 1594 apud

1139 1604 1295 1642 Hieron.
1319 1604 1592 1643 Benedictum.

1192 1664 1444 1705 ANTONIUS
1456 1666 1503 1705 cle
1512 1658 1792 1718 Montefalcone
1800 1667 1983 1706 Umbriae
1991 1668 2104 1718 opido

1141 1724 1239 1766 Ord.'
1267 1729 1402 1767 Minor.
1435 1730 1594 1780 scripsit
1635 1728 1759 1768 Vitam
1782 1730 1822 1768 S.
1849 1728 1995 1768 Clarae
2014 1741 2106 1768 con-

1140 1793 1345 1829 terraneae
1374 1802 1496 1839 suae,
1521 1791 1570 1830 de
1593 1803 1674 1842 qua
1700 1791 1798 1830 Aeta
1824 1793 2061 1831 Sanctorum
2083 1792 2106 1831 7

1140 1850 1228 1901 Maji
1246 1881 1253 1900 ,
1273 1857 1313 1891 et
1332 1853 1580 1905 Waddingus
1599 1859 1694 1892 tom.
1718 1855 1770 1893 III
1791 1853 1932 1893 Annal.
1955 1855 2004 1893 ad
2028 1854 2101 1893 An.

1141 1914 1243 1953 1308
1266 1919 1306 1953 et
1331 1916 1425 1955 1491
1454 1928 1562 1954 num.
1585 1917 1646 1954 65.

1192 1977 1213 2000 ³*
1226 1976 1420 2017 Antonius
1435 1978 1481 2016 de
1496 1977 1673 2017 Nateriis
1690 1977 1904 2029 Episcopus
1928 1978 1961 2016 F
1963 1977 2104 2016 citren-

1137 2039 1193 2079 sis
1216 2043 1253 2079 et
1282 2038 1527 2079 Bellunense's
1563 2039 1603 2078 in
1636 2038 1764 2078 studio
1802 2039 1952 2090 Papiae
1975 2039 2104 2090 legens

1135 2101 1181 2141 A.
1205 2103 1250 2141 D.
1290 2103 1405 2142 4392.
1428 2103 1526 2141 Eius
1557 2103 1737 2153 repetitio
1761 2113 1844 2152 cap.
1869 2101 1917 2139 de
1941 2101 2104 2151 judiciis

1136 2165 1314 2204 etaltera
1330 2166 1424 2204 item
1445 2163 1531 2216 ejus
1555 2164 1735 2214 repetitio
1752 2168 1936 2214 superest
1953 2165 1991 2201 in
2008 2163 2101 2203 Cod.

1139 2228 1213 2267 419
1238 2229 1315 2267 MS.
1339 2228 1476 2267 Felini.

1188 2289 1446 2330 ANTONIUS
1471 2291 1529 2328 De
1554 2288 1717 2337 Nomis,
1741 2300 1763 2327 e
1792 2289 2002 2338 Mareiala,
2027 2288 2104 2327 Tu-

1137 2364 1231 2392 scus
1259 2352 1359 2404 Aug.
1382 2352 1541 2391 Ordinis
1570 2352 1703 2391 Theol.
1726 2363 1746 2389 c
1768 2348 1882 2389 libris
1905 2352 1944 2389 S.
1969 2349 2105 2401 Augyu-

1134 2415 1233 2455 stim·
1251 2415 1446 2465 quaedam
1469 2416 1598 2466 capita
1625 2415 1748 2453 totius
1781 2425 1905 2464 paene
1942 2417 2103 2451 sanctae

1137 2479 1356 2529 scripturae
1392 2478 1669 2516 tractationem
1694 2475 1962 2523 continentia,
1986 2474 2103 2512 colle-

1136 2540 1217 2590 git,
1242 2550 1343 2589 quae
1383 2539 1633 2589 praenotavit
1661 2536 1781 2588 flores
1811 2537 2024 2573 Doctorum
2059 2535 2100 2573 S.

1138 2600 1273 2639 Patris
1298 2599 1521 2650 Auffustini.
1551 2600 1696 2637 Exstat
1725 2601 1762 2636 in
1791 2597 2030 2636 Bibliotheca
2060 2598 2097 2635 S.

1136 2664 1332 2714 Spiritus,
1356 2663 1578 2700 Florentiae
1594 2692 1604 2709 ‚
1625 2661 1691 2699 ubi
1722 2662 1804 2710 ipse
1829 2659 2000 2697 decessit
2024 2658 2097 2697 An.

1138 2726 1250 2765 4438.
1272 2724 1375 2763 Eum
1396 2735 1513 2773 saepe
1533 2723 1709 2761 Oratoris
1728 2732 1893 2759 munere
1916 2721 2096 2760 functum

1136 2788 1258 2826 fuisse
1294 2797 1364 2836 pro
1400 2786 1493 2835 ch.
1524 2785 1748 2822 Florentina
1776 2782 1912 2820 scribit
1934 2782 2099 2821 Michaei

1136 2849 1394 2887 Poceiantius.

1189 2911 1226 2949 S.
1251 2908 1502 2947 ANTONIUS
1520 2906 1567 2945 de
1591 2906 1756 2952 Padua,
1778 2912 1869 2946 ante
1889 2906 2096 2946 Monachu-

1134 2977 1220 3011 tum
1241 2969 1512 3009 Fcrdinandus
1529 2999 1538 3017 ,
1564 2970 1801 3015 Lusitanus,
1823 2971 1925 3008 inter
1948 2970 2095 3020 primos

1134 3035 1175 3073 S.
1211 3033 1407 3072 Francisei
1445 3031 1626 3080 sodales,
1659 3033 2004 3083 Ulyssiponensis,
2027 3030 2094 3070 do-

1135 3096 1296 3134 sunctus
1329 3095 1476 3132 Patavii
1504 3095 1551 3132 13
1575 3095 1680 3133 Junii
1706 3094 1819 3133 Anno
1849 3095 1942 3133 ⁴231
1974 3097 2090 3132 aetat.

1135 3157 1183 3195 36
1221 3161 1340 3206 atque
1363 3156 1540 3205 proximo
1575 3157 1754 3195 insecuto
1786 3155 1900 3195 Anno
1938 3156 2093 3195 Sanctis

1134 3219 1358 3269 adscriptus
1373 3229 1392 3256 a
1417 3218 1602 3268 Gregorio
1623 3220 1676 3257 lx
1693 3223 1812 3268 atque
1835 3218 1944 3256 Arca
1964 3218 2093 3256 Testa-

1134 3280 1254 3319 menti
1278 3279 1498 3330 appellatus
1521 3285 1594 3319 cst.
1624 3281 1720 3320 vide
1745 3281 1843 3320 infra
1862 3310 1871 3328 ,
1902 3280 2061 3320 STERO
2082 3311 2090 3321 .

1134 3342 1346 3386 Cherubim
1382 3343 1591 3383 bullarium
1630 3347 1723 3382 tom.
1749 3344 1782 3393 I,
1819 3355 1902 3394 pag.
1939 3344 2014 3383 100
2051 3348 2091 3382 ct

1594 3424 1637 3462 lo
