2500 3841
905 203 1347 245 AMALRICUS
2070 202 2119 241 77

127 272 255 321 1178,
287 270 416 320 1179,
459 271 587 317 1181,
621 272 724 311 1182
766 277 808 311 et
841 274 1077 314 Patriarchae

126 346 212 387 pag.
241 331 354 373 1180.

175 394 464 436 AMALRICUS
508 406 559 434 ex
606 393 985 447 Weissenburgensi
1031 397 1079 436 ad

125 462 314 498 montana
335 458 479 508 Vosagi
498 457 688 497 Monacho
716 457 972 497 Benedictino
992 460 1084 510 Epi-

123 531 270 571 scopus
305 519 354 559 ab
385 518 501 559 Anno
534 520 602 559 891
652 519 701 559 ad
731 520 809 558 893
862 521 1084 572 Spirensis,

123 594 243 633 quem
268 583 371 622 inter
389 582 486 622 alias
509 581 650 622 laudes
674 583 795 621 etiam
816 584 975 622 Po'etam
999 595 1086 634 gra-

125 656 220 684 vem
250 649 370 684 vocat
404 645 627 685 Gvilelmus
660 645 974 696 Eysengreinius
997 657 1082 697 pag.

125 705 188 746 71.
219 707 422 758 Catalogi3
447 719 498 746 ex
526 709 684 759 scriptis
722 712 856 747 autem
885 707 972 759 ejus
1002 719 1085 746 me-

122 772 250 808 morat
282 769 601 810 Commentarios
638 769 678 809 in
718 770 1024 811 Pentateuchum
1046 774 1086 810 et

121 831 163 870 in
185 831 308 872 Pauli
328 832 540 885 Epistolas.

173 892 413 935 AMANDUS
440 894 742 947 Aryentinensis
770 897 992 948 Episcopus
1021 897 1080 935 in-

95 990 97 993 .
122 957 310 996 terfuisse
348 958 517 998 traditur
554 959 725 998 Concilio
754 959 975 999 Coloniensi
1004 958 1078 998 An.

125 1019 216 1058 346.
246 1020 352 1070 quod
381 1020 504 1060 edidit
533 1021 767 1061 Sirmondus
787 1025 893 1059 tomo
917 1022 957 1069 I,
979 1022 1080 1061 Con-

120 1082 300 1122 ciliorum
324 1083 463 1122 Galliae
487 1095 575 1136 pag.
603 1085 664 1123 11.
689 1085 745 1122 De
769 1083 888 1123 dubia
908 1083 983 1122 fide
1006 1083 1080 1123 hu-

114 1141 182 1194 jus
202 1145 363 1185 Concilii
386 1147 521 1185 monui
543 1145 804 1185 Bibliothecae
824 1145 995 1184 Graecae
1024 1150 1083 1184 to-

117 1217 182 1244 mo
204 1208 260 1246 XI
284 1217 369 1259 pag.
395 1207 483 1247 371.

169 1267 407 1310 AMANDUS
433 1269 480 1308 de
511 1267 695 1317 Castello,
734 1269 958 1309 Canonicus
990 1270 1084 1308 Tor-

118 1333 320 1381 nacensis,
341 1332 431 1370 inde
454 1333 562 1371 Prior
583 1330 903 1382 Aquicinctinus,
942 1343 987 1370 ac
1016 1331 1084 1370 de-

116 1394 237 1444 nique
252 1393 384 1433 Abbas
400 1394 726 1443 Marchionensis,
751 1394 910 1444 scripsit
929 1393 1084 1444 Episto-

117 1453 197 1493 lam
219 1454 266 1494 de
288 1454 402 1494 obitu
426 1455 589 1505 Odonis,
613 1455 801 1507 Episcopi
823 1455 1084 1495 Cameracen-

113 1516 187 1568 sis,
220 1517 397 1558 defuncti
442 1520 546 1558 circa
582 1516 763 1558 Annum.
788 1518 939 1558 CHristi
977 1518 1079 1558 1120

116 1584 250 1620 exstat
265 1581 304 1619 in
320 1581 474 1632 Belgica
499 1581 722 1622 Christiana
742 1580 904 1620 Arnoldi
924 1582 1079 1630 Baissii,

114 1641 219 1682 edita
243 1643 363 1682 Duaci
402 1643 520 1694 1634,
551 1644 586 1682 4.
615 1642 713 1683 Vide
741 1643 944 1684 Oudinum
972 1648 1080 1682 tomo

113 1704 147 1744 11
174 1716 262 1756 pag.
294 1707 381 1746 101.

166 1767 205 1807 S.
227 1766 416 1807 AMANDI
432 1768 693 1819 Tungrensis⁷
711 1769 797 1815 sive
812 1766 1078 1817 Trajectensis

111 1829 316 1881 Episcopi,
353 1831 421 1880 qui
458 1828 573 1868 Anno
594 1830 670 1869 662
707 1829 878 1868 traditur
904 1829 1073 1877 obiisse,

114 1890 363 1941 Codiciltum,
393 1904 471 1943 quo
503 1892 665 1931 mandat
709 1903 852 1943 corpus
886 1903 1005 1930 suum
1035 1892 1074 1929 in

111 1954 326 1993 Elnonensi
350 1955 601 2003 MonasteriO,
617 1955 722 2004 quod
739 1956 777 1993 in
793 1955 970 1993 Dioecesi
984 1954 1077 1992 Tor-

111 2018 271 2055 nacensi
294 2017 545 2065 fundaverat,
562 2018 735 2068 sepeliri,
753 2029 825 2055 nec
841 2017 931 2056 inde
947 2016 1082 2063 evehi,

112 2077 328 2129 publicavit
345 2078 547 2118 Aubertus
568 2080 738 2119 Miraeus
754 2080 791 2118 in
819 2080 930 2118 fastis
952 2079 1077 2128 Belgi-

111 2140 185 2189 cis,
205 2141 414 2180 Bruxellae
438 2142 558 2190 4622,
575 2143 611 2180 8.
635 2143 692 2181 De
713 2141 787 2180 hoc
808 2140 988 2180 Amando
1004 2142 1077 2179 Ba—

113 2202 248 2241 ronius
262 2202 311 2241 ad
325 2204 574 2256 Martyrolog.
592 2209 713 2254 atque
729 2201 827 2242 Acta
839 2203 1076 2242 Sanctorum

113 2263 137 2301 6
161 2263 378 2316 Februarii,
401 2270 442 2304 et
464 2277 566 2316 quae
590 2267 690 2305 infra
714 2267 753 2304 in
776 2265 976 2304 MILONE.

161 2325 416 2376 AMANEUS,
436 2327 765 2380 Archiepiscopus
789 2329 829 2367 in
854 2327 980 2367 Gallia
998 2326 1078 2366 Au—

110 2388 312 2438 scitanus,
332 2389 408 2429 sub
442 2402 521 2440 quo
555 2391 802 2441 promulgata
841 2390 879 2428 in
917 2388 1076 2439 Synodo

108 2449 364 2500 Nugarolensi
385 2450 460 2490 An.
487 2452 600 2491 1303.
627 2452 808 2502 Capitula
828 2451 986 2498 XIX;et
1000 2450 1075 2489 alia

107 2511 141 2549 V
168 2512 207 2550 in
237 2513 396 2563 Synodo
425 2512 642 2552 Auscitana
667 2513 848 2564 Capitula
871 2512 922 2551 VI
951 2512 990 2549 in
1018 2515 1077 2549 to-

106 2573 183 2611 mis
203 2573 469 2614 Conciliorum
493 2580 722 2614 occurrunt.

157 2633 381 2681 AMATUS,
404 2637 619 2676 Monachus
652 2638 923 2686 cassinensis,
945 2641 986 2675 et
1016 2638 1073 2675 in-

108 2701 239 2737 certae
262 2697 369 2736 sedis
386 2698 606 2749 Episcopus
629 2698 761 2737 clarus
783 2700 887 2739 circa
908 2697 1072 2738 Annum

108 2761 224 2800 1080.
250 2760 416 2812 Scripsit
437 2758 641 2799 Historiae
665 2760 1003 2799 Nortmannorum
1026 2759 1073 2799 li-

107 2820 200 2862 bros
222 2822 325 2863 VIII.
347 2822 396 2861 ad
416 2822 666 2861 Desiderium
694 2820 887 2860 Abbatem
911 2823 1071 2873 (postea

107 2884 182 2924 An.
213 2884 329 2925 1087.
359 2886 559 2924 Victorem
588 2884 652 2923 III.
678 2884 849 2934 Papam)
874 2884 1002 2923 MStos
1031 2886 1069 2923 in

105 2946 345 2986 Bibliotheca
367 2947 599 2986 Cassinensi
616 2977 624 2995 ,
645 2949 747 2984 teste
767 2947 918 2984 Joanne
940 2947 1070 2997 Bapti-

107 3013 170 3047 sta
191 3009 368 3048 Maroad
397 3011 558 3048 Petrum
586 3009 802 3048 Diaconum
823 3007 871 3047 de
896 3008 1068 3059 Scripto-

106 3071 593 3122 ribusCasinensibuscap.
615 3071 677 3119 ⁶20,
701 3070 766 3110 ubi
779 3074 980 3121 praeterea
995 3070 1068 3110 hu-

101 3130 170 3183 jus
179 3131 309 3172 Amati
326 3138 595 3173 memorantur
606 3131 702 3172 libri
717 3134 738 3171 I
743 3132 822 3171 Vde
833 3131 953 3183 yestis
965 3130 1066 3183 Apo-

106 3193 295 3234 stolorum
310 3195 422 3234 Petri
437 3199 475 3234 et
492 3195 611 3234 Pauli
622 3225 632 3240 ,
653 3196 786 3246 scripti
807 3196 993 3241 carmine,
1015 3195 1063 3234 ad

107 3256 337 3306 Gregorium
370 3259 451 3298 VII.
489 3259 634 3309 Papam
664 3258 712 3297 ab
746 3256 859 3295 Anno
889 3256 988 3295 1073
1015 3257 1064 3297 ad

108 3317 221 3356 1085.
245 3319 295 3356 Et
319 3317 366 3358 cle
389 3318 503 3360 laude
534 3318 717 3370 Greqorn'
749 3319 829 3361 VII.
846 3320 902 3360 Dc
921 3317 1065 3361 ‹luode-

1162 274 1239 315 cim
1280 274 1494 329 lapidibus.
1516 276 1572 315 De
1587 274 1756 317 civitate
1784 273 1951 316 Coelesti
1978 272 2122 314 Hieru-

1151 337 1288 378 salem:

1207 400 1228 423 '⁸‘
1256 402 1331 441 Est
1359 406 1399 440 et
1427 402 1528 441 alius
1556 401 1713 441 eiudem
1747 400 1916 440 nominis
1954 399 2122 450 scriptor

1157 463 1282 502 multo
1306 465 1502 502 recentior
1519 464 1634 502 cuius
1657 466 1720 502 est
1738 462 1975 514 opusculum
1984 462 2041 500 De
2056 460 2122 499 ira

1159 524 1246 574 Dei,
1264 528 1301 564 et
1312 523 1559 572 antichristoe
1580 535 1677 575 opus
1690 523 1944 576 compositum
1961 521 2124 562 Floren-

1160 586 1236 625 tiae
1259 598 1361 625 anno
1380 587 1497 626 4461.
1514 586 1615 625 Cum
1635 586 1800 637 epistola
1837 585 2123 636 nuncupatoria

1157 649 1205 688 ad
1223 651 1434 689 universos
1453 648 1602 687 Christi
1619 647 1754 686 fideles
1768 649 1912 687 Exstat
1928 648 1965 686 in
1981 647 2122 686 Biblio-

1158 711 1214 750 th.
1241 712 1514 751 Laurentiana.
1536 710 1785 749 Montfaucon
1807 710 1904 749 Bibl.
1928 714 1955 749 t.
1981 710 2010 759 l,
2029 720 2115 760 pag.

1206 833 1488 873 AMBROSIUS
1505 831 1746 884 Autpertus,
1767 833 1900 871 minus
1913 837 2019 871 recte
2035 833 2121 871 aliis

1153 894 1391 945 Ansbertus,
1414 895 1573 945 GalluS,
1598 894 1817 934 Monachus
1840 895 2122 934 Benedictinus

1154 962 1273 1009 atque
1310 957 1399 996 inde
1427 956 1564 996 Abbas
1607 958 1646 996 S.
1682 957 1877 996 Vincentii
1915 957 1963 996 ad
1993 957 2120 995 sontes

1156 1020 1343 1060 Vulturni
1372 1020 1482 1059 fluvii
1512 1021 1551 1058 in
1581 1020 1740 1059 Samnio
1767 1018 1840 1061 An.
1872 1018 1947 1058 777
1976 1023 2016 1058 et
2045 1018 2120 1057 778

1157 1094 1236 1133 quo
1260 1082 1363 1122 diem
1392 1083 1486 1122 obiit
1510 1092 1756 1133 supremum.
1781 1081 1878 1121 Vide
1900 1080 1997 1120 Acta
2025 1081 2122 1120 San-

1155 1149 1312 1184 ctorum
1337 1146 1383 1184 19
1404 1145 1497 1184 Julii
1521 1149 1615 1183 tom.
1639 1145 1757 1195 1V,p.
1777 1145 1852 1182 646
1875 1155 1957 1194 seq.
1981 1148 2022 1182 et
2044 1145 2121 1183 Ma-

1155 1208 1360 1246 billonium
1398 1207 1556 1246 saeculo
1590 1207 1624 1245 3.
1664 1206 1840 1245 Sanctor.
1877 1205 2119 1245 Benedictin.

1156 1270 1271 1308 Parte
1285 1270 1338 1318 Il,
1352 1281 1438 1320 pag.
1453 1270 1542 1308 256.
1560 1270 1779 1320 Scripsitut
1792 1270 1876 1320 ipse
1891 1269 1930 1307 in
1941 1273 2120 1308 extremo

1156 1332 1286 1382 operis
1314 1335 1506 1382 testatur,
1527 1332 1547 1354 ³*
1571 1332 1645 1370 sub
1674 1330 1874 1370 Desiderio
1902 1331 2121 1381 Longobar-

1157 1392 1300 1432 dorum
1330 1394 1434 1444 Rege
1458 1398 1498 1432 et
1526 1394 1600 1432 sub
1622 1393 1741 1432 Paulo
1764 1394 1792 1432 I.
1823 1395 1942 1445 Papa,
1967 1397 2007 1432 et
2030 1402 2121 1431 suc-

1156 1456 1303 1494 cessori
1337 1454 1424 1505 ejus
1453 1455 1497 1494 Α.
1528 1456 1570 1495 C.
1601 1455 1690 1493 767.
1729 1456 1927 1507 Stephano
1955 1455 2120 1494 dictavit

1156 1516 1279 1557 libros
1302 1518 1335 1556 X
1361 1517 1736 1556 commentariorum
1764 1517 1806 1556 in
1830 1515 2118 1568 Apocalypsin,

1153 1579 1280 1619 editos
1308 1580 1495 1619 Coloniae
1525 1581 1627 1620 1536
1651 1584 1691 1617 et
1720 1581 1760 1618 in
1783 1579 2021 1618 Bibliotheca
2049 1579 2119 1616 Pa-

1153 1647 1261 1682 trum
1296 1643 1522 1682 Coloniensi
1557 1647 1663 1681 tomo
1696 1643 1753 1682 IX
1787 1646 1828 1681 et
1862 1640 2117 1691 Lugdunensi

1152 1709 1258 1744 tomo
1285 1706 1396 1755 XIII,
1422 1717 1507 1757 pag.
1541 1706 1628 1745 403.
1661 1704 1786 1745 Vitam
1808 1705 1877 1753 SS,
1906 1701 2114 1749 Paldonis‘,

1155 1766 1311 1807 Tatonis
1335 1771 1373 1806 et
1397 1769 1427 1806 T
1425 1767 1560 1807 asonis
1581 1768 1747 1807 fratrum
1772 1772 1812 1806 et
1831 1765 2055 1806 Monasterii
2076 1765 2114 1803 S.

1149 1830 1347 1869 Vincentii
1377 1830 1425 1869 de
1451 1831 1647 1870 Vulturno
1670 1829 1883 1879 Abbatum,
1900 1833 1940 1867 et
1959 1826 2116 1867 histori-

1147 1903 1235 1930 cam
1258 1892 1304 1931 de
1326 1891 1565 1933 Monasterio
1583 1903 1654 1931 suo
1675 1890 1903 1930 relationem
1925 1901 2026 1940 quae
2047 1901 2115 1927 cx-

1148 1959 1228 1994 stat
1250 1955 1355 2007 apud
1380 1956 1590 2007 Ughellum
1611 1960 1717 1994 tomo
1734 1955 1802 2002 Vl,
1822 1965 1907 2005 pag.
1927 1953 2001 1992 458
2018 1951 2115 2000 (edi—

1148 2019 1242 2056 tion.
1270 2030 1396 2057 novae
1419 2030 1505 2069 pag.
1532 2018 1644 2066 369.)
1664 2017 1928 2056 Mabillonium
1945 2016 2053 2054 Saec.
2076 2015 2111 2052 3.

1149 2080 1350 2119 Benedict.
1371 2092 1457 2131 pag.
1485 2080 1558 2118 423
1583 2084 1624 2118 et
1645 2078 1756 2118 Actis
1776 2079 1941 2118 Sanctor
1963 2078 2031 2116 XI.
2050 2078 2113 2115 Ja-

1150 2144 1287 2182 nuarii.
1314 2142 1391 2183 Sed
1418 2143 1712 2183 Commentaria
1741 2141 1781 2180 in
1809 2140 1987 2180 Psalmos
2010 2143 2050 2178 et
2074 2138 2114 2176 in

1152 2205 1359 2245 Canticum
1375 2204 1643 2255 Canticorum,
1663 2216 1765 2256 quae
1787 2204 1969 2244 Coloniae
1993 2206 2113 2252 atque

1148 2268 1239 2307 alibi
1254 2268 1360 2308 edita
1374 2269 1509 2308 scribit
1530 2268 1710 2307 Labbeus
1722 2297 1730 2317 ,
1744 2268 1808 2307 alii
1824 2268 2015 2317 ignorant.
2033 2265 2113 2303 Nisi

1150 2331 1256 2381 quod
1279 2332 1356 2371 MS.
1381 2333 1421 2370 in
1444 2332 1608 2370 Cantica
1631 2331 1887 2370 Canticorum
1912 2330 1951 2367 in
1975 2327 2115 2366 Biblio-

1150 2394 1266 2433 theca
1282 2395 1521 2434 Floriacensi
1537 2397 1695 2433 exstare
1715 2391 1897 2431 Oudinus
1917 2393 2111 2435 testatur,

1149 2461 1257 2496 certe
1279 2457 1385 2496 edita
1397 2468 1487 2496 esse
1503 2468 1581 2494 non
1601 2456 1785 2495 existimo
1803 2484 1809 2503 ,
1826 2464 1954 2503 neque
1974 2461 2112 2490 eorum

1147 2518 1254 2569 apud
1277 2517 1505 2557 Albericum
1529 2519 1693 2565 mentio,
1716 2517 1783 2556 ubi
1806 2515 1855 2554 de
1878 2512 1998 2563 hujus
2017 2512 2112 2551 Am-

1146 2580 1264 2619 brosii
1279 2580 1430 2631 prolixa
1443 2591 1564 2630 super
1573 2578 1836 2630 Apocalypsin
1850 2575 2107 2627 expositione.

1146 2643 1323 2681 Meminit
1342 2646 1477 2681 autem
1499 2641 1742 2680 Trithemius
1758 2651 1841 2690 cap.
1854 2637 1930 2676 287
1947 2636 1995 2675 de
2007 2637 2110 2675 Scri-

1144 2703 1322 2755 ptoribus
1354 2704 1505 2742 Eccles.
1539 2707 1579 2741 et
1616 2702 1679 2740 lib.
1702 2703 1724 2741 2
1755 2711 1838 2751 cap.
1865 2699 1939 2739 106
1964 2699 2105 2737 illustr.

1144 2765 1384 2805 Benedictio.
1409 2766 1475 2804 ubi
1510 2765 1638 2803 eidem
1670 2763 1876 2802 Ambrosio
1912 2760 2106 2811 Autperto

1144 2839 1264 2878 quem
1287 2826 1360 2866 An.
1386 2828 1461 2866 890
1483 2828 1537 2865 ait
1564 2827 1760 2873 floruisse,
1777 2825 1914 2864 tribuit
1933 2824 2052 2863 libros
2067 2824 2104 2862 X

1144 2892 1181 2928 in
1206 2888 1488 2941 Apocalypsin,
1513 2893 1554 2928 et
1584 2888 1625 2927 in
1654 2887 1911 2935 Psalterium,
1937 2886 1977 2925 in
2002 2885 2105 2926 Con-

1142 2952 1221 2991 tica
1257 2951 1528 3001 Canticorum,
1553 2956 1593 2990 et
1627 2950 1775 2990 librum
1811 2950 1857 2988 (Ie
1890 2949 2102 3001 cupiditate

1142 3013 1283 3065 (cujus
1306 3015 1484 3053 notitiam
1500 3013 1660 3053 videtur
1680 3014 1842 3064 petiisse
1857 3024 1880 3051 a
1898 3012 2100 3063 Sigcberto

1140 3089 1223 3127 cap.
1248 3077 1334 3125 91.)
1360 3080 1400 3114 et
1428 3074 1574 3115 librum
1596 3075 1867 3127 Epistolarum
1892 3074 1946 3114 ad
1971 3074 2101 3114 diver-

1140 3150 1215 3179 sos.
1238 3139 1375 3190 Magna
1400 3143 1533 3178 autem
1553 3140 1724 3190 suspicio
1747 3143 1809 3178 est
1828 3151 1849 3178 a
1877 3137 2095 3188 Sigebcrto,

1193 3282 1206 3296 ⁶
1232 3281 1350 3314 Confer
1383 3282 1574 3315 Albericum
1606 3281 1806 3317 Monachum
1829 3283 1930 3316 trium
1956 3281 2100 3314 rontium

1134 3331 1174 3366 ad
1198 3335 1260 3366 An.
1282 3332 1342 3365 767
1368 3339 1444 3373 pag.
1470 3331 1529 3364 102
1551 3339 1619 3374 seq.
