2500 3841
745 223 1478 264 BENEDICTOBURANI

170 297 397 338 Dominicus
421 295 612 344 Gironda,
637 295 686 334 de
711 298 958 336 monasteriis
976 296 1074 336 Cae-

118 361 346 402 lestinorum
363 359 529 409 Galliae,
549 369 642 397 cum
664 359 841 398 virorum
866 360 967 398 inter
989 360 1075 398 illos

120 424 327 463 doctorum
350 422 498 471 elogiis.
520 421 680 460 Parisiis
697 420 816 470 4743,
836 417 900 459 li.²⁰
915 422 1075 460 Journal

118 487 189 526 des
209 488 363 527 Savans
384 484 486 524 4749
510 487 605 522 tom.
630 484 664 522 11
689 494 774 534 pag.
800 482 888 521 687.

170 550 316 589 Petrus
336 545 530 587 Antonius
556 545 812 595 Tornamira,
836 546 1078 584 Panormita-

118 623 197 651 nus
212 613 252 650 in
267 610 533 661 Scriptoribus
544 609 727 648 Marianis
740 607 898 646 Ordinis
914 608 1079 647 Benedi-

117 674 233 724 ctini,
256 673 438 713 Panormi
463 671 585 720 4679,
612 667 677 719 4²⁰,
701 675 742 710 et
765 672 803 708 in
820 671 976 721 scriptis
991 671 1079 721 plu-

119 735 245 784 ribus,
280 746 382 786 quae
420 737 614 773 memorat
637 732 863 772 Antoninus
886 735 1077 783 Mongitor

117 802 224 837 tomo
246 798 280 837 ΙΙ
303 797 567 837 Bibliothecae
591 796 746 836 Siculae
769 808 854 847 pag.
881 796 955 835 429
979 807 1063 845 seq.

513 866 535 889 ΞΕ
665 866 686 888 >¹⁶

589 894 611 918 δέ

172 930 335 970 Statuta
356 927 555 968 Abbatum
570 927 730 968 Ordinis
748 930 785 968 S.
803 928 1075 968 BENEDICTI

122 990 164 1030 in
184 990 398 1032 Provincia
420 990 687 1041 Narbonensi,
712 991 816 1042 apud
838 991 1075 1029 Dacherium

118 1059 226 1094 tomo
250 1055 300 1095 VI
325 1055 513 1107 spicilegii
537 1066 623 1106 pag.
650 1055 698 1094 30
724 1059 764 1093 et
789 1054 915 1092 tom.l
941 1051 1078 1090 editio-

118 1119 181 1157 nis
201 1129 326 1157 novae
350 1129 437 1169 pag.
473 1117 551 1156 707
591 1128 700 1167 seqq.
730 1115 830 1154 adde
870 1114 1077 1153 Mabillonii

117 1180 309 1220 Analecta
328 1184 422 1218 tom.
447 1180 498 1218 IV
520 1191 558 1230 p.
585 1179 660 1217 454
684 1182 724 1216 et
747 1177 929 1215 editionis
952 1187 1078 1214 novae

119 1254 207 1294 pag.
230 1243 298 1283 454
330 1253 441 1293 seqq.
466 1242 533 1281 ubi
559 1240 667 1280 Ordo
693 1239 822 1293 Officii
847 1238 886 1277 in
913 1237 1024 1276 domo
1037 1239 1076 1276 S.

118 1303 338 1352 Benedicti,
361 1307 452 1342 ante
487 1301 661 1350 Pascha,
690 1306 730 1340 et
762 1300 950 1353 antiquae
981 1301 1081 1341 Con-

120 1366 349 1407 suetudines
387 1364 722 1406 Monasteriorum
751 1363 912 1403 Ordinis
939 1365 980 1403 S.
1009 1364 1082 1402 Bc-

121 1429 276 1469 nedicti.

173 1489 651 1531 BENEDICTOBURAM
676 1490 901 1529 Monasterii
918 1489 1083 1529 Chroni-

120 1565 194 1593 con
216 1553 346 1593 breve'
371 1554 421 1592 ab
452 1553 569 1592 Anno
593 1552 668 1592 740
693 1552 797 1604 apud
834 1552 1081 1591 Bernardum

119 1618 196 1656 Pez
212 1620 320 1655 tomo
335 1617 387 1656 111
408 1615 703 1655 Anecdotorum
719 1617 832 1654 Parte
849 1615 872 1652 3
895 1626 982 1665 pag.
1004 1613 1081 1653 597

113 1682 154 1718 et.
176 1679 395 1730 primorum
418 1677 618 1717 Abbatum
635 1678 749 1728 plura
768 1688 890 1728 quam
910 1677 1081 1715 Mabillo-

121 1742 212 1794 nius
225 1739 247 1763 ³¹⁵
262 1740 426 1779 dederat
445 1740 655 1791 Epitaphia
677 1751 764 1790 pag.
786 1740 862 1778 605
887 1750 969 1788 seq.
986 1749 1077 1777 cum

119 1803 297 1854 catalogo
320 1801 511 1843 Codicum
534 1801 719 1843 Coenobii
739 1802 843 1840 illius
865 1802 942 1840 MS.
964 1800 1079 1840 Anno

122 1865 224 1905 4250
248 1876 335 1916 pag.
357 1865 433 1904 644
459 1875 541 1915 seq.
566 1864 633 1903 ubi
665 1875 752 1915 pag.
778 1865 853 1903 624
879 1875 961 1915 seq.
993 1864 1080 1915 plu-

120 1938 186 1967 res
226 1927 522 1978 Chronographi
561 1926 971 1966 Benedictoburenses
999 1937 1082 1964 me-

119 1993 340 2038 morantur,
361 1993 402 2029 et
427 2000 513 2040 pag.
550 1990 627 2028 645
653 1990 756 2028 inter
783 1988 867 2028 'alia
910 1988 1081 2027 Onorius

120 2062 242 2104 super
255 2051 469 2090 secundum
479 2049 817 2103 quinquayintale,
836 2052 1081 2089 Psalmorum

124 2115 292 2163 scilicet,
309 2115 361 2153 ita
376 2115 481 2153 enim
492 2113 718 2165 legendum,
728 2125 806 2152 non
823 2112 1083 2165 quingentale.

172 2176 809 2229 BENEDICTINUSAnonymus‚
830 2175 948 2226 cujus
973 2174 1082 2213 libel-

121 2239 202 2279 lum
224 2239 271 2279 de
295 2239 542 2281 Conscientia
565 2239 723 2279 saeculo
736 2240 808 2278 ΧΠ
835 2240 1026 2290 scriptum
1041 2242 1082 2277 et

120 2314 198 2341 non
224 2303 431 2354 indignum
444 2303 551 2342 lectu
573 2302 754 2352 vulgavit
770 2301 872 2340 idem
897 2301 1082 2340 laudatus

119 2367 262 2406 Pezius
284 2367 322 2403 in
347 2369 454 2404 tomo
474 2369 588 2404 sexto
602 2364 866 2403 Bibliothecae
887 2364 1081 2403 asceticae

119 2440 207 2480 pag.
232 2427 375 2468 29-47.

173 2490 493 2530 BENEDICTUS
516 2488 651 2528 Abbas
672 2489 845 2541 Anglus‚
868 2491 935 2539 qui
960 2491 1083 2539 scrip-

123 2555 176 2590 sit
203 2551 423 2590 Historiam
445 2551 491 2591 de
510 2552 633 2603 qest-is
668 2551 835 2590 Henrici
853 2552 898 2589 II
917 2550 1081 2602 Angliae

120 2614 253 2664 Regis,
274 2613 473 2652 laudatam
496 2614 545 2652 ab
568 2615 734 2652 Henrico
750 2613 969 2652 Warthono
985 2617 1079 2651 tom.

122 2675 324 2727 IAngliae
358 2686 492 2714 sacrae
526 2687 613 2726 pag.
653 2676 740 2715 469.
780 2677 892 2714 Illam
922 2676 1079 2726 plenam

121 2750 211 2778 esse
226 2738 339 2777 bonis
354 2737 522 2788 politicis
535 2737 896 2787 observationibus,
912 2737 1079 2787 ejusque

121 2801 301 2852 vestigiis
341 2799 509 2838 libenter
554 2799 737 2837 insistere
780 2798 1076 2848 llovedenium,

122 2865 508 2914 Bromptonumque,
529 2861 682 2899 notavit
698 2860 799 2899 Guil.
816 2860 1076 2900 Nicholsonus

123 2926 163 2963 in
182 2924 423 2963 Bibliotheca
445 2923 637 2962 Historica
660 2921 845 2973 Angliae,
864 2921 969 2960 edita
997 2921 1078 2961 Λιι-

123 2988 222 3039 glice
246 2987 367 3026 Lond.
399 2985 500 3026 4744
527 2985 587 3024 sol.
617 2995 702 3036 pag.
734 2982 795 3022 77.
826 2983 922 3022 Vide
950 2984 1076 3034 inira,

121 3049 356 3089 Benedictus
379 3047 613 3099 Petroburq.

175 3112 459 3152 BENDlCTUS
473 3109 672 3158 Accoltus,
689 3109 756 3160 qui
774 3107 990 3146 Florentiae
1005 3105 1078 3145 An.

123 3174 220 3214 4464
252 3174 357 3214 obiit.
380 3175 436 3213 De
457 3173 529 3212 hoc
550 3183 692 3223 supra,
722 3169 997 3210 AGCOLTUS.

178 3316 193 3332 ⁸
214 3320 310 3350 Tom.
326 3319 367 3349 lv
384 3316 620 3350 Analectorum
636 3322 711 3356 pag.
730 3314 792 3346 555
811 3311 996 3354 (editionis
1023 3320 1080 3344 no-

117 3374 180 3402 vae
199 3376 275 3410 pag.
301 3366 400 3407 181.)

2027 223 2102 262 189

1200 296 1514 337 BENEDICTUS
1528 294 1575 334 dc
1589 293 1758 334 Accoltis
1773 293 2104 346 Archiepiscopus

1146 360 1357 398 Ravennas
1380 358 1401 381 ³*
1421 359 1470 398 ab
1489 357 1604 397 Anno
1624 358 1726 397 4524
1749 357 1798 396 ad
1823 357 1936 397 4549.
1958 358 2026 408 qui
2047 358 2105 394 in-

1149 426 1209 460 ter
1232 426 1369 471 poetas
1389 423 1450 461 sui
1469 421 1658 472 temporis
1677 431 1699 459 a
1726 420 1822 459 Lilio
1840 419 2013 470 Gyraldo
2041 431 2106 458 ce-

1149 483 1333 523 lebratur.
1350 483 1449 534 Ejus
1463 487 1644 534 poemata
1661 484 1763 522 inter
1778 483 1954 533 quinque
1969 482 2105 520 Poeta-

1148 554 1237 585 rum
1261 547 1545 585 lletruscorum
1568 546 1760 593 carmina,
1784 545 1953 583 Florent.
1981 544 2103 589 1562,

1149 609 1173 646 8
1192 613 1232 647 et
1249 608 1286 646 in
1307 607 1557 646 Carminibus
1574 607 1787 646 illustrium
1806 608 2013 645 Poetarum
2029 607 2105 645 lta-

1149 671 1298 717 lorum,
1336 673 1442 707 tomo
1475 669 1490 706 l
1525 669 1694 707 Florent.
1721 668 1840 718 47497
1865 670 1899 706 8.
1936 669 1997 708 Ex
2027 669 2103 707 illis

1149 732 1315 771 unicum
1352 730 1601 769 octastichon
1631 732 1668 768 in
1699 732 1838 770 Pacem
1878 733 2104 771 restitutam

1148 794 1344 833 Ranutius
1384 792 1541 832 Gherus
1565 823 1572 841 ‚
1616 794 1701 832 sive
1743 795 1868 833 Janus
1909 795 2105 833 Gruterus

1149 856 1233 894 suis
1271 854 1421 893 deliciis
1457 856 1666 894 Poetarum
1700 856 1899 894 Gallorum
1926 858 2103 896 inseruit.

1149 917 1332 969 Quinque
1351 915 1440 967 ejus
1462 916 1662 968 Epistolae
1703 918 1741 956 in
1780 918 1986 956 Volumine
2013 919 2106 970 Epi-

1150 980 1342 1018 stolarum
1363 980 1558 1018 clarorum
1574 981 1766 1019 Virorum.
1782 980 1931 1018 Omitto
1949 981 2105 1028 inedita,

1150 1054 1251 1093 quae
1272 1046 1464 1081 memorat
1485 1043 1614 1081 Julius
1635 1044 1750 1094 Niger
1774 1043 1822 1082 de
1843 1044 2107 1094 Scriptoribus

1151 1105 1388 1143 Florentinis
1411 1116 1496 1156 pag.
1527 1106 1588 1144 88.
1612 1106 1803 1144 Libellum
1840 1105 1886 1144 de
1921 1104 2106 1144 laudibus

1152 1167 1196 1205 B.
1221 1166 1394 1216 Mariae,
1420 1172 1461 1206 et
1497 1168 1619 1207 alium
1657 1168 1703 1206 de
1740 1167 1996 1207 immaculata
2023 1169 2109 1219 ejus

1151 1230 1413 1281 conceptione,·
1435 1235 1475 1268 et
1496 1232 1727 1269 Tractatum
1751 1230 1797 1269 de
1819 1231 1918 1270 Jure
1951 1230 2109 1282 Pontifi-

1151 1304 1241 1331 cum
1265 1293 1304 1331 in
1323 1304 1488 1344 reqnum
1512 1291 1824 1344 Neapolitanum.

1205 1355 1734 1406 BENEDICTUSAnylicus,
1751 1356 1842 1394 vide
1857 1356 1987 1411 paullo
2003 1360 2107 1405 ante,

1153 1416 1304 1468 Abbas,
1327 1422 1447 1468 atque
1483 1419 1599 1467 infra,
1634 1418 1858 1472 Biscopius,
1897 1417 2110 1458 Claudoce-

1154 1481 1339 1520 strzensis
1361 1486 1401 1520 et
1428 1480 1756 1531 Petriburqensis.

1206 1544 1527 1583 BENEDICTUS
1540 1543 1738 1594 Anianae,
1760 1545 1845 1582 sive
1867 1544 2016 1583 Aniani
2028 1546 2053 1593 ἦ
2070 1545 2108 1583 in

1154 1607 1355 1645 Britannia
1379 1607 1549 1656 minore,
1584 1608 1669 1645 sive
1694 1607 1934 1658 Septimania
1962 1607 2109 1646 Galliae

1153 1667 1286 1707 Abbas
1322 1668 1622 1716 Benedictinus,
1654 1669 1868 1709 defunctus
1906 1675 1968 1708 est
1996 1670 2110 1709 Anno

1153 1731 1304 1770 CHristi
1327 1731 1396 1770 824
1424 1736 1528 1770 teste
1550 1731 1709 1771 Ardone
1730 1732 1945 1783 Smaragdo
1969 1735 2008 1772 in
2023 1733 2110 1783 ejus

1151 1793 1259 1841 Vita,
1279 1797 1320 1831 et
1349 1794 1440 1831 fecit
1457 1795 1470 1833 4
1489 1793 1678 1843 >Librum
1700 1794 1746 1833 de
1766 1795 1915 1847 requlis
1937 1795 2111 1836 diverso-

1155 1868 1246 1895 rum
1266 1858 1451 1904 Patriam,
1466 1858 1533 1908 qui
1557 1858 1689 1896 editus
1713 1862 1775 1896 est
1798 1870 1819 1896 a
1841 1860 1944 1898 Luca
1958 1860 2111 1898 Holste-

1154 1921 1218 1957 nio
1241 1919 1316 1958 sub
1335 1920 1464 1958 Titulo
1483 1919 1638 1959 Codicis
1656 1920 1914 1970 Regularum,
1952 1920 2000 1958 de
2032 1932 2109 1970 quo

1154 1981 1232 2021 dixi
1259 1993 1378 2032 supra
1402 1994 1436 2032 p.
1462 1983 1538 2020 535
1561 1993 1618 2032 sq.
1645 1982 1687 2031 2)
1717 1983 1837 2020 alium
1862 1981 2012 2021 collatis
2036 1985 2107 2021 Re-

1153 2043 1343 2095 9ularum
1366 2044 1565 2083 sententiis
1589 2044 1805 2096 composuit
1827 2043 1985 2093 librum,
2008 2057 2111 2096 quae.

1156 2110 1219 2144 est
1257 2105 1478 2145 Concordia
1513 2105 1773 2157 Reyzilarztm‚
1799 2106 1847 2146 de
1871 2120 1949 2158 qua
1973 2108 2108 2145 itidem

1157 2179 1277 2219 supra
1299 2169 1382 2207 loco
1407 2169 1470 2207 illo
1494 2169 1650 2208 abunde
1673 2169 1843 2218 dictum,
1867 2175 1907 2208 et
1928 2171 1988 2208 cui
2019 2182 2111 2209 cum

1154 2230 1320 2271 eruditis
1344 2234 1447 2270 notis
1467 2231 1595 2270 editae
1616 2233 1772 2271 Parisiis
1797 2233 1916 2275 4638.
1944 2233 1977 2271 i.
2003 2234 2112 2278 llugo

1153 2294 1364 2333 Menardus
1387 2296 1591 2346 praemisit
1613 2294 1736 2334 vitam
1759 2297 1944 2346 scriptam
1966 2295 2014 2334 ab
2042 2295 2114 2334 Ar-

1154 2356 1255 2395 done
1277 2356 1511 2407 smaragdo,
1530 2358 1666 2407 (atque
1692 2358 1728 2395 in
1751 2357 1861 2396 Actis
1876 2359 2110 2397 Sanctorum

1158 2418 1206 2457 42
1228 2418 1444 2466 Februarii,
1469 2423 1509 2457 et
1534 2420 1619 2457 See.
1639 2420 1661 2457 3
1676 2420 1916 2458 Benedictin.
1939 2420 2109 2467 obviam)

1154 2485 1194 2517 et
1216 2481 1436 2530 Epistolam
1461 2482 1622 2519 Patrum
1644 2480 1789 2518 Indani
1813 2481 2045 2519 Monasterii
2061 2481 2106 2519 ad

1155 2541 1364 2579 Monachos
1386 2533 1635 2581 Anianenses
1658 2543 1706 2581 de
1726 2543 1832 2580 obitu
1848 2544 1971 2581 Patris
1987 2544 2111 2580 Bene-

1155 2602 1266 2650 dicti,
1290 2602 1470 2652 ejusdem
1495 2604 1694 2642 Benedicti
1716 2604 1912 2655 Epistolas
1936 2604 2035 2642 duas
2059 2605 2104 2641 ad

1154 2665 1366 2715 Georgium
1392 2667 1429 2703 in
1459 2665 1622 2704 Abbatia
1644 2677 1931 2704 successorem.
1958 2665 2004 2704 ad
2034 2668 2109 2706 Nc-

1157 2727 1327 2766 bridium
1354 2727 1701 2778 Archiepiscopum
1721 2727 2027 2767 Narbonensem.
2054 2730 2076 2766 3
2099 2740 2106 2775 )

1152 2788 1275 2827 alium
1299 2801 1354 2827 eoe
1375 2793 1602 2827 sanctorum
1637 2791 1803 2828 Patrum
1826 2789 2008 2829 Homiliis
2032 2790 2080 2829 de
2097 2822 2105 2831 .

1151 2863 1228 2901 quo
1249 2852 1344 2890 haec
1362 2852 1572 2891 Menardus
1596 2854 1633 2891 in
1657 2853 1945 2903 Prolegomenis
1975 2864 2009 2902 p.
2043 2853 2103 2891 43.

1151 2914 1224 2952 Hic
1248 2912 1347 2951 liber
1367 2917 1483 2951 artat
1504 2915 1584 2953 MS.
1611 2914 1650 2952 in
1668 2915 1744 2966 fine
1783 2913 1902 2965 hujus
1938 2914 2106 2953 Concor-

1152 2975 1241 3014 de'ac
1271 2975 1310 3013 in
1334 2975 1473 3015 Codice
1501 2977 1534 3014 F
1537 2975 1762 3023 loriacensi,
1798 2988 1873 3014 non.
1898 2980 2025 3014 tanton
2050 2976 2107 3013 in-

1153 3041 1277 3087 teyer:
1301 3038 1397 3088 quia
1427 3039 1466 3077 in
1490 3038 1567 3090 line
1605 3039 1746 3079 desunt
1775 3038 1967 3090 quaedam
1995 3037 2103 3090 solia.

1154 3102 1222 3140 Ea:
1241 3112 1472 3154 unoquoque
1495 3107 1656 3142 ciuctorc
1676 3102 1851 3140 citantur
1874 3100 2018 3140 multae
2030 3113 2105 3153 pa-

1204 3263 1218 3277 ·
1238 3263 1316 3295 Vide
1331 3263 1501 3304 Ughellum
1517 3268 1597 3295 tom.
1614 3265 1652 3295 ll.
1671 3271 1746 3303 pag.
1760 3262 1833 3294 595.

1202 3313 1227 3355 -ξ-
1249 3314 1328 3347 Vide
1345 3315 1489 3346 menardi
1508 3313 1746 3354 prolegomena
1764 3313 1804 3347 ad
1822 3311 2041 3345 Concordiam
2061 3319 2108 3341 re-

1132 3365 1228 3409 gular
1246 3374 1323 3407 pag.
1338 3366 1378 3398 47
1403 3374 1473 3406 seq.
