2500 4009
430 239 509 277 :378

431 307 648 344 bliothvcae
665 304 835 339 Graecae
857 310 942 347 pag.
962 298 1037 335 553
1061 298 1200 334 imit-ati
1220 298 1382 347 sudaei,

430 374 515 407 tum
541 364 753 406 Germani,
779 359 944 408 Belgae,
969 357 1084 408 Angli
1109 363 1184 396 etc.

481 430 576 467 COR
586 425 681 463 1)οΜ
690 420 834 459 ENSlS
848 419 1038 457 Abbatiae
1055 423 1096 457 et
1111 420 1160 458 ab
1174 419 1248 458 An.
1267 422 1334 462 434
1346 422 1382 460 7.

432 490 687 539 lipia-optimis
710 483 746 518 in
768 480 918 528 Gallia,
943 479 1163 520 Clzronicon
1186 493 1314 532 usque
1334 483 1383 522 ad

429 552 586 587 Annum
614 544 706 583 1371
735 541 886 581 editum
911 553 933 580 a
957 542 1265 598 Dacheriotom.
1291 546 1382 584 Xlll

428 607 613 659 spicilegii
637 615 723 655 pag.
751 604 851 653 432,
874 607 968 642 tom.
993 605 1026 642 11
1051 603 1234 644 editionis
1259 617 1384 646 novae

427 682 510 719 pag.
536 666 723 705 580-602.

479 727 747 768 CONGANUS
770 726 904 765 Abbas
928 727 1124 766 Ilibernus
1149 729 1387 768 cistercien-

425 794 505 830 sis.
545 793 583 829 S.
622 787 840 828 Bernhardi
877 790 1030 827 amicus
1049 819 1057 836 ,
1094 791 1209 840 eique
1248 795 1387 830 auctor

426 851 656 891 scribendae
699 851 805 888 vitae
849 850 888 888 S
926 851 1138 890 Malachiae
1154 882 1164 898 ,
1203 853 1384 904 Episcopi

427 914 611 959 lliberni,
636 912 711 950 An.
739 912 842 950 4⁴48
870 910 1073 959 defuncti,
1097 924 1198 962 quae
1229 916 1267 951 in
1296 925 1387 963 ope-

428 977 536 1014 ribus
553 973 768 1013 Bernhardi
786 973 930 1023 legitur
945 1002 954 1018 ‚
972 978 1150 1025 utsupra
1167 987 1203 1025 p.
1225 976 1301 1014 208
1319 987 1387 1014 no-

429 1043 511 1074 tare
536 1047 599 1073 me
623 1035 784 1072 memini
805 1063 812 1081 ,
834 1039 873 1072 et
896 1035 932 1071 in
950 1034 1122 1074 Thomae
1146 1037 1388 1083 Messingha-

428 1099 480 1136 mi
505 1096 690 1145 florilegio
711 1095 948 1134 Sanctorum
970 1096 1176 1135 Hiberniae
1196 1108 1281 1147 pag.
1298 1098 1386 1136 350.

428 1158 535 1197 ldem
560 1159 772 1207 Conganus
791 1159 910 1195 etiam
933 1159 1015 1208 ipse
1038 1160 1161 1197 vitam
1185 1159 1290 1197 illius
1309 1161 1386 1198 Ma-

428 1220 577 1258 lachiae
601 1220 811 1269 scripsisse
835 1218 1006 1258 traditur
1028 1231 1048 1258 a
1074 1220 1190 1259 Baleo
1210 1222 1312 1261 XIV.
1335 1222 1384 1259 86

426 1287 546 1331 atque
577 1280 665 1318 inde
695 1291 717 1318 a
742 1280 908 1319 Simlero
937 1286 978 1318 et
1006 1282 1250 1332 possevino,
1281 1282 1385 1332 quod

427 1344 565 1381 merito
591 1343 757 1380 miratus
780 1342 946 1380 Vossius
971 1353 1056 1393 pag.
1086 1343 1160 1381 418
1184 1343 1232 1381 de
1257 1345 1387 1383 Histo-

427 1406 518 1442 ricis
540 1404 712 1450 Latinis,
731 1415 860 1454 neque
880 1403 1016 1442 dubito
1037 1404 1202 1443 Baleum
1223 1410 1262 1444 et
1284 1405 1385 1444 hanc

428 1466 549 1503 vitam
580 1464 790 1503 Malachiae
830 1469 870 1503 et
906 1465 1175 1515 Epistolarum
1215 1465 1263 1504 ad
1292 1468 1385 1505 Ber-

428 1527 625 1565 nhardum
655 1527 800 1565 librum
824 1526 1026 1575 Congani,
1057 1538 1107 1565 ex
1138 1528 1271 1566 verbis
1295 1530 1388 1566 Ber-

431 1588 568 1627 nhardi
585 1588 809 1625 confixisse.
827 1587 932 1626 Obiit
947 1587 1254 1628 BernhardusA.
1273 1591 1387 1628 4453.

481 1649 777 1688 CONGELLL'S
799 1650 1037 1697 Britannus,
1069 1649 1201 1688 Abbas
1232 1652 1388 1689 Banno-

431 1710 638 1747 chorensis
662 1710 764 1748 circa
788 1709 950 1748 Annum
971 1711 1125 1749 CHristi
1150 1712 1200 1749 53
1222 1713 1390 1761 scriptor

432 1769 604 1820 Reyulae
632 1770 918 1809 nonachorum
935 1803 944 1819 ,
971 1783 1072 1821 quae
1097 1783 1118 1809 a
1142 1773 1258 1810 Baleo
1289 1773 1392 1810 Cen—

433 1837 509 1870 tur.
529 1833 562 1878 l,
581 1843 663 1881 cap.
687 1833 750 1870 53.
768 1834 895 1870 Pitseo
912 1844 999 1882 pag.
1017 1833 1079 1870 9’5.
1098 1833 1267 1871 Waraeo
1289 1833 1394 1870 aliis-

435 1904 512 1942 que
537 1897 781 1931 memoratur
804 1893 878 1930 sub
903 1893 1018 1931 titulo
1041 1891 1088 1931 de
1111 1891 1313 1943 reyularis
1337 1893 1396 1932 vi-

435 1958 496 1992 tae
518 1952 720 2002 methodo,
751 1959 790 1992 et
818 1953 1093 2004 Epistularum
1123 1954 1176 1992 ad
1206 1953 1394 1995 Coenobi-

437 2020 570 2052 tarum
594 2016 749 2053 Patres.

492 2078 509 2097 ⁸
535 2075 742 2125 Conyellus
762 2087 838 2113 non
860 2077 1093 2124 Britannus,
1118 2081 1163 2115 ut
1183 2077 1247 2114 hic
1263 2078 1395 2115 Fabri-

438 2138 549 2182 cius,
573 2137 642 2174 sed
668 2137 864 2174 llibernus
882 2166 890 2182 ,
911 2142 951 2174 et
975 2139 1012 2174 in
1037 2137 1305 2174 Benchorensi
1334 2137 1395 2175 Ul-

440 2199 567 2235 toniae
592 2199 826 2235 Monasterio
848 2198 1006 2243 Abbas,
1031 2202 1077 2236 ut
1097 2199 1246 2235 evincit
1266 2198 1396 2235 Mura-

440 2260 564 2296 torius
589 2259 625 2295 in
641 2259 880 2308 praefatione
898 2259 945 2296 ad
970 2258 1303 2309 Antiphonarium
1330 2270 1398 2296 ve-

442 2324 594 2357 tustum
613 2321 839 2357 monasterii
854 2319 1141 2357 lionchorerisis
1157 2331 1179 2357 a
1196 2330 1238 2357 se
1260 2321 1399 2370 vulga—

443 2386 525 2418 tum
556 2380 746 2418 Anecdot.
762 2386 788 2417 t.
808 2381 842 2417 li.
860 2382 904 2418 ln
927 2392 972 2418 co
997 2391 1091 2418 vero
1122 2380 1396 2430 antiphonario

444 2443 738 2489 Vetustissimo,
757 2446 798 2479 et
823 2442 969 2480 saeculi
987 2442 1142 2486 saltem,
1160 2446 1204 2480 ut
1222 2442 1304 2491 ipsc
1316 2443 1398 2481 Mu-

443 2505 610 2541 ratorius
645 2503 880 2550 arbitratur,
906 2504 1005 2541 Vlll.
1047 2504 1190 2552 legitur
1228 2501 1398 2553 hymnus

441 2565 480 2603 S.
508 2563 680 2613 (immillo
696 2562 844 2602 Abbati
866 2567 998 2603 nostro
1026 2566 1104 2614 (sic)
1130 2564 1288 2604 dicatus
1311 2576 1397 2616 pag.

450 2627 519 2663 139
552 2627 687 2676 incipit

623 2695 855 2725 Recordemur
870 2695 1041 2732 J'usliliae

620 2743 746 2775 Nostri
768 2743 915 2783 patroni
939 2743 1102 2783 sulqidae

449 2814 488 2850 ln
509 2823 554 2848 eo
574 2812 749 2849 carmine
771 2810 971 2861 designari
992 2811 1099 2849 haud
1121 2811 1288 2850 obscure
1310 2822 1402 2849 cen-

447 2884 512 2911 seo
554 2874 741 2922 scriptam
783 2872 831 2909 ab
875 2883 919 2909 eo
964 2873 1140 2921 regulam
1159 2902 1167 2920 ,
1197 2874 1311 2911 cuius
1341 2872 1402 2910 hic

450 2934 646 2972 Fabricius
675 2934 880 2980 meminit,
914 2934 965 2971 ita
994 2934 1099 2971 enim
1131 2935 1179 2972 ibi
1210 2935 1295 2985 lego

624 3011 729 3042 Rexit
750 3011 783 3042 S.
807 3011 1004 3040 Ecclesiam

627 3059 849 3090 catholicum
875 3069 938 3098 per
962 3060 1132 3099 requiam.

504 3125 675 3165 Jaezeobns
698 3127 1140 3176 CONGELSHOWUS,
1166 3130 1250 3165 sive
1280 3126 1404 3166 Twin-

455 3200 522 3232 ‘11¹7-
545 3188 590 3226 tle
614 3189 996 3228 KONlNGSllOFliN
1018 3200 1070 3238 a„
1093 3191 1232 3229 nobilis
1255 3189 1405 3240 Argen-

513 3328 545 3362 Α)
569 3329 740 3359 vimmaco
763 3330 986 3362 uuilliinanno
1010 3331 1063 3363 liic
1090 3331 1196 3370 lteyio
1222 3331 1390 3362 villanus,

1152 229 1692 269 CONDOMENSIS

1458 301 1669 339 toratensis
1683 304 1723 338 et
1739 301 1974 352 Presbyter,
1995 313 2045 341 cx
2072 302 2189 353 eujus
2217 303 2410 345 Chronico

1459 361 1652 400 Urstisius
1673 366 1766 400 tom.
1788 363 1820 400 ll
1842 365 2078 414 scriptorum
2100 376 2233 403 rerum
2249 365 2412 406 Germa-

1458 425 1637 462 nicarum
1661 434 1747 474 pag.
1774 424 1848 462 480
1872 424 1993 463 edidit
2014 426 2151 465 Latine
2175 427 2410 467 translatam

1457 484 1687 524 sententiam
1725 485 2062 526 exauctorationis
2100 491 2137 526 et
2168 487 2412 540 privationis

1463 545 1684 586 Wenceslai
1708 546 1968 597 Imperatoris
1997 549 2116 588 latam
2147 550 2195 588 ab
2223 550 2414 589 Electori-

1457 607 1532 646 bus
1556 608 1712 658 Imperii
1736 607 1809 646 An.
1833 609 1948 647 4400.
1971 609 2020 649 20
2044 609 2212 660 August.
2238 612 2413 663 Koning-

1459 668 1625 706 shosenii
1648 668 1869 708 Chronicon
1888 671 2084 721 integrum
2107 673 2299 723 scriptum
2320 673 2417 712 Ger-

1460 731 1613 768 manice
1641 735 1682 768 et
1711 742 1775 769 res
1802 731 1851 769 ab
1879 731 1971 769 orbe
2005 731 2188 783 condito,
2218 733 2415 773 Alsaticas

1459 792 1692 841 praesertim
1731 796 1772 829 ct
1807 791 2166 842 Argentoratenses
2205 795 2341 846 usque:
2367 795 2416 835 ad

1459 852 1620 891 Annum
1652 853 1753 891 4386
1784 864 2032 902 persequens
2063 853 2186 892 edidit
2219 857 2280 894 vir
2305 869 2418 908 prae-

1461 915 1592 953 clarus
1621 914 1822 952 Johannes
1851 914 2072 953 Schilterus
2101 916 2135 964 a)
2167 914 2419 968 Argentorati

1466 976 1565 1014 4698
1584 1004 1592 1023 ,
1616 976 1650 1012 4.
1669 974 1815 1013 additis
1839 975 2052 1025 praeclaris
2075 976 2419 1019 observationibus

1462 1037 1659 1075 historicis
1679 1041 1719 1074 et
1738 1037 2006 1087 Diplomatum
2028 1039 2210 1076 veterum
2231 1041 2416 1079 auctario.

1462 1100 1562 1138 Cum
1588 1098 1807 1136 Chronicon
1834 1098 1941 1137 istud
1963 1099 2000 1136 in
2022 1097 2096 1137 An.
2118 1099 2221 1138 4386
2244 1099 2418 1149 desinat,

1462 1170 1625 1198 necesse
1646 1163 1708 1197 est
1729 1159 1942 1198 Urstisium
1967 1161 2209 1200 sententiam
2233 1165 2420 1200 exaucto-

1460 1222 1622 1260 rationis
1647 1221 1873 1259 Wenceslai
1898 1222 2099 1271 accepisse
2119 1233 2169 1261 ex
2187 1222 2354 1272 Codice,
2378 1224 2417 1262 in

1461 1294 1538 1333 quo
1564 1283 1627 1321 illa
1650 1283 1698 1321 ab
1721 1283 1795 1321 alia
1827 1294 1948 1322 manu
1977 1283 2177 1332 Chronico
2200 1285 2421 1336 Konigsho-

1462 1345 1552 1383 senii
1576 1344 1787 1394 subjuncta
1812 1345 1952 1383 fuerat.

1514 1406 1848 1445 CONNOVITIUS
1870 1405 2090 1455 Sacerdos,
2117 1408 2285 1459 scriptor
2307 1419 2421 1448 coae-

1462 1479 1538 1506 vus
1568 1467 1674 1506 Vitae
1696 1468 1736 1506 S.
1761 1466 2047 1519 Hildeynnclis,
2078 1480 2180 1519 quae
2209 1469 2283 1509 An.
2316 1471 2420 1510 4488

1462 1531 1584 1578 obiit,
1615 1530 1743 1569 editae
1775 1532 1811 1568 in
1842 1530 1954 1570 Actis
1983 1531 2221 1570 Sanctorum
2249 1535 2343 1570 tom.
2373 1533 2420 1571 ΙΙ.

1463 1591 1584 1642 April.
1610 1592 1685 1639 20,
1710 1603 1784 1643 pag
1821 1591 1910 1630 782.

1515 1655 1690 1704 Roqerus
1701 1652 1974 1702 CONOWAY,
1990 1654 2075 1692 Sive
2092 1653 2420 1693 CONOWAEUS

1467 1715 1596 1765 (apud
1626 1715 1859 1754 Goldastum
1899 1714 2123 1759 CllONOEl
2163 1726 2214 1754 ex
2249 1716 2424 1755 Conovio

1467 1777 1748 1824 Cambrensis,
1786 1776 1968 1826 Anglus,
2006 1775 2168 1814 Ordinis
2203 1777 2423 1826 Minorum‚

1466 1837 1680 1876 defunctus
1703 1837 1867 1875 Londini
1888 1837 1961 1876 An.
1990 1838 2104 1877 4360.
2129 1837 2229 1889 Ejzls
2252 1836 2423 1890 defensio

1470 1898 1674 1949 reliyionis
1697 1898 2004 1937 mendicantium
2033 1899 2082 1938 de
2105 1899 2429 1939 Confessionibus

1466 1973 1537 2012 per
1572 1961 1788 2011 Regulares
1825 1961 2034 1999 audiendis
2071 1965 2208 2000 contra
2241 1960 2424 1999 Richardi

1468 2023 1758 2073 Philoradulphi
1789 2021 1855 2073 b),
1884 2021 2179 2073 Archiepiscopi
2210 2020 2426 2061 Armacha—

1471 2085 1534 2132 ni,
1559 2086 1750 2134 scriptum
1776 2083 1850 2122 An.
1877 2083 1993 2122 4357.
2016 2084 2221 2122 Avenione
2250 2083 2423 2134 proposi-

1471 2149 1581 2192 tum,
1606 2150 1738 2183 exstat
1762 2146 1799 2182 in
1820 2144 1996 2183 Goldasti
2018 2145 2240 2183 Monarchia
2265 2145 2422 2194 Imperii

1469 2210 1562 2243 tom.
1594 2207 1671 2254 Ill,
1708 2217 1793 2256 pag.
1833 2205 2070 2244 4440-4434
2100 2207 2161 2244 cui
2190 2216 2276 2256 pag.
2309 2206 2424 2245 4392.

1471 2266 1707 2306 Armachani
1735 2268 1928 2318 seriptum
1949 2268 2228 2318 praemittitur.
2252 2267 2426 2317 Utraque

1471 2331 1582 2378 prius
1611 2340 1758 2367 excusa
1794 2330 1951 2367 Parisiis
1989 2329 2093 2366 1496
2121 2332 2163 2367 et
2192 2329 2287 2367 4544
2323 2332 2427 2366 testo

1471 2389 1692 2439 Waddingo
1722 2401 1808 2440 pag.
1839 2390 1928 2429 31¹2.
1966 2388 2230 2428 Bibliothecae
2268 2388 2428 2428 Ordinis

1470 2453 1688 2498 Minorum‚
1710 2452 1775 2500 qui
1798 2455 2002 2501 practerea
2026 2454 2198 2488 testatus
2217 2453 2280 2489 est
2298 2461 2341 2489 se
2362 2450 2430 2489 ha-

1472 2513 1564 2550 bere
1588 2513 1692 2551 MSS.
1718 2512 1911 2551 Connovii
1937 2512 2191 2562 quaestiones
2221 2515 2303 2550 tres
2331 2513 2429 2551 satis

1472 2574 1636 2613 dill'usas
1657 2578 1698 2611 ct
1722 2575 1758 2611 in
1784 2573 1919 2624 plures
1943 2572 2153 2611 distinctas
2173 2573 2360 2612 articulos
2381 2571 2429 2611 de

1476 2635 1640 2675 Cllristi
1669 2638 1908 2687 paupertate
1946 2637 1982 2672 et
2009 2633 2178 2672 dominio
2213 2632 2428 2686 temporali.

1473 2699 1532 2736 Jo.
1557 2698 1698 2736 Baleus
1722 2698 1783 2735 Vl.
1809 2695 1833 2734 7
1857 2699 1898 2734 et
1922 2697 2078 2735 Pitscus
2101 2706 2187 2746 pag.
2214 2695 2288 2733 484
2319 2706 2430 2746 prae-

1475 2764 1582 2797 terea
1606 2770 1697 2798 cum
1724 2757 1946 2809 Waddingo
1975 2761 2199 2797 memorant
2227 2755 2314 2807 ejus
2337 2757 2430 2796 Ser-

1475 2833 1604 2859 mones
1619 2852 1630 2869 ,
1655 2822 1846 2858 tecturas
1862 2850 1872 2868 ,
1897 2817 2152 2868 Quaestiones
2179 2816 2427 2868 Theoloyiae,

1475 2882 1825 2922 Determinationes
1848 2879 2139 2930 Scholasticas,
2163 2884 2203 2919 et
2225 2878 2271 2918 de
2289 2881 2429 2918 extra-

1476 2944 1659 2995 vayantis
1682 2943 1907 2982 Pontificiae
1931 2940 2194 2981 intellectione.

1531 3003 1803 3046 CONRADINI
1828 3004 2018 3041 Sermone
2045 3002 2094 3042 de
2123 3007 2299 3053 tempore
2320 3000 2426 3040 MSS.

1478 3070 1515 3106 in
1546 3066 1784 3108 Bibliotheca
1814 3064 1975 3102 Paulina
2012 3063 2205 3114 Lipsiensi
2234 3073 2321 3114 pag.
2350 3062 2426 3100 453

1479 3131 1644 3170 sortasse
1663 3124 1880 3170 Conraclini
1892 3124 2062 3163 Bornati
2071 3155 2083 3174 ,
2099 3124 2315 3163 Brixiensis
2331 3151 2340 3173 ,
2356 3122 2427 3161 Or-

1533 3280 1567 3317 a)
1591 3283 1670 3310 Aeta
1691 3275 1790 3309 Erud.
1814 3278 1876 3306 An.
1904 3272 2006 3311 1698,
2028 3281 2104 3313 pag.
2124 3272 2198 3305 562.

1535 3327 1570 3366 b)
1595 3324 1756 3359 zelandus
1779 3331 1852 3362 cap.
1878 3322 1940 3354 415
1961 3325 1993 3354 ct
2015 3322 2087 3354 425.
