2500 4009
420 291 556 328 thecis.
604 289 697 327 vido
740 288 941 326 Oudinum
974 293 1067 324 tom.
1113 287 1240 323 tertio.
1284 296 1369 336 pag.

426 355 536 390 1091.

471 409 681 450 Mauritius
702 407 993 451 FORDANL'S,
1030 407 1183 455 Anglus
1201 437 1211 454 ‚
1241 407 1372 445 Mona-

418 473 566 511 nachus
603 467 870 506 Bernardinus
902 498 910 515 ,
950 467 1066 518 cujus
1111 469 1283 506 Carmen
1325 467 1371 505 de

418 532 611 570 schemate
634 526 854 578 Pontificali
874 527 923 566 ad
947 528 1223 578 Reginaldum,
1248 528 1375 567 Badu-

420 602 583 629 lwllSt‘lll
610 591 695 626 sive
721 588 1020 627 Bathoriensem
1053 594 1093 626 et
1128 589 1373 627 Wellensem

421 653 682 701 lipiscopuni,
709 648 841 687 laudat
868 649 1065 688 Lelandus
1079 660 1164 699 cap.
1188 650 1277 688 215.
1303 650 1376 687 Re—

418 710 601 757 ginaldus
632 710 694 748 ille
733 709 837 747 diem
863 710 957 748 obiit
991 711 1106 748 Anno
1138 711 1253 749 4492.
1280 710 1376 748 Vide

421 771 625 810 Warthoni
657 770 838 819 Angliam
866 782 1019 810 sacram
1043 776 1069 809 t.
1098 773 1111 810 4
1144 783 1180 821 p.
1209 772 1296 810 413.

468 835 644 883 Royerus
683 833 944 871 FORDANUS
983 833 1118 871 itidem
1145 833 1299 883 Anglus
1337 836 1377 871 et

415 895 632 933 Monachus
680 894 976 933 Bernardinus.
1019 905 1139 944 quem
1174 893 1276 932 idem
1308 895 1377 931 Le—

421 957 563 995 landus
584 968 669 1007 cap.
694 957 782 994 ¹205.
809 958 887 1002 ait,
919 956 1108 994 beneficio
1137 955 1375 993 GVlLELMI

419 1018 699 1069 Savi'ynensi's,
729 1019 764 1055 in
792 1028 916 1055 unum
941 1017 1129 1055 volumen
1155 1017 1375 1065 collegisse,

419 1086 457 1117 vt
491 1080 729 1118 Baldevino.
760 1078 936 1116 Fordauo
966 1078 1107 1116 Abbati
1139 1077 1374 1123 dedicasse,

420 1140 687 1180 Revelationes
730 1143 767 1179 S.
806 1140 1173 1186 EtlsABETHAE,
1206 1140 1376 1189 Virginis

418 1204 730 1253 Schoenaugiani
769 1202 1006 1240 Monasterii.
1051 1200 1281 1240 Elisabetha
1312 1200 1376 1238 illa

421 1265 605 1302 defuncta
643 1268 704 1301 est
734 1263 779 1301 A.
814 1263 926 1301 4468.
957 1262 1005 1300 de
1035 1273 1112 1311 qua
1142 1272 1261 1312 supra
1291 1272 1375 1312 pag.

423 1327 513 1363 502.
551 1336 633 1374 seq.
676 1324 819 1362 Iisdem
857 1323 1168 1361 revelationibus
1202 1323 1377 1372 Rogerus

422 1387 628 1435 subjunxit
652 1384 884 1424 Encomium
909 1385 952 1422 Β.
996 1383 1165 1434 Viryinis
1191 1384 1374 1422 versibus

422 1450 626 1498 scriptum.

478 1508 649 1548 ‚lacobus
681 1508 881 1560 Philippus
913 1509 1197 1554 FORESTUS,
1236 1509 1379 1558 Beryo-

428 1572 596 1619 mensis⁷
629 1572 753 1619 infra,
783 1571 1004 1610 JACOBL'S
1035 1569 1249 1621 Philippus.

480 1633 838 1671 FORLlVlENSES
853 1632 1042 1673 ¹Annales
1062 1632 1110 1669 ab
1129 1633 1243 1670 Anno
1266 1631 1378 1669 4275.

425 1697 471 1733 ad
508 1696 618 1734 1483.
648 1694 741 1732 editi
766 1706 785 1732 a
808 1694 1064 1731 celeberrimo
1094 1694 1308 1731 Muratorio
1340 1695 1376 1729 in

427 1756 684 1806 scriptoribus
720 1767 852 1793 rerum
885 1755 1109 1792 italicarum
1142 1759 1235 1791 tom.
1267 1754 1378 1791 xxii

429 1819 523 1856 Vide
545 1823 584 1855 et
616 1818 711 1855 infra
729 1849 738 1865 ‚
770 1816 1096 1855 HIERONYMUS
1113 1816 1380 1853 Forliviensis.

482 1882 520 1917 S.
560 1879 840 1926 FORMOSUS,
871 1879 999 1928 priore
1030 1878 1186 1915 nomine
1231 1877 1376 1914 Dama-

427 1953 518 1989 sus,
548 1953 596 1979 ex
640 1942 845 1979 Portuensi
886 1941 1079 1990 Episcopo
1110 1941 1211 1989 Papa
1242 1940 1382 1976 Roma-

424 2014 498 2040 nus
527 2002 575 2040 ab
604 2001 717 2039 Anno
748 2002 838 2039 891.
870 2002 1115 2051 Septembris
1138 2001 1198 2038 49.
1231 1999 1278 2037 ad
1303 1999 1383 2037 An—

432 2075 526 2101 num
557 2064 644 2100 896.
671 2063 814 2112 Aprilis
838 2062 873 2100 [ι.
899 2061 996 2111 Ejus
1023 2063 1181 2099 nomine
1203 2061 1381 2111 Epistola

430 2125 483 2162 «al
510 2125 723 2175 Episcopos
752 2122 937 2173 .·1119li'ae‚
968 2123 1191 2160 revocando
1223 2123 1383 2160 interdi-

432 2192 495 2223 cto
523 2191 558 2222 et
590 2184 636 2222 (le
667 2184 844 2222 Ecclesia
886 2183 1105 2234 Anqlicana
1151 2182 1244 2221 bene
1279 2183 1384 2221 orsli-

432 2245 565 2283 nanda
584 2246 686 2295 apud
712 2246 968 2283 wilhelmum
990 2244 1382 2283 Malmesburiensem

435 2308 530 2345 libro
564 2308 596 2345 l.
625 2306 673 2344 de
695 2308 816 2355 gestis
841 2306 1073 2343 Pontificum
1094 2305 1257 2356 Angliae
1278 2336 1287 2352 ‚
1314 2307 1384 2343 Ba-

437 2370 587 2406 ronium
613 2367 660 2405 ad
695 2369 855 2405 Annum
887 2366 975 2404 894.
1003 2378 1110 2404 num.
1150 2367 1214 2405 44.
1253 2367 1387 2416 Speel-

437 2441 625 2467 mannum
647 2433 739 2466 tom.
768 2431 780 2467 vl
813 2429 1075 2467 Conciliorum
1107 2428 1270 2478 Angliae
1300 2439 1385 2477 pag.

437 2494 511 2529 388
535 2493 600 2540 qui
624 2491 796 2528 Formosi
824 2501 965 2527 nomen
995 2500 1063 2539 pro
1090 2491 1217 2527 Leone
1243 2490 1285 2527 V.
1319 2501 1388 2540 pu-

437 2558 493 2590 tat
519 2553 750 2602 irrepsisse:
775 2562 1005 2600 quanquam
1043 2551 1197 2589 Gabriel
1223 2552 1389 2589 Cessar-

439 2615 516 2651 tius
533 2613 639 2650 malit
657 2624 725 2662 pro
741 2612 919 2649 Jolianne
946 2609 1014 2649 IX.
1037 2616 1076 2650 et
1099 2611 1388 2661 Papebroehius

438 2688 520 2725 pag.
562 2676 648 2713 446.
685 2679 850 2712 conatus
889 2673 1278 2712 Chronico-historici
1323 2685 1389 2712 su-

442 2739 614 2786 spicatur
650 2748 802 2774 merum
847 2747 936 2773 esse
981 2736 1214 2785 figmentum
1259 2735 1389 2774 Seculi

444 2799 507 2835 xl.
537 2809 614 2847 quo
637 2799 738 2834 inter
759 2798 1086 2835 Cantuariensem
1108 2800 1148 2833 et
1170 2796 1390 2834 Eboracen-

443 2871 525 2896 sem
566 2858 890 2908 .tr‹;hiopiscopos
929 2859 1000 2896 suit
1037 2858 1240 2895 contentio
1270 2862 1389 2907 atque

447 2921 701 2957 liberales-osis
730 2920 1004 2957 Cantuariensi
1034 2919 1193 2968 aequari
1216 2929 1285 2968 per
1310 2930 1393 2955 om-

448 2983 507 3018 nia
538 2982 685 3027 voluit7
717 2981 908 3030 primatus
937 2985 1072 3019 autem
1112 2980 1389 3017 Cantuariensi

447 3056 482 3079 iri
514 3042 583 3079 hac
608 3042 780 3091 Epistola
811 3042 1045 3080 vindicatur.
1075 3042 1210 3080 Altera
1240 3042 1394 3091 Episto-

448 3105 479 3140 la
501 3103 708 3152 respondet
728 3105 938 3143 Formosus
953 3104 1000 3142 ad
1018 3104 1249 3153 Epistolam,
1273 3114 1392 3152 quam

448 3163 647 3211 ‚stylianus
708 3164 1049 3203 Neocaesariensis
1107 3164 1393 3214 Euphratesiae

452 3226 664 3273 Episcopus
706 3226 754 3263 ad
793 3226 1039 3276 Stephanum
1084 3227 1127 3263 V.
1169 3227 1395 3276 scripserat.

453 3289 620 3333 tii-aquo
651 3287 686 3322 in
713 3289 829 3323 tonnis
853 3288 1117 3326 Conciliorum
1142 3287 1255 3325 obvia
1272 3317 1283 3334 ,
1308 3287 1395 3336 qui-

1209 217 1604 258 FORDANUS

1444 289 1519 327 bus
1541 288 1693 327 accedit
1716 290 1892 340 Epistola
1915 294 1969 332 acl
1995 295 2237 342 Ber-nonem,
2267 293 2398 334 Abba-

1444 353 1519 387 tcm
1549 349 1870 400 Gz'qm'acensem‚
1900 353 1948 392 de
1977 356 2193 405 privilegiis
2215 354 2397 404 ejusdem

1444 411 1689 456 Monasterii,
1714 411 1817 460 apud
1842 413 2047 453 Baluzium
2073 420 2167 454 tom.
2188 416 2212 454 2
2234 415 2383 454 Miscell

1445 483 1482 521 p.
1506 473 1593 510 459.
1615 472 1670 509 De
1687 470 1775 520 ejus
1798 472 1988 522 Epistolis
2003 475 2057 514 ad
2075 476 2308 525 Falconem,
2331 475 2406 515 Ar-

1447 533 1742 583 chiepiscopum
1787 534 2052 583 Remensem,
2080 537 2288 588 Regesque
2325 537 2401 576 Ca-

1447 592 1578 631 rolum
1607 598 1647 631 et
1673 592 1867 641 Odonem,
1898 595 1984 632 sive
2016 594 2198 635 Othonem
2221 596 2403 636 Flodoar-

1448 654 1524 693 dus
1555 655 1615 693 IV.
1646 655 1682 693 2.
1713 665 1796 704 seq.
1828 655 2014 694 historiae
2049 657 2283 707 Remensis‚
2312 662 2353 696 et
2380 669 2402 696 e

1449 720 1490 753 et
1517 727 1538 752 e
1568 715 1784 755 Flodoardo
1812 718 2005 756 Baronius
2034 716 2083 755 ad
2112 715 2275 758 Annum
2298 719 2401 767 893,

1450 778 1540 814 894.
1569 778 1641 815 Pro
1680 777 1994 817 ordinationibus
2023 789 2046 816 a
2073 778 2261 817 Formoso
2301 780 2405 830 Papa

1451 838 1564 876 saetis
1593 843 1633 876 et
1662 850 1731 888 pro
1755 849 1875 878 causa
1900 849 1945 877 ac
1970 840 2126 889 negotio
2154 841 2243 888 ejus
2269 844 2404 878 contra

1450 899 1697 950 Stephanum
1727 901 1809 938 Vll.
1839 901 2104 955 Sergiumque
2145 899 2403 951 Anti-Papam

1450 961 1660 1011 diligenter
1681 962 1841 1011 scripsit
1857 961 2112 1012 AUXlLlUS,
2129 960 2179 1000 de
2196 972 2274 1012 quo
2288 972 2406 1012 supra

1450 1027 1544 1059 tom.
1576 1023 1590 1060 4
1615 1052 1623 1070 ,
1652 1032 1737 1071 pag.
1771 1022 1847 1070 49,
1886 1033 1970 1072 seq.
2011 1023 2111 1062 Huic
2139 1023 2325 1061 Formoso
2349 1023 2407 1060 in-

1449 1087 1557 1121 eerta
1586 1082 1814 1132 conjectura
1844 1083 2030 1122 Oudinus
2053 1088 2147 1122 tom.
2172 1084 2196 1123 2
2213 1114 2223 1131 ,
2248 1095 2284 1134 p.
2315 1083 2405 1132 382,

1450 1155 1531 1193 seq.
1562 1144 1735 1182 tribuere
1758 1155 1834 1182 non
1856 1144 2012 1183 dubitat
2033 1143 2180 1184 librum
2202 1143 2408 1196 Pontifica-

1451 1205 1523 1243 lem
1547 1206 1608 1255 a),
1638 1206 1704 1255 qui
1736 1205 1811 1244 sub
1839 1205 2027 1245 DAMASI
2059 1206 2183 1244 fertur
2220 1207 2404 1245 nomine:

1451 1271 1490 1304 et
1515 1268 1646 1305 minus
1671 1267 1877 1305 verisimili
1918 1268 2038 1305 etiam
2074 1267 2298 1317 suspicione
2321 1277 2407 1317 pag.

1452 1328 1529 1367 387
1559 1329 1705 1378 scripta
1736 1329 1776 1366 in
1809 1329 1847 1367 S.
1878 1328 2107 1377 Hieronymi
2142 1327 2258 1367 obvia
2285 1328 2410 1378 operi-

1451 1390 1525 1428 bus
1545 1419 1552 1436 ,
1584 1390 1658 1428 sub
1690 1390 1806 1428 titulo
1828 1403 1836 1428 :
1867 1387 2035 1428 Eusebiz·
2055 1388 2102 1428 de
2124 1392 2248 1428 morte
2270 1390 2408 1428 Hzero—

1451 1451 1561 1502 nyma·
1596 1451 1644 1489 ad
1674 1452 1917 1499 Damasum,
1958 1450 2175 1501 Auqustini
2198 1449 2253 1488 ad
2282 1449 2411 1501 Cyril-

1454 1512 1533 1551 lum
1563 1513 1750 1551 llierosol.
1767 1517 1808 1551 et
1833 1511 1979 1564 Cyrz'lli
1998 1511 2054 1551 ad
2069 1511 2338 1563 Auyustinum
2361 1511 2409 1550 de

1454 1575 1655 1614 miraculis
1685 1575 1925 1623 Hieronymi.

1507 1637 1527 1659 ³*
1549 1636 1730 1675 Formosi
1750 1634 1930 1686 Epistola
1947 1634 2001 1673 ad
2013 1633 2180 1686 Anyliae
2195 1634 2411 1686 Episcopus

1453 1698 1603 1736 dissidii
1629 1698 1921 1747 Argumentum
1946 1697 2128 1748 praebuit
2148 1697 2269 1734 variis
2283 1695 2414 1734 erudi—

1454 1761 1528 1809 tis,
1555 1764 1599 1798 ut
1619 1759 1824 1798 Fabricius
1860 1759 2001 1796 innuit.
2038 1757 2227 1795 Omnium
2262 1760 2412 1807 postre-

1456 1833 1547 1860 mus
1563 1821 1800 1859 Wilkinsius
1820 1821 1859 1857 in
1880 1819 2067 1858 Conciliis
2082 1818 2309 1857 Britanniae
2322 1828 2414 1856 cen-

1456 1885 1537 1921 suit
1560 1893 1636 1920 non
1662 1883 1848 1920 Formoso
1872 1880 2033 1932 quidem
2050 1909 2060 1928 ‚
2081 1883 2150 1919 aut
2172 1880 2305 1930 potius
2325 1879 2416 1918 Ser-

1454 1947 1516 1995 gio
1540 1945 1589 1982 111
1611 1942 1863 1982 tribuendam
1887 1952 1996 1989 esse,
2013 1951 2243 1991 quanquam
2266 1944 2307 1979 et
2330 1941 2414 1991 ipsa

1455 2005 1632 2044 titubans
1657 2005 1807 2042 scribit.
1828 2004 2002 2042 Formosi
2018 2000 2236 2054 Epistolam
2258 1999 2313 2040 ad
2332 2011 2417 2040 ser-

1455 2078 1548 2105 vum
1577 2066 1650 2104 Dei
1692 2064 1985 2104 Gerundensem
2027 2062 2268 2114 Episcopum
2307 2061 2416 2101 dedit

1456 2129 1548 2165 olim
1575 2128 1613 2165 P.
1635 2128 1811 2165 Martene
1831 2125 2025 2164 Anecdot.
2052 2129 2080 2162 t.
2108 2126 2142 2163 4.
2165 2135 2202 2174 p.
2226 2124 2314 2163 239.
2345 2122 2415 2162 sed

1459 2190 1708 2238 integriorem
1748 2198 1797 2224 ex
1837 2188 1920 2237 ipso
1954 2190 2049 2236 typo
2073 2184 2323 2224 Gerundensi
2349 2183 2417 2223 de-

1458 2250 1616 2299 scripsit
1654 2248 1914 2297 vulgavitque
1948 2247 2179 2285 Dominicus
2225 2245 2417 2296 Georgius

1460 2312 1497 2348 in
1523 2308 1842 2347 adnotationibus
1857 2338 1868 2356 ,
1890 2318 1990 2357 quas
2013 2317 2092 2345 una
2111 2317 2203 2345 eum
2234 2307 2334 2345 meis
2353 2317 2419 2345 su-

1460 2373 1576 2409 biecit
1596 2371 1894 2408 recentissimae
1919 2368 2073 2407 Baronii
2097 2378 2176 2406 una
2197 2377 2288 2406 cum
2305 2368 2419 2418 Pagio

1461 2432 1620 2469 editioni
1648 2432 1816 2470 Lucensi
1839 2429 1887 2468 ad
1913 2441 1975 2468 an.
1993 2430 2085 2469 892.
2109 2440 2159 2467 ex
2179 2439 2258 2478 quo
2281 2439 2352 2479 ego
2376 2428 2420 2467 il-

1461 2495 1537 2532 lam
1563 2492 1651 2532 dedi
1676 2494 1713 2530 in
1735 2492 1930 2542 supplem.
1956 2490 2104 2530 Concil.
2126 2494 2156 2528 t.
2181 2491 2216 2529 4.
2237 2501 2274 2540 p.
2303 2489 2418 2528 4066.

1462 2553 1836 2604 adiungendamque
1860 2553 1997 2591 censui
2022 2551 2135 2590 alteri
2158 2550 2273 2590 datae
2288 2551 2422 2590 Monar-

1462 2615 1546 2654 cln's
1570 2617 1611 2654 S.
1636 2613 1829 2653 Theuderi
1859 2615 1895 2651 in
1921 2614 2116 2652 territorio
2141 2612 2355 2652 Viennensi
2372 2622 2422 2650 ex

1464 2677 1670 2727 spicilegio
1710 2675 1920 2714 Daucherii
1959 2679 2054 2712 tom.
2084 2674 2136 2712 111
2175 2672 2423 2723 desumptae.

1464 2739 1708 2789 Argumenta
1732 2737 1898 2775 aliarum
1923 2734 2173 2786 quarundam
2194 2745 2243 2773 ex
2260 2733 2423 2773 historia

1463 2800 1649 2838 Remensi
1672 2797 1903 2845 Flodoardi,
1929 2801 1969 2836 et
1992 2808 2042 2835 ex
2070 2796 2245 2834 carmine
2273 2796 2360 2835 eius
2383 2796 2420 2834 in

1464 2861 1650 2900 Romanis
1679 2858 1934 2898 Pontificibus
1958 2869 1980 2896 a
2002 2857 2222 2896 Mabillonio
2258 2857 2296 2894 in
2320 2855 2425 2895 Ana-

1467 2924 1582 2960 lectis
1605 2921 1767 2971 vulgato
1800 2932 1836 2958 in
1867 2919 2007 2958 eodem
2031 2917 2168 2968 Suppl.
2193 2916 2368 2955 exhibui.

1518 2984 1688 3022 Jacobus
1718 2981 1999 3020 FORNEBIUS
2017 3008 2026 3028 ,
2047 2990 2192 3030 supra,
2222 2978 2425 3017 BENEDI-

1468 3046 1595 3084 CTUS
1624 3046 1695 3083 ΧΙΙ
1727 3046 1841 3093 Papa.
1872 3044 1982 3080 Tom.
2015 3043 2029 3080 4
2055 3071 2064 3090 ,
2093 3051 2181 3090 pag.
2215 3039 2318 3088 483,
2338 3049 2421 3089 seq.

1521 3104 1897 3151 FORTANERIUS,
1939 3104 2025 3141 sive
2068 3099 2271 3140 Sertorius
2305 3099 2421 3139 VAS—

1468 3169 1607 3206 SliLLl
1626 3198 1635 3214 ‚
1666 3167 1917 3216 Aquitanas,
1946 3163 2106 3202 Ordinis
2136 3163 2328 3202 Minorum
2352 3161 2420 3199 Mi-

1523 3306 1555 3334 a)
1579 3299 1683 3336 Supra
1705 3304 1778 3335 pag.
1810 3294 1871 3331 15,
1901 3292 1962 3332 16,
1987 3291 2041 3325 17.
