<?xml version="1.0" encoding="UTF-8"?>
<!DOCTYPE html PUBLIC "-//W3C//DTD XHTML 1.0 Transitional//EN"
    "http://www.w3.org/TR/xhtml1/DTD/xhtml1-transitional.dtd">
<html xmlns="http://www.w3.org/1999/xhtml" xml:lang="en" lang="en">
 <head>
  <title>
</title>
<meta http-equiv="Content-Type" content="text/html;charset=utf-8" />
  <meta name='ocr-system' content='tesseract 3.04.00' />
  <meta name='ocr-capabilities' content='ocr_page ocr_carea ocr_par ocr_line ocrx_word'/>
</head>
<body>
  <div class='ocr_page' id='page_1' title='image "./bibliothecalatin01fabruoft_0365.png"; bbox 0 0 2500 3841; ppageno 0'>
   <div class='ocr_carea' id='block_1_1' title="bbox 938 215 1296 258">
    <p class='ocr_par' dir='ltr' id='par_1_1' title="bbox 938 215 1296 258">
     <span class='ocr_line' id='line_1_1' title="bbox 938 215 1296 258; baseline 0.011 -4"><span class='ocrx_word' id='word_1_1' title='bbox 938 215 1296 258; x_wconf 72' lang='lat' dir='ltr'>CARRARA</span> 
     </span>
    </p>
   </div>
   <div class='ocr_carea' id='block_1_2' title="bbox 117 279 1093 3198">
    <p class='ocr_par' dir='ltr' id='par_1_2' title="bbox 121 279 1090 512">
     <span class='ocr_line' id='line_1_2' title="bbox 122 279 1090 335; baseline 0.009 -18"><span class='ocrx_word' id='word_1_2' title='bbox 122 280 314 320; x_wconf 86' lang='lat' dir='ltr'>stolarum</span> <span class='ocrx_word' id='word_1_3' title='bbox 345 279 454 319; x_wconf 87' lang='lat' dir='ltr'>Pauli</span> <span class='ocrx_word' id='word_1_4' title='bbox 482 291 574 320; x_wconf 89' lang='lat' dir='ltr'>cum</span> <span class='ocrx_word' id='word_1_5' title='bbox 606 283 842 335; x_wconf 87' lang='lat' dir='ltr'>Salomone,</span> <span class='ocrx_word' id='word_1_6' title='bbox 875 287 1090 327; x_wconf 87' lang='lat' dir='ltr'>Commen-</span> 
     </span>
     <span class='ocr_line' id='line_1_3' title="bbox 121 343 1087 389; baseline 0.006 -8"><span class='ocrx_word' id='word_1_7' title='bbox 121 343 266 382; x_wconf 91' lang='lat' dir='ltr'>tarium</span> <span class='ocrx_word' id='word_1_8' title='bbox 297 345 335 382; x_wconf 90' lang='lat' dir='ltr'>in</span> <span class='ocrx_word' id='word_1_9' title='bbox 360 345 523 384; x_wconf 81' lang='lat' dir='ltr'>Cantica</span> <span class='ocrx_word' id='word_1_10' title='bbox 552 347 807 387; x_wconf 87' lang='lat' dir='ltr'>Canticorum</span> <span class='ocrx_word' id='word_1_11' title='bbox 837 352 877 387; x_wconf 91' lang='lat' dir='ltr'>et</span> <span class='ocrx_word' id='word_1_12' title='bbox 908 350 945 387; x_wconf 92' lang='lat' dir='ltr'>in</span> <span class='ocrx_word' id='word_1_13' title='bbox 978 350 1087 389; x_wconf 86' lang='lat' dir='ltr'>Pauli</span> 
     </span>
     <span class='ocr_line' id='line_1_4' title="bbox 122 405 1087 462; baseline 0.007 -18"><span class='ocrx_word' id='word_1_14' title='bbox 122 405 349 456; x_wconf 88' lang='lat' dir='ltr'>Epistolas:</span> <span class='ocrx_word' id='word_1_15' title='bbox 374 418 448 446; x_wconf 89' lang='lat' dir='ltr'>nec</span> <span class='ocrx_word' id='word_1_16' title='bbox 472 419 551 446; x_wconf 89' lang='lat' dir='ltr'>non</span> <span class='ocrx_word' id='word_1_17' title='bbox 577 410 616 447; x_wconf 91' lang='lat' dir='ltr'>in</span> <span class='ocrx_word' id='word_1_18' title='bbox 640 409 738 448; x_wconf 88' lang='lat' dir='ltr'>libro</span> <span class='ocrx_word' id='word_1_19' title='bbox 763 411 1087 462; x_wconf 80' lang='lat' dir='ltr'><strong>Sententiarum,</strong></span> 
     </span>
     <span class='ocr_line' id='line_1_5' title="bbox 124 468 891 512; baseline 0.008 -7"><span class='ocrx_word' id='word_1_20' title='bbox 124 471 165 506; x_wconf 90' lang='lat' dir='ltr'>et</span> <span class='ocrx_word' id='word_1_21' title='bbox 189 468 226 506; x_wconf 93' lang='lat' dir='ltr'>in</span> <span class='ocrx_word' id='word_1_22' title='bbox 251 468 396 508; x_wconf 90' lang='lat' dir='ltr'>librum</span> <span class='ocrx_word' id='word_1_23' title='bbox 421 475 583 510; x_wconf 87' lang='lat' dir='ltr'>sextum</span> <span class='ocrx_word' id='word_1_24' title='bbox 607 473 891 512; x_wconf 89' lang='lat' dir='ltr'>Decretalium.</span> 
     </span>
    </p>

    <p class='ocr_par' dir='ltr' id='par_1_3' title="bbox 125 528 1092 895">
     <span class='ocr_line' id='line_1_6' title="bbox 184 528 1092 584; baseline 0.008 -17"><span class='ocrx_word' id='word_1_25' title='bbox 184 528 311 568; x_wconf 84' lang='lat' dir='ltr'>Guido</span> <span class='ocrx_word' id='word_1_26' title='bbox 335 530 567 571; x_wconf 80' lang='lat' dir='ltr'>CARRARA</span> <span class='ocrx_word' id='word_1_27' title='bbox 589 534 804 583; x_wconf 76' lang='lat' dir='ltr'>Bergomas</span> <span class='ocrx_word' id='word_1_28' title='bbox 823 563 831 583; x_wconf 83' lang='lat'>,</span> <span class='ocrx_word' id='word_1_29' title='bbox 851 547 972 584; x_wconf 86' lang='lat' dir='ltr'>quem</span> <span class='ocrx_word' id='word_1_30' title='bbox 992 536 1092 574; x_wconf 86' lang='lat' dir='ltr'>Koe-</span> 
     </span>
     <span class='ocr_line' id='line_1_7' title="bbox 126 591 1090 648; baseline 0.008 -21"><span class='ocrx_word' id='word_1_31' title='bbox 126 591 258 642; x_wconf 81' lang='lat' dir='ltr'>nigius</span> <span class='ocrx_word' id='word_1_32' title='bbox 282 597 393 632; x_wconf 85' lang='lat' dir='ltr'>notat</span> <span class='ocrx_word' id='word_1_33' title='bbox 413 593 636 633; x_wconf 75' lang='lat' dir='ltr'>decessisse</span> <span class='ocrx_word' id='word_1_34' title='bbox 656 595 730 634; x_wconf 83' lang='lat' dir='ltr'>An.</span> <span class='ocrx_word' id='word_1_35' title='bbox 758 597 852 636; x_wconf 71' lang='lat'>428⁴</span> <span class='ocrx_word' id='word_1_36' title='bbox 882 598 1090 648; x_wconf 78' lang='lat' dir='ltr'>scripsisse</span> 
     </span>
     <span class='ocr_line' id='line_1_8' title="bbox 125 656 1089 710; baseline 0.004 -16"><span class='ocrx_word' id='word_1_37' title='bbox 125 667 204 706; x_wconf 88' lang='lat' dir='ltr'>que</span> <span class='ocrx_word' id='word_1_38' title='bbox 241 656 385 695; x_wconf 88' lang='lat' dir='ltr'>librum</span> <span class='ocrx_word' id='word_1_39' title='bbox 409 656 457 695; x_wconf 90' lang='lat' dir='ltr'>de</span> <span class='ocrx_word' id='word_1_40' title='bbox 480 658 613 696; x_wconf 89' lang='lat' dir='ltr'>causis</span> <span class='ocrx_word' id='word_1_41' title='bbox 642 670 778 697; x_wconf 88' lang='lat' dir='ltr'>rerum</span> <span class='ocrx_word' id='word_1_42' title='bbox 815 659 1089 710; x_wconf 77' lang='lat' dir='ltr'>Longobarda-</span> 
     </span>
     <span class='ocr_line' id='line_1_9' title="bbox 126 720 1090 773; baseline 0.003 -16"><span class='ocrx_word' id='word_1_43' title='bbox 126 730 243 768; x_wconf 83' lang='lat' dir='ltr'>rum,</span> <span class='ocrx_word' id='word_1_44' title='bbox 267 722 308 757; x_wconf 92' lang='lat' dir='ltr'>et</span> <span class='ocrx_word' id='word_1_45' title='bbox 337 720 627 770; x_wconf 77' lang='lat' dir='ltr'>expositionem</span> <span class='ocrx_word' id='word_1_46' title='bbox 656 722 926 771; x_wconf 77' lang='lat' dir='ltr'>aenigmatum</span> <span class='ocrx_word' id='word_1_47' title='bbox 959 723 1090 773; x_wconf 88' lang='lat' dir='ltr'>Petri,</span> 
     </span>
     <span class='ocr_line' id='line_1_10' title="bbox 126 782 1092 832; baseline 0.003 -13"><span class='ocrx_word' id='word_1_48' title='bbox 126 791 228 831; x_wconf 90' lang='lat' dir='ltr'>quos</span> <span class='ocrx_word' id='word_1_49' title='bbox 258 792 330 831; x_wconf 81' lang='lat' dir='ltr'>ego</span> <span class='ocrx_word' id='word_1_50' title='bbox 359 782 524 832; x_wconf 79' lang='lat' dir='ltr'>titulos,</span> <span class='ocrx_word' id='word_1_51' title='bbox 556 783 649 832; x_wconf 91' lang='lat' dir='ltr'>quia</span> <span class='ocrx_word' id='word_1_52' title='bbox 685 783 806 821; x_wconf 91' lang='lat' dir='ltr'>libros</span> <span class='ocrx_word' id='word_1_53' title='bbox 839 783 975 822; x_wconf 87' lang='lat' dir='ltr'>videre</span> <span class='ocrx_word' id='word_1_54' title='bbox 1012 795 1092 822; x_wconf 93' lang='lat' dir='ltr'>non</span> 
     </span>
     <span class='ocr_line' id='line_1_11' title="bbox 126 843 1053 895; baseline 0.002 -14"><span class='ocrx_word' id='word_1_55' title='bbox 126 843 321 894; x_wconf 80' lang='lat' dir='ltr'>contigit,</span> <span class='ocrx_word' id='word_1_56' title='bbox 346 843 471 882; x_wconf 82' lang='lat' dir='ltr'>fateor</span> <span class='ocrx_word' id='word_1_57' title='bbox 495 856 558 883; x_wconf 85' lang='lat' dir='ltr'>me</span> <span class='ocrx_word' id='word_1_58' title='bbox 583 856 661 883; x_wconf 91' lang='lat' dir='ltr'>non</span> <span class='ocrx_word' id='word_1_59' title='bbox 688 847 785 884; x_wconf 86' lang='lat' dir='ltr'>satis</span> <span class='ocrx_word' id='word_1_60' title='bbox 817 846 1053 895; x_wconf 80' lang='lat' dir='ltr'>intelligere.</span> 
     </span>
    </p>

    <p class='ocr_par' dir='ltr' id='par_1_4' title="bbox 126 904 1093 1145">
     <span class='ocr_line' id='line_1_12' title="bbox 182 904 1093 958; baseline 0.001 -15"><span class='ocrx_word' id='word_1_61' title='bbox 182 904 309 944; x_wconf 84' lang='lat' dir='ltr'>Guido</span> <span class='ocrx_word' id='word_1_62' title='bbox 326 905 562 946; x_wconf 81' lang='lat' dir='ltr'>CARRARA</span> <span class='ocrx_word' id='word_1_63' title='bbox 586 910 800 958; x_wconf 82' lang='lat' dir='ltr'>Bergomas</span> <span class='ocrx_word' id='word_1_64' title='bbox 824 907 983 958; x_wconf 78' lang='lat' dir='ltr'>junior,</span> <span class='ocrx_word' id='word_1_65' title='bbox 1006 907 1093 957; x_wconf 86' lang='lat' dir='ltr'>phi-</span> 
     </span>
     <span class='ocr_line' id='line_1_13' title="bbox 126 968 1092 1019; baseline 0 -12"><span class='ocrx_word' id='word_1_66' title='bbox 126 968 316 1019; x_wconf 91' lang='lat' dir='ltr'>losophus</span> <span class='ocrx_word' id='word_1_67' title='bbox 340 973 380 1007; x_wconf 92' lang='lat' dir='ltr'>et</span> <span class='ocrx_word' id='word_1_68' title='bbox 403 969 604 1019; x_wconf 78' lang='lat' dir='ltr'>Medicus,</span> <span class='ocrx_word' id='word_1_69' title='bbox 634 970 850 1009; x_wconf 75' lang='lat' dir='ltr'>defunctus</span> <span class='ocrx_word' id='word_1_70' title='bbox 878 969 953 1009; x_wconf 85' lang='lat' dir='ltr'>An.</span> <span class='ocrx_word' id='word_1_71' title='bbox 987 968 1092 1008; x_wconf 75' lang='grc'><strong>4457</strong></span> 
     </span>
     <span class='ocr_line' id='line_1_14' title="bbox 132 1031 1092 1082; baseline -0.001 -12"><span class='ocrx_word' id='word_1_72' title='bbox 132 1031 182 1070; x_wconf 88' lang='lat' dir='ltr'>de</span> <span class='ocrx_word' id='word_1_73' title='bbox 211 1042 290 1082; x_wconf 90' lang='lat' dir='ltr'>quo</span> <span class='ocrx_word' id='word_1_74' title='bbox 318 1032 499 1071; x_wconf 79' lang='lat' dir='ltr'>Donatus</span> <span class='ocrx_word' id='word_1_75' title='bbox 528 1032 639 1071; x_wconf 90' lang='lat' dir='ltr'>Calvi</span> <span class='ocrx_word' id='word_1_76' title='bbox 679 1034 716 1070; x_wconf 92' lang='lat' dir='ltr'>in</span> <span class='ocrx_word' id='word_1_77' title='bbox 754 1043 872 1072; x_wconf 88' lang='lat' dir='ltr'>scena</span> <span class='ocrx_word' id='word_1_78' title='bbox 902 1032 1092 1070; x_wconf 86' lang='lat' dir='ltr'>litteraria</span> 
     </span>
     <span class='ocr_line' id='line_1_15' title="bbox 129 1094 950 1145; baseline 0.001 -13"><span class='ocrx_word' id='word_1_79' title='bbox 129 1094 370 1145; x_wconf 86' lang='lat' dir='ltr'>scriptorum</span> <span class='ocrx_word' id='word_1_80' title='bbox 394 1095 724 1145; x_wconf 81' lang='lat' dir='ltr'>Bergomensium</span> <span class='ocrx_word' id='word_1_81' title='bbox 748 1106 834 1145; x_wconf 77' lang='lat' dir='ltr'>pag.</span> <span class='ocrx_word' id='word_1_82' title='bbox 861 1095 950 1133; x_wconf 75' lang='lat'>298.</span> 
     </span>
    </p>

    <p class='ocr_par' dir='ltr' id='par_1_5' title="bbox 120 1154 1092 2394">
     <span class='ocr_line' id='line_1_16' title="bbox 178 1154 1090 1197; baseline 0.001 -4"><span class='ocrx_word' id='word_1_83' title='bbox 178 1157 350 1194; x_wconf 76' lang='lat' dir='ltr'>Ioannes</span> <span class='ocrx_word' id='word_1_84' title='bbox 357 1154 527 1194; x_wconf 75' lang='lat' dir='ltr'>Michael</span> <span class='ocrx_word' id='word_1_85' title='bbox 537 1155 726 1195; x_wconf 81' lang='lat' dir='ltr'>Albertus</span> <span class='ocrx_word' id='word_1_86' title='bbox 741 1156 978 1197; x_wconf 83' lang='lat' dir='ltr'>CARRARA</span> <span class='ocrx_word' id='word_1_87' title='bbox 994 1156 1090 1195; x_wconf 92' lang='lat' dir='ltr'>Gui-</span> 
     </span>
     <span class='ocr_line' id='line_1_17' title="bbox 124 1217 1089 1269; baseline -0.002 -11"><span class='ocrx_word' id='word_1_88' title='bbox 124 1219 239 1258; x_wconf 87' lang='lat' dir='ltr'>donis</span> <span class='ocrx_word' id='word_1_89' title='bbox 257 1217 427 1268; x_wconf 90' lang='lat' dir='ltr'>junioris</span> <span class='ocrx_word' id='word_1_90' title='bbox 450 1218 597 1266; x_wconf 82' lang='lat' dir='ltr'>Filius,</span> <span class='ocrx_word' id='word_1_91' title='bbox 627 1219 826 1269; x_wconf 86' lang='lat' dir='ltr'>Medicus,</span> <span class='ocrx_word' id='word_1_92' title='bbox 856 1219 952 1257; x_wconf 93' lang='lat' dir='ltr'>obiit</span> <span class='ocrx_word' id='word_1_93' title='bbox 973 1217 1089 1257; x_wconf 85' lang='lat' dir='ltr'>Anno</span> 
     </span>
     <span class='ocr_line' id='line_1_18' title="bbox 127 1280 1090 1330; baseline -0.002 -11"><span class='ocrx_word' id='word_1_94' title='bbox 127 1281 244 1320; x_wconf 73' lang='lat'>4490.</span> <span class='ocrx_word' id='word_1_95' title='bbox 274 1280 515 1330; x_wconf 85' lang='lat' dir='ltr'>scripsitque</span> <span class='ocrx_word' id='word_1_96' title='bbox 538 1283 697 1330; x_wconf 85' lang='lat' dir='ltr'>praeter</span> <span class='ocrx_word' id='word_1_97' title='bbox 715 1280 841 1318; x_wconf 86' lang='lat' dir='ltr'>vitam</span> <span class='ocrx_word' id='word_1_98' title='bbox 865 1280 1003 1319; x_wconf 81' lang='lat' dir='ltr'>Patris</span> <span class='ocrx_word' id='word_1_99' title='bbox 1028 1281 1090 1319; x_wconf 88' lang='lat' dir='ltr'>sui</span> 
     </span>
     <span class='ocr_line' id='line_1_19' title="bbox 127 1340 1088 1390; baseline 0 -9"><span class='ocrx_word' id='word_1_100' title='bbox 127 1341 616 1390; x_wconf 73' lang='lat' dir='ltr'>Guidonis‚Hz&#39;storz&#39;arum</span> <span class='ocrx_word' id='word_1_101' title='bbox 625 1340 860 1380; x_wconf 82' lang='lat' dir='ltr'>Italicarum</span> <span class='ocrx_word' id='word_1_102' title='bbox 877 1341 1000 1382; x_wconf 81' lang='lat' dir='ltr'>libros</span> <span class='ocrx_word' id='word_1_103' title='bbox 1014 1343 1088 1381; x_wconf 91' lang='lat' dir='ltr'>XL.</span> 
     </span>
     <span class='ocr_line' id='line_1_20' title="bbox 126 1402 1090 1456; baseline 0 -14"><span class='ocrx_word' id='word_1_104' title='bbox 126 1404 183 1443; x_wconf 87' lang='lat' dir='ltr'>De</span> <span class='ocrx_word' id='word_1_105' title='bbox 218 1402 325 1442; x_wconf 87' lang='lat' dir='ltr'>Bello</span> <span class='ocrx_word' id='word_1_106' title='bbox 363 1405 500 1444; x_wconf 82' lang='lat' dir='ltr'>Veneto</span> <span class='ocrx_word' id='word_1_107' title='bbox 539 1416 609 1456; x_wconf 91' lang='lat' dir='ltr'>per</span> <span class='ocrx_word' id='word_1_108' title='bbox 642 1404 833 1443; x_wconf 86' lang='lat' dir='ltr'>Jacobum</span> <span class='ocrx_word' id='word_1_109' title='bbox 869 1404 1090 1443; x_wconf 86' lang='lat' dir='ltr'>Antonium</span> 
     </span>
     <span class='ocr_line' id='line_1_21' title="bbox 126 1466 1092 1518; baseline 0 -12"><span class='ocrx_word' id='word_1_110' title='bbox 126 1466 356 1506; x_wconf 87' lang='lat' dir='ltr'>Marcellum</span> <span class='ocrx_word' id='word_1_111' title='bbox 377 1468 416 1505; x_wconf 91' lang='lat' dir='ltr'>in</span> <span class='ocrx_word' id='word_1_112' title='bbox 433 1467 543 1506; x_wconf 88' lang='lat' dir='ltr'>Italia</span> <span class='ocrx_word' id='word_1_113' title='bbox 562 1471 674 1518; x_wconf 80' lang='lat' dir='ltr'>gesto</span> <span class='ocrx_word' id='word_1_114' title='bbox 693 1466 837 1505; x_wconf 90' lang='lat' dir='ltr'>librum</span> <span class='ocrx_word' id='word_1_115' title='bbox 858 1479 985 1506; x_wconf 91' lang='lat' dir='ltr'>unum</span> <span class='ocrx_word' id='word_1_116' title='bbox 1002 1479 1092 1506; x_wconf 91' lang='lat' dir='ltr'>ver-</span> 
     </span>
     <span class='ocr_line' id='line_1_22' title="bbox 127 1528 1091 1576; baseline 0.001 -8"><span class='ocrx_word' id='word_1_117' title='bbox 127 1530 239 1569; x_wconf 85' lang='lat' dir='ltr'>sibus</span> <span class='ocrx_word' id='word_1_118' title='bbox 261 1530 449 1569; x_wconf 89' lang='lat' dir='ltr'>Heroicis.</span> <span class='ocrx_word' id='word_1_119' title='bbox 473 1530 529 1568; x_wconf 84' lang='lat' dir='ltr'>De</span> <span class='ocrx_word' id='word_1_120' title='bbox 548 1530 592 1568; x_wconf 90' lang='lat' dir='ltr'>B.</span> <span class='ocrx_word' id='word_1_121' title='bbox 617 1528 743 1570; x_wconf 87' lang='lat' dir='ltr'>Clara</span> <span class='ocrx_word' id='word_1_122' title='bbox 763 1529 812 1567; x_wconf 77' lang='lat' dir='ltr'>de</span> <span class='ocrx_word' id='word_1_123' title='bbox 828 1530 960 1568; x_wconf 83' lang='lat' dir='ltr'>Monte</span> <span class='ocrx_word' id='word_1_124' title='bbox 977 1531 1091 1576; x_wconf 82' lang='lat' dir='ltr'>Falco</span> 
     </span>
     <span class='ocr_line' id='line_1_23' title="bbox 122 1588 1088 1642; baseline 0 -11"><span class='ocrx_word' id='word_1_125' title='bbox 122 1592 283 1631; x_wconf 88' lang='lat' dir='ltr'>Ordinis</span> <span class='ocrx_word' id='word_1_126' title='bbox 302 1593 570 1631; x_wconf 86' lang='lat' dir='ltr'>Eremitarum</span> <span class='ocrx_word' id='word_1_127' title='bbox 594 1593 632 1631; x_wconf 90' lang='lat' dir='ltr'>S.</span> <span class='ocrx_word' id='word_1_128' title='bbox 650 1591 862 1642; x_wconf 79' lang='lat' dir='ltr'>Augustini</span> <span class='ocrx_word' id='word_1_129' title='bbox 889 1588 1009 1631; x_wconf 83' lang='lat' dir='ltr'>libros</span> <span class='ocrx_word' id='word_1_130' title='bbox 1026 1594 1088 1632; x_wconf 79' lang='lat' dir='ltr'>lv.</span> 
     </span>
     <span class='ocr_line' id='line_1_24' title="bbox 123 1653 1092 1707; baseline 0.002 -13"><span class='ocrx_word' id='word_1_131' title='bbox 123 1653 401 1703; x_wconf 78' lang='lat' dir='ltr'>Admiranda,</span> <span class='ocrx_word' id='word_1_132' title='bbox 432 1659 521 1694; x_wconf 88' lang='lat' dir='ltr'>acta</span> <span class='ocrx_word' id='word_1_133' title='bbox 550 1655 672 1694; x_wconf 90' lang='lat' dir='ltr'>Ludis</span> <span class='ocrx_word' id='word_1_134' title='bbox 697 1656 989 1707; x_wconf 83' lang='lat' dir='ltr'>Megalensibus</span> <span class='ocrx_word' id='word_1_135' title='bbox 1018 1657 1092 1696; x_wconf 81' lang='lat' dir='ltr'>Ca-</span> 
     </span>
     <span class='ocr_line' id='line_1_25' title="bbox 125 1717 1091 1767; baseline 0.002 -11"><span class='ocrx_word' id='word_1_136' title='bbox 125 1717 224 1756; x_wconf 79' lang='lat' dir='ltr'>lixto</span> <span class='ocrx_word' id='word_1_137' title='bbox 247 1719 314 1757; x_wconf 89' lang='lat' dir='ltr'>III.</span> <span class='ocrx_word' id='word_1_138' title='bbox 340 1718 553 1757; x_wconf 80' lang='lat' dir='ltr'>Sacerdote</span> <span class='ocrx_word' id='word_1_139' title='bbox 576 1719 773 1767; x_wconf 74' lang='lat' dir='ltr'>Maximo,</span> <span class='ocrx_word' id='word_1_140' title='bbox 808 1718 1015 1757; x_wconf 82' lang='lat' dir='ltr'>Frederico</span> <span class='ocrx_word' id='word_1_141' title='bbox 1040 1720 1091 1758; x_wconf 89' lang='lat' dir='ltr'>IV</span> 
     </span>
     <span class='ocr_line' id='line_1_26' title="bbox 125 1781 1088 1829; baseline 0.001 -11"><span class='ocrx_word' id='word_1_142' title='bbox 125 1781 321 1829; x_wconf 81' lang='lat' dir='ltr'>Caesare,</span> <span class='ocrx_word' id='word_1_143' title='bbox 357 1781 568 1819; x_wconf 83' lang='lat' dir='ltr'>Francisco</span> <span class='ocrx_word' id='word_1_144' title='bbox 605 1782 801 1822; x_wconf 85' lang='lat' dir='ltr'>Foscaro.</span> <span class='ocrx_word' id='word_1_145' title='bbox 841 1781 1088 1820; x_wconf 84' lang='lat' dir='ltr'>Venetorum</span> 
     </span>
     <span class='ocr_line' id='line_1_27' title="bbox 123 1841 1091 1894; baseline 0 -13"><span class='ocrx_word' id='word_1_146' title='bbox 123 1842 250 1881; x_wconf 88' lang='lat' dir='ltr'>Duce:</span> <span class='ocrx_word' id='word_1_147' title='bbox 272 1846 312 1881; x_wconf 87' lang='lat' dir='ltr'>et</span> <span class='ocrx_word' id='word_1_148' title='bbox 329 1841 558 1881; x_wconf 78' lang='lat' dir='ltr'>Orationem</span> <span class='ocrx_word' id='word_1_149' title='bbox 578 1842 618 1880; x_wconf 86' lang='lat' dir='ltr'>in</span> <span class='ocrx_word' id='word_1_150' title='bbox 634 1841 777 1894; x_wconf 69' lang='lat' dir='ltr'>funere</span> <span class='ocrx_word' id='word_1_151' title='bbox 792 1841 1091 1881; x_wconf 72' lang='lat' dir='ltr'>Bartlzolonmez·</span> 
     </span>
     <span class='ocr_line' id='line_1_28' title="bbox 127 1903 1087 1950; baseline 0.001 -6"><span class='ocrx_word' id='word_1_152' title='bbox 127 1903 313 1944; x_wconf 85' lang='lat' dir='ltr'>Coleonii.</span> <span class='ocrx_word' id='word_1_153' title='bbox 344 1904 441 1943; x_wconf 88' lang='lat' dir='ltr'>Vide</span> <span class='ocrx_word' id='word_1_154' title='bbox 464 1904 671 1944; x_wconf 88' lang='lat' dir='ltr'>laudatum</span> <span class='ocrx_word' id='word_1_155' title='bbox 702 1905 898 1950; x_wconf 77' lang='lat' dir='ltr'>Calvum,</span> <span class='ocrx_word' id='word_1_156' title='bbox 929 1910 969 1944; x_wconf 92' lang='lat' dir='ltr'>et</span> <span class='ocrx_word' id='word_1_157' title='bbox 998 1907 1087 1945; x_wconf 87' lang='lat' dir='ltr'>Dia-</span> 
     </span>
     <span class='ocr_line' id='line_1_29' title="bbox 125 1967 1086 2019; baseline 0.001 -14"><span class='ocrx_word' id='word_1_158' title='bbox 125 1969 229 2005; x_wconf 91' lang='lat' dir='ltr'>rium</span> <span class='ocrx_word' id='word_1_159' title='bbox 259 1967 519 2006; x_wconf 87' lang='lat' dir='ltr'>Eruditorum</span> <span class='ocrx_word' id='word_1_160' title='bbox 550 1967 684 2006; x_wconf 80' lang='lat' dir='ltr'>ltaliae</span> <span class='ocrx_word' id='word_1_161' title='bbox 714 1971 822 2005; x_wconf 93' lang='lat' dir='ltr'>tomo</span> <span class='ocrx_word' id='word_1_162' title='bbox 851 1968 968 2015; x_wconf 80' lang='lat' dir='ltr'>XVI,</span> <span class='ocrx_word' id='word_1_163' title='bbox 998 1979 1086 2019; x_wconf 75' lang='lat' dir='ltr'>pag.</span> 
     </span>
     <span class='ocr_line' id='line_1_30' title="bbox 124 2027 1084 2080; baseline 0.001 -13"><span class='ocrx_word' id='word_1_164' title='bbox 124 2027 214 2067; x_wconf 83' lang='grc'><strong>447.</strong></span> <span class='ocrx_word' id='word_1_165' title='bbox 243 2040 354 2079; x_wconf 91' lang='lat' dir='ltr'>seqq.</span> <span class='ocrx_word' id='word_1_166' title='bbox 385 2028 498 2080; x_wconf 88' lang='lat' dir='ltr'>Apud</span> <span class='ocrx_word' id='word_1_167' title='bbox 531 2030 628 2068; x_wconf 90' lang='lat' dir='ltr'>alios</span> <span class='ocrx_word' id='word_1_168' title='bbox 657 2031 777 2067; x_wconf 87' lang='lat' dir='ltr'>etiam</span> <span class='ocrx_word' id='word_1_169' title='bbox 808 2034 1084 2068; x_wconf 89' lang='lat' dir='ltr'>memorantur</span> 
     </span>
     <span class='ocr_line' id='line_1_31' title="bbox 123 2089 1085 2140; baseline 0 -11"><span class='ocrx_word' id='word_1_170' title='bbox 123 2089 212 2140; x_wconf 89' lang='lat' dir='ltr'>ejus</span> <span class='ocrx_word' id='word_1_171' title='bbox 235 2090 282 2129; x_wconf 85' lang='lat' dir='ltr'>de</span> <span class='ocrx_word' id='word_1_172' title='bbox 303 2089 582 2128; x_wconf 84' lang='lat' dir='ltr'>Incarnatione</span> <span class='ocrx_word' id='word_1_173' title='bbox 604 2090 789 2137; x_wconf 69' lang='lat' dir='ltr'>CHristi,</span> <span class='ocrx_word' id='word_1_174' title='bbox 812 2095 851 2128; x_wconf 90' lang='lat' dir='ltr'>et</span> <span class='ocrx_word' id='word_1_175' title='bbox 876 2091 1085 2130; x_wconf 79' lang='lat' dir='ltr'>Tractatus</span> 
     </span>
     <span class='ocr_line' id='line_1_32' title="bbox 121 2152 1086 2205; baseline -0.001 -13"><span class='ocrx_word' id='word_1_176' title='bbox 121 2157 267 2205; x_wconf 80' lang='lat' dir='ltr'>septem</span> <span class='ocrx_word' id='word_1_177' title='bbox 281 2153 328 2192; x_wconf 78' lang='lat' dir='ltr'>cle</span> <span class='ocrx_word' id='word_1_178' title='bbox 344 2152 495 2204; x_wconf 66' lang='lat' dir='ltr'>oriqine</span> <span class='ocrx_word' id='word_1_179' title='bbox 508 2153 680 2192; x_wconf 82' lang='lat' dir='ltr'>omnium</span> <span class='ocrx_word' id='word_1_180' title='bbox 695 2153 972 2202; x_wconf 77' lang='lat' dir='ltr'>scientiarum,</span> <span class='ocrx_word' id='word_1_181' title='bbox 990 2154 1086 2191; x_wconf 82' lang='lat' dir='ltr'>Tra-</span> 
     </span>
     <span class='ocr_line' id='line_1_33' title="bbox 120 2213 1086 2267; baseline 0 -13"><span class='ocrx_word' id='word_1_182' title='bbox 120 2216 358 2267; x_wconf 80' lang='lat' dir='ltr'>9oediarum</span> <span class='ocrx_word' id='word_1_183' title='bbox 396 2219 434 2254; x_wconf 87' lang='lat' dir='ltr'>et</span> <span class='ocrx_word' id='word_1_184' title='bbox 471 2215 775 2256; x_wconf 83' lang='lat' dir='ltr'>Comoediarum</span> <span class='ocrx_word' id='word_1_185' title='bbox 808 2213 905 2254; x_wconf 82' lang='lat' dir='ltr'>libri</span> <span class='ocrx_word' id='word_1_186' title='bbox 936 2216 1014 2263; x_wconf 82' lang='lat' dir='ltr'><em>III,</em></span> <span class='ocrx_word' id='word_1_187' title='bbox 1045 2221 1086 2254; x_wconf 88' lang='lat' dir='ltr'>et</span> 
     </span>
     <span class='ocr_line' id='line_1_34' title="bbox 123 2277 1085 2330; baseline 0.001 -14"><span class='ocrx_word' id='word_1_188' title='bbox 123 2281 204 2316; x_wconf 83' lang='lat' dir='ltr'>octo</span> <span class='ocrx_word' id='word_1_189' title='bbox 225 2277 322 2318; x_wconf 82' lang='lat' dir='ltr'>libri</span> <span class='ocrx_word' id='word_1_190' title='bbox 337 2277 384 2317; x_wconf 85' lang='lat' dir='ltr'>de</span> <span class='ocrx_word' id='word_1_191' title='bbox 403 2278 596 2330; x_wconf 72' lang='lat' dir='ltr'>reyimine</span> <span class='ocrx_word' id='word_1_192' title='bbox 612 2278 799 2318; x_wconf 83' lang='lat' dir='ltr'>sanitatis</span> <span class='ocrx_word' id='word_1_193' title='bbox 813 2310 824 2328; x_wconf 78' lang='lat'><em>,</em></span> <span class='ocrx_word' id='word_1_194' title='bbox 843 2277 1085 2330; x_wconf 80' lang='lat' dir='ltr'>depestilen-</span> 
     </span>
     <span class='ocr_line' id='line_1_35' title="bbox 122 2340 555 2394; baseline -0.002 -14"><span class='ocrx_word' id='word_1_195' title='bbox 122 2341 179 2380; x_wconf 87' lang='lat' dir='ltr'>tia</span> <span class='ocrx_word' id='word_1_196' title='bbox 192 2373 203 2390; x_wconf 86' lang='grc'>,</span> <span class='ocrx_word' id='word_1_197' title='bbox 222 2340 306 2394; x_wconf 79' lang='lat' dir='ltr'>fato</span> <span class='ocrx_word' id='word_1_198' title='bbox 326 2344 364 2380; x_wconf 85' lang='lat' dir='ltr'>et</span> <span class='ocrx_word' id='word_1_199' title='bbox 377 2340 555 2394; x_wconf 81' lang='lat' dir='ltr'>fortuna.</span> 
     </span>
    </p>

    <p class='ocr_par' dir='ltr' id='par_1_6' title="bbox 120 2403 1091 2814">
     <span class='ocr_line' id='line_1_36' title="bbox 175 2403 1084 2453; baseline -0.002 -10"><span class='ocrx_word' id='word_1_200' title='bbox 175 2404 197 2426; x_wconf 64' lang='lat'>³*</span> <span class='ocrx_word' id='word_1_201' title='bbox 219 2406 379 2443; x_wconf 87' lang='lat' dir='ltr'>Praeter</span> <span class='ocrx_word' id='word_1_202' title='bbox 399 2404 496 2442; x_wconf 85' lang='lat' dir='ltr'>haec</span> <span class='ocrx_word' id='word_1_203' title='bbox 521 2415 623 2453; x_wconf 86' lang='lat' dir='ltr'>quae</span> <span class='ocrx_word' id='word_1_204' title='bbox 642 2403 844 2442; x_wconf 86' lang='lat' dir='ltr'>Fabricius</span> <span class='ocrx_word' id='word_1_205' title='bbox 869 2403 1058 2442; x_wconf 82' lang='lat' dir='ltr'>indicavit</span> <span class='ocrx_word' id='word_1_206' title='bbox 1075 2433 1084 2451; x_wconf 80' lang='grc'>,</span> 
     </span>
     <span class='ocr_line' id='line_1_37' title="bbox 132 2463 1089 2516; baseline 0 -13"><span class='ocrx_word' id='word_1_207' title='bbox 132 2470 318 2516; x_wconf 85' lang='lat' dir='ltr'>superest</span> <span class='ocrx_word' id='word_1_208' title='bbox 349 2465 486 2504; x_wconf 85' lang='lat' dir='ltr'>Oratio</span> <span class='ocrx_word' id='word_1_209' title='bbox 515 2464 702 2516; x_wconf 70' lang='lat' dir='ltr'>Beryomi</span> <span class='ocrx_word' id='word_1_210' title='bbox 721 2463 859 2503; x_wconf 81' lang='lat' dir='ltr'>habita</span> <span class='ocrx_word' id='word_1_211' title='bbox 881 2465 958 2503; x_wconf 83' lang='lat' dir='ltr'>An.</span> <span class='ocrx_word' id='word_1_212' title='bbox 986 2466 1089 2504; x_wconf 75' lang='grc'>4466</span> 
     </span>
     <span class='ocr_line' id='line_1_38' title="bbox 124 2526 1091 2578; baseline 0.001 -13"><span class='ocrx_word' id='word_1_213' title='bbox 124 2537 216 2565; x_wconf 89' lang='lat' dir='ltr'>cum</span> <span class='ocrx_word' id='word_1_214' title='bbox 239 2526 466 2566; x_wconf 89' lang='lat' dir='ltr'>Ludovicus</span> <span class='ocrx_word' id='word_1_215' title='bbox 483 2528 663 2566; x_wconf 88' lang='lat' dir='ltr'>Donatus</span> <span class='ocrx_word' id='word_1_216' title='bbox 691 2528 970 2577; x_wconf 81' lang='lat' dir='ltr'>Bergomensis</span> <span class='ocrx_word' id='word_1_217' title='bbox 997 2528 1091 2578; x_wconf 89' lang='lat' dir='ltr'>Epi—</span> 
     </span>
     <span class='ocr_line' id='line_1_39' title="bbox 128 2588 1088 2639; baseline 0.002 -13"><span class='ocrx_word' id='word_1_218' title='bbox 128 2592 316 2639; x_wconf 85' lang='lat' dir='ltr'>scopatus</span> <span class='ocrx_word' id='word_1_219' title='bbox 337 2590 634 2638; x_wconf 85' lang='lat' dir='ltr'>possessionem</span> <span class='ocrx_word' id='word_1_220' title='bbox 664 2590 791 2638; x_wconf 81' lang='lat' dir='ltr'>primo</span> <span class='ocrx_word' id='word_1_221' title='bbox 820 2588 955 2626; x_wconf 88' lang='lat' dir='ltr'>adivit.</span> <span class='ocrx_word' id='word_1_222' title='bbox 988 2589 1088 2628; x_wconf 90' lang='lat' dir='ltr'>Eam</span> 
     </span>
     <span class='ocr_line' id='line_1_40' title="bbox 122 2649 1087 2701; baseline 0.002 -13"><span class='ocrx_word' id='word_1_223' title='bbox 122 2661 207 2688; x_wconf 82' lang='lat' dir='ltr'>rem</span> <span class='ocrx_word' id='word_1_224' title='bbox 231 2661 301 2701; x_wconf 91' lang='lat' dir='ltr'>per</span> <span class='ocrx_word' id='word_1_225' title='bbox 331 2650 485 2688; x_wconf 85' lang='lat' dir='ltr'>litteras</span> <span class='ocrx_word' id='word_1_226' title='bbox 514 2649 612 2688; x_wconf 85' lang='lat' dir='ltr'>mihi</span> <span class='ocrx_word' id='word_1_227' title='bbox 640 2650 733 2688; x_wconf 92' lang='lat' dir='ltr'>olim</span> <span class='ocrx_word' id='word_1_228' title='bbox 763 2651 994 2700; x_wconf 86' lang='lat' dir='ltr'>nunciavit,</span> <span class='ocrx_word' id='word_1_229' title='bbox 1023 2653 1087 2690; x_wconf 90' lang='lat' dir='ltr'>vir</span> 
     </span>
     <span class='ocr_line' id='line_1_41' title="bbox 120 2711 1082 2762; baseline 0.001 -12"><span class='ocrx_word' id='word_1_230' title='bbox 120 2711 281 2762; x_wconf 87' lang='lat' dir='ltr'>quidam</span> <span class='ocrx_word' id='word_1_231' title='bbox 318 2711 600 2760; x_wconf 78' lang='lat' dir='ltr'>doctissimus,</span> <span class='ocrx_word' id='word_1_232' title='bbox 631 2723 677 2750; x_wconf 82' lang='lat' dir='ltr'>cx</span> <span class='ocrx_word' id='word_1_233' title='bbox 721 2723 799 2762; x_wconf 89' lang='lat' dir='ltr'>quo</span> <span class='ocrx_word' id='word_1_234' title='bbox 839 2712 934 2750; x_wconf 85' lang='lat' dir='ltr'>nihil</span> <span class='ocrx_word' id='word_1_235' title='bbox 976 2713 1082 2752; x_wconf 87' lang='lat' dir='ltr'>aliud</span> 
     </span>
     <span class='ocr_line' id='line_1_42' title="bbox 120 2773 699 2814; baseline -0.007 0"><span class='ocrx_word' id='word_1_236' title='bbox 120 2775 267 2814; x_wconf 81' lang='lat' dir='ltr'>rescire</span> <span class='ocrx_word' id='word_1_237' title='bbox 290 2773 406 2812; x_wconf 89' lang='lat' dir='ltr'>modo</span> <span class='ocrx_word' id='word_1_238' title='bbox 430 2773 524 2811; x_wconf 83' lang='lat' dir='ltr'>mihi</span> <span class='ocrx_word' id='word_1_239' title='bbox 549 2774 652 2812; x_wconf 84' lang='lat' dir='ltr'>licet.</span> <span class='ocrx_word' id='word_1_240' title='bbox 679 2774 699 2796; x_wconf 47' lang='grc' dir='ltr'>’ἓ</span> 
     </span>
    </p>

    <p class='ocr_par' dir='ltr' id='par_1_7' title="bbox 117 2836 1085 3198">
     <span class='ocr_line' id='line_1_43' title="bbox 175 2836 1083 2886; baseline 0.001 -10"><span class='ocrx_word' id='word_1_241' title='bbox 175 2837 236 2876; x_wconf 83' lang='lat' dir='ltr'>Ex</span> <span class='ocrx_word' id='word_1_242' title='bbox 258 2836 322 2874; x_wconf 89' lang='lat' dir='ltr'>illa</span> <span class='ocrx_word' id='word_1_243' title='bbox 346 2836 604 2874; x_wconf 90' lang='lat' dir='ltr'>Carrararum</span> <span class='ocrx_word' id='word_1_244' title='bbox 630 2836 772 2874; x_wconf 83' lang='lat' dir='ltr'>familia</span> <span class='ocrx_word' id='word_1_245' title='bbox 799 2836 897 2885; x_wconf 84' lang='lat' dir='ltr'>fuit,</span> <span class='ocrx_word' id='word_1_246' title='bbox 919 2838 984 2886; x_wconf 86' lang='lat' dir='ltr'>qui</span> <span class='ocrx_word' id='word_1_247' title='bbox 1010 2837 1083 2876; x_wconf 77' lang='lat' dir='ltr'>An.</span> 
     </span>
     <span class='ocr_line' id='line_1_44' title="bbox 122 2897 1085 2948; baseline -0.001 -10"><span class='ocrx_word' id='word_1_248' title='bbox 122 2898 237 2938; x_wconf 71' lang='lat'>⁴716.</span> <span class='ocrx_word' id='word_1_249' title='bbox 260 2899 282 2936; x_wconf 89' lang='grc'>3</span> <span class='ocrx_word' id='word_1_250' title='bbox 304 2897 526 2948; x_wconf 86' lang='lat' dir='ltr'>Septembr.</span> <span class='ocrx_word' id='word_1_251' title='bbox 549 2897 668 2936; x_wconf 89' lang='lat' dir='ltr'>rebus</span> <span class='ocrx_word' id='word_1_252' title='bbox 688 2897 874 2936; x_wconf 86' lang='lat' dir='ltr'>humanis</span> <span class='ocrx_word' id='word_1_253' title='bbox 895 2899 1085 2937; x_wconf 80' lang='lat' dir='ltr'>valedixit</span> 
     </span>
     <span class='ocr_line' id='line_1_45' title="bbox 119 2960 1084 3008; baseline -0.002 -9"><span class='ocrx_word' id='word_1_254' title='bbox 119 2962 295 3003; x_wconf 87' lang='lat' dir='ltr'>Joannes</span> <span class='ocrx_word' id='word_1_255' title='bbox 324 2961 466 2999; x_wconf 87' lang='lat' dir='ltr'>Petrus</span> <span class='ocrx_word' id='word_1_256' title='bbox 490 2960 655 2999; x_wconf 85' lang='lat' dir='ltr'>Carrara</span> <span class='ocrx_word' id='word_1_257' title='bbox 677 2961 912 3008; x_wconf 73' lang='lat' dir='ltr'>Bergomas,</span> <span class='ocrx_word' id='word_1_258' title='bbox 938 2962 970 3008; x_wconf 86' lang='lat' dir='ltr'>a)</span> <span class='ocrx_word' id='word_1_259' title='bbox 994 2962 1084 3000; x_wconf 79' lang='lat' dir='ltr'>Pro-</span> 
     </span>
     <span class='ocr_line' id='line_1_46' title="bbox 121 3021 1083 3073; baseline -0.001 -12"><span class='ocrx_word' id='word_1_260' title='bbox 121 3023 260 3073; x_wconf 73' lang='lat' dir='ltr'>sbyter</span> <span class='ocrx_word' id='word_1_261' title='bbox 296 3021 464 3060; x_wconf 92' lang='lat' dir='ltr'>Oratorii</span> <span class='ocrx_word' id='word_1_262' title='bbox 503 3021 810 3071; x_wconf 80' lang='lat' dir='ltr'>Senogalliensis</span> <span class='ocrx_word' id='word_1_263' title='bbox 840 3021 879 3058; x_wconf 88' lang='lat' dir='ltr'>S.</span> <span class='ocrx_word' id='word_1_264' title='bbox 917 3022 1083 3073; x_wconf 83' lang='lat' dir='ltr'>Philippi</span> 
     </span>
     <span class='ocr_line' id='line_1_47' title="bbox 123 3070 1083 3134; baseline -0.002 -10"><span class='ocrx_word' id='word_1_265' title='bbox 123 3084 254 3133; x_wconf 68' lang='lat' dir='ltr'>Nera,</span> <span class='ocrx_word' id='word_1_266' title='bbox 278 3070 348 3134; x_wconf 79' lang='lat' dir='ltr'>qui</span> <span class='ocrx_word' id='word_1_267' title='bbox 368 3084 518 3122; x_wconf 77' lang='lat' dir='ltr'>Pisauri</span> <span class='ocrx_word' id='word_1_268' title='bbox 538 3082 611 3121; x_wconf 67' lang='lat' dir='ltr'>An.</span> <span class='ocrx_word' id='word_1_269' title='bbox 638 3082 764 3129; x_wconf 65' lang='lat'>47⁴5,</span> <span class='ocrx_word' id='word_1_270' title='bbox 796 3082 857 3120; x_wconf 81' lang='lat' dir='ltr'>soi.</span> <span class='ocrx_word' id='word_1_271' title='bbox 887 3082 1010 3121; x_wconf 75' lang='lat' dir='ltr'>edidit</span> <span class='ocrx_word' id='word_1_272' title='bbox 1039 3085 1083 3122; x_wconf 70' lang='lat'>11-</span> 
     </span>
     <span class='ocr_line' id='line_1_48' title="bbox 117 3145 1082 3198; baseline 0 -13"><span class='ocrx_word' id='word_1_273' title='bbox 117 3145 234 3185; x_wconf 89' lang='lat' dir='ltr'>brum</span> <span class='ocrx_word' id='word_1_274' title='bbox 259 3145 307 3185; x_wconf 86' lang='lat' dir='ltr'>de</span> <span class='ocrx_word' id='word_1_275' title='bbox 321 3146 539 3186; x_wconf 87' lang='lat' dir='ltr'>Contractu</span> <span class='ocrx_word' id='word_1_276' title='bbox 553 3146 673 3184; x_wconf 91' lang='lat' dir='ltr'>trium</span> <span class='ocrx_word' id='word_1_277' title='bbox 694 3148 971 3183; x_wconf 79' lang='lat' dir='ltr'>contractuum</span> <span class='ocrx_word' id='word_1_278' title='bbox 985 3175 994 3193; x_wconf 87' lang='lat'><strong><em>,</em></strong></span> <span class='ocrx_word' id='word_1_279' title='bbox 1010 3157 1082 3198; x_wconf 90' lang='lat' dir='ltr'>per</span> 
     </span>
    </p>
   </div>
   <div class='ocr_carea' id='block_1_3' title="bbox 111 3295 1081 3378">
    <p class='ocr_par' dir='ltr' id='par_1_8' title="bbox 111 3295 1081 3378">
     <span class='ocr_line' id='line_1_49' title="bbox 174 3295 1081 3340; baseline 0.003 -13"><span class='ocrx_word' id='word_1_280' title='bbox 174 3295 209 3336; x_wconf 85' lang='lat' dir='ltr'>a)</span> <span class='ocrx_word' id='word_1_281' title='bbox 224 3297 375 3329; x_wconf 74' lang='lat' dir='ltr'>marium</span> <span class='ocrx_word' id='word_1_282' title='bbox 391 3295 608 3329; x_wconf 81' lang='lat' dir='ltr'>Eruditorum</span> <span class='ocrx_word' id='word_1_283' title='bbox 630 3296 742 3328; x_wconf 74' lang='lat' dir='ltr'>{taliae</span> <span class='ocrx_word' id='word_1_284' title='bbox 769 3301 857 3330; x_wconf 77' lang='lat' dir='ltr'>tomo</span> <span class='ocrx_word' id='word_1_285' title='bbox 881 3298 989 3330; x_wconf 72' lang='lat' dir='ltr'>xxm</span> <span class='ocrx_word' id='word_1_286' title='bbox 1007 3307 1081 3340; x_wconf 82' lang='lat' dir='ltr'>pag.</span> 
     </span>
     <span class='ocr_line' id='line_1_50' title="bbox 111 3345 184 3378; baseline 0.014 -1"><span class='ocrx_word' id='word_1_287' title='bbox 111 3345 184 3378; x_wconf 76' lang='lat'>461.</span> 
     </span>
    </p>
   </div>
   <div class='ocr_carea' id='block_1_4' title="bbox 1153 229 2137 3390">
    <p class='ocr_par' dir='ltr' id='par_1_9' title="bbox 1162 229 2131 457">
     <span class='ocr_line' id='line_1_51' title="bbox 2053 229 2131 267; baseline 0 0"><span class='ocrx_word' id='word_1_288' title='bbox 2053 229 2131 267; x_wconf 77' lang='lat'>327</span> 
     </span>
     <span class='ocr_line' id='line_1_52' title="bbox 1162 289 2131 346; baseline 0.009 -19"><span class='ocrx_word' id='word_1_289' title='bbox 1162 300 1280 338; x_wconf 84' lang='lat' dir='ltr'>quem</span> <span class='ocrx_word' id='word_1_290' title='bbox 1296 289 1540 340; x_wconf 78' lang='lat' dir='ltr'>justificatur</span> <span class='ocrx_word' id='word_1_291' title='bbox 1555 298 1802 344; x_wconf 76' lang='lat' dir='ltr'>eontractuS,</span> <span class='ocrx_word' id='word_1_292' title='bbox 1820 307 1899 346; x_wconf 88' lang='lat' dir='ltr'>quo</span> <span class='ocrx_word' id='word_1_293' title='bbox 1915 307 1964 335; x_wconf 84' lang='lat' dir='ltr'>cx</span> <span class='ocrx_word' id='word_1_294' title='bbox 1981 297 2131 336; x_wconf 85' lang='lat' dir='ltr'>credita</span> 
     </span>
     <span class='ocr_line' id='line_1_53' title="bbox 1163 351 2131 408; baseline 0.009 -19"><span class='ocrx_word' id='word_1_295' title='bbox 1163 351 1211 389; x_wconf 88' lang='lat' dir='ltr'>ad</span> <span class='ocrx_word' id='word_1_296' title='bbox 1231 356 1387 391; x_wconf 87' lang='lat' dir='ltr'>certum</span> <span class='ocrx_word' id='word_1_297' title='bbox 1408 357 1568 405; x_wconf 89' lang='lat' dir='ltr'>tempus</span> <span class='ocrx_word' id='word_1_298' title='bbox 1593 357 1760 406; x_wconf 88' lang='lat' dir='ltr'>pecunia</span> <span class='ocrx_word' id='word_1_299' title='bbox 1789 361 1830 395; x_wconf 91' lang='lat' dir='ltr'>et</span> <span class='ocrx_word' id='word_1_300' title='bbox 1860 358 1943 408; x_wconf 88' lang='lat' dir='ltr'>ipsa</span> <span class='ocrx_word' id='word_1_301' title='bbox 1974 362 2060 397; x_wconf 88' lang='lat' dir='ltr'>tuta</span> <span class='ocrx_word' id='word_1_302' title='bbox 2090 365 2131 398; x_wconf 91' lang='lat' dir='ltr'>et</span> 
     </span>
     <span class='ocr_line' id='line_1_54' title="bbox 1163 412 1711 457; baseline 0.011 -6"><span class='ocrx_word' id='word_1_303' title='bbox 1163 412 1320 453; x_wconf 89' lang='lat' dir='ltr'>lucrum</span> <span class='ocrx_word' id='word_1_304' title='bbox 1348 420 1502 454; x_wconf 87' lang='lat' dir='ltr'>certum</span> <span class='ocrx_word' id='word_1_305' title='bbox 1530 417 1711 457; x_wconf 88' lang='lat' dir='ltr'>habetur.</span> 
     </span>
    </p>

    <p class='ocr_par' dir='ltr' id='par_1_10' title="bbox 1164 476 2137 1153">
     <span class='ocr_line' id='line_1_55' title="bbox 1215 476 2129 529; baseline 0.012 -16"><span class='ocrx_word' id='word_1_306' title='bbox 1215 476 1500 516; x_wconf 80' lang='lat' dir='ltr'>Bonaventara</span> <span class='ocrx_word' id='word_1_307' title='bbox 1525 479 1573 517; x_wconf 85' lang='lat' dir='ltr'>de</span> <span class='ocrx_word' id='word_1_308' title='bbox 1598 480 1878 529; x_wconf 79' lang='lat' dir='ltr'>CARRARIA,</span> <span class='ocrx_word' id='word_1_309' title='bbox 1909 484 2129 523; x_wconf 87' lang='lat' dir='ltr'>Perusinus</span> 
     </span>
     <span class='ocr_line' id='line_1_56' title="bbox 1164 535 2127 591; baseline 0.01 -17"><span class='ocrx_word' id='word_1_310' title='bbox 1164 535 1484 587; x_wconf 77' lang='lat' dir='ltr'>Augustinianus</span> <span class='ocrx_word' id='word_1_311' title='bbox 1502 546 1543 579; x_wconf 85' lang='lat' dir='ltr'>et</span> <span class='ocrx_word' id='word_1_312' title='bbox 1557 541 1780 581; x_wconf 90' lang='lat' dir='ltr'>Cardinalis</span> <span class='ocrx_word' id='word_1_313' title='bbox 1797 574 1805 591; x_wconf 77' lang='lat'>,</span> <span class='ocrx_word' id='word_1_314' title='bbox 1820 543 2035 584; x_wconf 79' lang='lat' dir='ltr'>defunctus</span> <span class='ocrx_word' id='word_1_315' title='bbox 2050 545 2127 584; x_wconf 88' lang='lat' dir='ltr'>An.</span> 
     </span>
     <span class='ocr_line' id='line_1_57' title="bbox 1165 599 2128 658; baseline 0.009 -21"><span class='ocrx_word' id='word_1_316' title='bbox 1165 599 1266 638; x_wconf 70' lang='lat'>4390</span> <span class='ocrx_word' id='word_1_317' title='bbox 1291 602 1460 651; x_wconf 81' lang='lat' dir='ltr'>scriptor</span> <span class='ocrx_word' id='word_1_318' title='bbox 1483 603 1870 644; x_wconf 88' lang='lat' dir='ltr'>Commentariorum</span> <span class='ocrx_word' id='word_1_319' title='bbox 1902 607 1938 643; x_wconf 92' lang='lat' dir='ltr'>in</span> <span class='ocrx_word' id='word_1_320' title='bbox 1970 607 2128 658; x_wconf 91' lang='lat' dir='ltr'>Episto-</span> 
     </span>
     <span class='ocr_line' id='line_1_58' title="bbox 1165 660 2132 718; baseline 0.01 -19"><span class='ocrx_word' id='word_1_321' title='bbox 1165 660 1243 699; x_wconf 89' lang='lat' dir='ltr'>lam</span> <span class='ocrx_word' id='word_1_322' title='bbox 1263 663 1396 700; x_wconf 88' lang='lat' dir='ltr'>Jacobi</span> <span class='ocrx_word' id='word_1_323' title='bbox 1414 667 1454 701; x_wconf 91' lang='lat' dir='ltr'>et</span> <span class='ocrx_word' id='word_1_324' title='bbox 1474 668 1558 702; x_wconf 88' lang='lat' dir='ltr'>tres</span> <span class='ocrx_word' id='word_1_325' title='bbox 1578 665 1773 705; x_wconf 84' lang='lat' dir='ltr'>Johannis</span> <span class='ocrx_word' id='word_1_326' title='bbox 1794 669 2004 718; x_wconf 86' lang='lat' dir='ltr'>Epistolas.</span> <span class='ocrx_word' id='word_1_327' title='bbox 2029 671 2132 709; x_wconf 84' lang='lat' dir='ltr'>Haec</span> 
     </span>
     <span class='ocr_line' id='line_1_59' title="bbox 1165 723 2132 782; baseline 0.009 -21"><span class='ocrx_word' id='word_1_328' title='bbox 1165 723 1214 761; x_wconf 89' lang='lat' dir='ltr'>de</span> <span class='ocrx_word' id='word_1_329' title='bbox 1238 735 1283 761; x_wconf 87' lang='lat' dir='ltr'>eo</span> <span class='ocrx_word' id='word_1_330' title='bbox 1306 725 1478 763; x_wconf 88' lang='lat' dir='ltr'>Jacobus</span> <span class='ocrx_word' id='word_1_331' title='bbox 1508 727 1666 776; x_wconf 77' lang='lat' dir='ltr'>Longus</span> <span class='ocrx_word' id='word_1_332' title='bbox 1695 740 1782 778; x_wconf 70' lang='lat' dir='ltr'>pag.</span> <span class='ocrx_word' id='word_1_333' title='bbox 1815 730 1915 778; x_wconf 82' lang='lat'><strong>668,</strong></span> <span class='ocrx_word' id='word_1_334' title='bbox 1948 742 2019 782; x_wconf 80' lang='lat' dir='ltr'>seq</span> <span class='ocrx_word' id='word_1_335' title='bbox 2069 734 2132 772; x_wconf 92' lang='lat' dir='ltr'>Bi-</span> 
     </span>
     <span class='ocr_line' id='line_1_60' title="bbox 1166 784 2131 838; baseline 0.011 -16"><span class='ocrx_word' id='word_1_336' title='bbox 1166 784 1385 825; x_wconf 82' lang='lat' dir='ltr'>bliothecae</span> <span class='ocrx_word' id='word_1_337' title='bbox 1407 787 1672 838; x_wconf 80' lang='lat' dir='ltr'>Exegeticae:</span> <span class='ocrx_word' id='word_1_338' title='bbox 1701 789 1769 827; x_wconf 87' lang='lat' dir='ltr'>sed</span> <span class='ocrx_word' id='word_1_339' title='bbox 1798 802 1874 829; x_wconf 92' lang='lat' dir='ltr'>non</span> <span class='ocrx_word' id='word_1_340' title='bbox 1900 793 2020 832; x_wconf 91' lang='lat' dir='ltr'>alium</span> <span class='ocrx_word' id='word_1_341' title='bbox 2046 806 2131 833; x_wconf 85' lang='lat' dir='ltr'>cre-</span> 
     </span>
     <span class='ocr_line' id='line_1_61' title="bbox 1166 845 2135 903; baseline 0.011 -19"><span class='ocrx_word' id='word_1_342' title='bbox 1166 845 1238 884; x_wconf 85' lang='lat' dir='ltr'>das</span> <span class='ocrx_word' id='word_1_343' title='bbox 1267 858 1356 886; x_wconf 83' lang='lat' dir='ltr'>esse</span> <span class='ocrx_word' id='word_1_344' title='bbox 1387 848 1494 887; x_wconf 89' lang='lat' dir='ltr'>hunc</span> <span class='ocrx_word' id='word_1_345' title='bbox 1522 850 1875 900; x_wconf 75' lang='lat' dir='ltr'>Bonaventuram,</span> <span class='ocrx_word' id='word_1_346' title='bbox 1901 866 2019 903; x_wconf 88' lang='lat' dir='ltr'>quam</span> <span class='ocrx_word' id='word_1_347' title='bbox 2054 857 2135 894; x_wconf 85' lang='lat' dir='ltr'>Ba-</span> 
     </span>
     <span class='ocr_line' id='line_1_62' title="bbox 1166 907 2132 966; baseline 0.011 -20"><span class='ocrx_word' id='word_1_348' title='bbox 1166 907 1358 948; x_wconf 74' lang='lat' dir='ltr'>dum-ium</span> <span class='ocrx_word' id='word_1_349' title='bbox 1375 910 1421 949; x_wconf 86' lang='lat' dir='ltr'>de</span> <span class='ocrx_word' id='word_1_350' title='bbox 1437 913 1614 963; x_wconf 70' lang='lat' dir='ltr'>Peraya,</span> <span class='ocrx_word' id='word_1_351' title='bbox 1626 914 1780 953; x_wconf 90' lang='lat' dir='ltr'>insidiis</span> <span class='ocrx_word' id='word_1_352' title='bbox 1796 916 1933 966; x_wconf 77' lang='lat' dir='ltr'>Reguli</span> <span class='ocrx_word' id='word_1_353' title='bbox 1952 919 2132 957; x_wconf 81' lang='lat' dir='ltr'>Patavini</span> 
     </span>
     <span class='ocr_line' id='line_1_63' title="bbox 1165 968 2134 1030; baseline 0.012 -22"><span class='ocrx_word' id='word_1_354' title='bbox 1165 968 1212 1008; x_wconf 83' lang='lat' dir='ltr'>cle</span> <span class='ocrx_word' id='word_1_355' title='bbox 1234 971 1437 1011; x_wconf 81' lang='lat' dir='ltr'>Carraria</span> <span class='ocrx_word' id='word_1_356' title='bbox 1458 974 1531 1012; x_wconf 85' lang='lat' dir='ltr'>An.</span> <span class='ocrx_word' id='word_1_357' title='bbox 1552 976 1654 1014; x_wconf 72' lang='lat'>4389</span> <span class='ocrx_word' id='word_1_358' title='bbox 1677 977 1935 1017; x_wconf 86' lang='lat' dir='ltr'>interemtum</span> <span class='ocrx_word' id='word_1_359' title='bbox 1959 980 2033 1027; x_wconf 87' lang='lat' dir='ltr'>‚de</span> <span class='ocrx_word' id='word_1_360' title='bbox 2056 993 2134 1030; x_wconf 82' lang='lat' dir='ltr'>quo</span> 
     </span>
     <span class='ocr_line' id='line_1_64' title="bbox 1169 1029 2137 1094; baseline 0.011 -24"><span class='ocrx_word' id='word_1_361' title='bbox 1169 1032 1249 1071; x_wconf 88' lang='lat' dir='ltr'>dixi</span> <span class='ocrx_word' id='word_1_362' title='bbox 1277 1045 1398 1085; x_wconf 89' lang='lat' dir='ltr'>supra</span> <span class='ocrx_word' id='word_1_363' title='bbox 1430 1029 1516 1087; x_wconf 78' lang='lat' dir='ltr'>pag.</span> <span class='ocrx_word' id='word_1_364' title='bbox 1543 1037 1621 1077; x_wconf 66' lang='lat'>⁶237</span> <span class='ocrx_word' id='word_1_365' title='bbox 1647 1043 1687 1077; x_wconf 91' lang='lat' dir='ltr'>et</span> <span class='ocrx_word' id='word_1_366' title='bbox 1712 1039 1760 1078; x_wconf 79' lang='lat' dir='ltr'>de</span> <span class='ocrx_word' id='word_1_367' title='bbox 1799 1051 1876 1090; x_wconf 86' lang='lat' dir='ltr'>quo</span> <span class='ocrx_word' id='word_1_368' title='bbox 1906 1040 1950 1079; x_wconf 91' lang='lat' dir='ltr'>G.</span> <span class='ocrx_word' id='word_1_369' title='bbox 1990 1043 2137 1094; x_wconf 76' lang='lat' dir='ltr'>,loseph</span> 
     </span>
     <span class='ocr_line' id='line_1_65' title="bbox 1164 1094 2006 1153; baseline 0.01 -20"><span class='ocrx_word' id='word_1_370' title='bbox 1164 1094 1273 1146; x_wconf 69' lang='lat' dir='ltr'>Eggs</span> <span class='ocrx_word' id='word_1_371' title='bbox 1295 1098 1330 1134; x_wconf 93' lang='lat' dir='ltr'>in</span> <span class='ocrx_word' id='word_1_372' title='bbox 1354 1110 1528 1149; x_wconf 85' lang='lat' dir='ltr'>purpura</span> <span class='ocrx_word' id='word_1_373' title='bbox 1548 1099 1663 1139; x_wconf 89' lang='lat' dir='ltr'>docta</span> <span class='ocrx_word' id='word_1_374' title='bbox 1687 1112 1773 1151; x_wconf 78' lang='lat' dir='ltr'>pag.</span> <span class='ocrx_word' id='word_1_375' title='bbox 1799 1102 1873 1140; x_wconf 89' lang='grc'>483</span> <span class='ocrx_word' id='word_1_376' title='bbox 1896 1113 2006 1153; x_wconf 89' lang='lat' dir='ltr'>seqq.</span> 
     </span>
    </p>

    <p class='ocr_par' dir='ltr' id='par_1_11' title="bbox 1157 1158 2136 2008">
     <span class='ocr_line' id='line_1_66' title="bbox 1221 1158 2135 1206; baseline 0.01 -9"><span class='ocrx_word' id='word_1_377' title='bbox 1221 1158 1424 1198; x_wconf 73' lang='lat' dir='ltr'>Martinus</span> <span class='ocrx_word' id='word_1_378' title='bbox 1463 1161 1795 1203; x_wconf 70' lang='lat' dir='ltr'><strong>CARSULANUS</strong></span> <span class='ocrx_word' id='word_1_379' title='bbox 1834 1169 1874 1202; x_wconf 88' lang='lat' dir='ltr'>et</span> <span class='ocrx_word' id='word_1_380' title='bbox 1912 1164 2135 1206; x_wconf 77' lang='lat' dir='ltr'>Vincentius</span> 
     </span>
     <span class='ocr_line' id='line_1_67' title="bbox 1173 1219 2136 1277; baseline 0.009 -20"><span class='ocrx_word' id='word_1_381' title='bbox 1173 1219 1533 1271; x_wconf 71' lang='lat' dir='ltr'><strong>CARSULAM&#39;S,</strong></span> <span class='ocrx_word' id='word_1_382' title='bbox 1578 1224 1627 1262; x_wconf 84' lang='lat' dir='ltr'>de</span> <span class='ocrx_word' id='word_1_383' title='bbox 1672 1225 1818 1275; x_wconf 89' lang='lat' dir='ltr'>quibus</span> <span class='ocrx_word' id='word_1_384' title='bbox 1849 1226 2022 1277; x_wconf 78' lang='lat' dir='ltr'>Rapha&#39;el</span> <span class='ocrx_word' id='word_1_385' title='bbox 2062 1229 2136 1266; x_wconf 76' lang='lat' dir='ltr'>Vo-</span> 
     </span>
     <span class='ocr_line' id='line_1_68' title="bbox 1166 1280 2130 1329; baseline 0.011 -11"><span class='ocrx_word' id='word_1_386' title='bbox 1166 1280 1391 1322; x_wconf 85' lang='lat' dir='ltr'>laterranus</span> <span class='ocrx_word' id='word_1_387' title='bbox 1433 1285 1530 1324; x_wconf 90' lang='lat' dir='ltr'>libro</span> <span class='ocrx_word' id='word_1_388' title='bbox 1572 1287 1698 1325; x_wconf 85' lang='lat' dir='ltr'>XXII.</span> <span class='ocrx_word' id='word_1_389' title='bbox 1741 1287 2130 1329; x_wconf 85' lang='lat' dir='ltr'>Commentariorum</span> 
     </span>
     <span class='ocr_line' id='line_1_69' title="bbox 1166 1342 2131 1401; baseline 0.013 -22"><span class='ocrx_word' id='word_1_390' title='bbox 1166 1342 1441 1385; x_wconf 88' lang='lat' dir='ltr'>Urbanorum:</span> <span class='ocrx_word' id='word_1_391' title='bbox 1474 1348 1707 1399; x_wconf 84' lang='lat' dir='ltr'>Pontificum</span> <span class='ocrx_word' id='word_1_392' title='bbox 1736 1352 2031 1401; x_wconf 82' lang='lat' dir='ltr'>Romanorum,</span> <span class='ocrx_word' id='word_1_393' title='bbox 2058 1364 2131 1392; x_wconf 84' lang='lat' dir='ltr'>seu</span> 
     </span>
     <span class='ocr_line' id='line_1_70' title="bbox 1166 1407 2132 1465; baseline 0.011 -23"><span class='ocrx_word' id='word_1_394' title='bbox 1166 1407 1384 1456; x_wconf 81' lang='lat' dir='ltr'>temporum</span> <span class='ocrx_word' id='word_1_395' title='bbox 1419 1421 1556 1449; x_wconf 79' lang='lat' dir='ltr'>eorum</span> <span class='ocrx_word' id='word_1_396' title='bbox 1589 1410 1779 1451; x_wconf 79' lang='lat' dir='ltr'>historias</span> <span class='ocrx_word' id='word_1_397' title='bbox 1813 1413 2010 1465; x_wconf 82' lang='lat' dir='ltr'>scripsere</span> <span class='ocrx_word' id='word_1_398' title='bbox 2043 1415 2132 1454; x_wconf 80' lang='lat' dir='ltr'>Vin-</span> 
     </span>
     <span class='ocr_line' id='line_1_71' title="bbox 1166 1469 2131 1525; baseline 0.012 -21"><span class='ocrx_word' id='word_1_399' title='bbox 1166 1469 1316 1509; x_wconf 77' lang='lat' dir='ltr'>centius</span> <span class='ocrx_word' id='word_1_400' title='bbox 1351 1475 1390 1509; x_wconf 85' lang='lat' dir='ltr'>et</span> <span class='ocrx_word' id='word_1_401' title='bbox 1417 1472 1618 1512; x_wconf 81' lang='lat' dir='ltr'>Martinus</span> <span class='ocrx_word' id='word_1_402' title='bbox 1658 1474 1929 1525; x_wconf 79' lang='lat' dir='ltr'>Carsulanus,</span> <span class='ocrx_word' id='word_1_403' title='bbox 1968 1477 2131 1517; x_wconf 81' lang='lat' dir='ltr'>Ordinis</span> 
     </span>
     <span class='ocr_line' id='line_1_72' title="bbox 1166 1530 2134 1583; baseline 0.01 -14"><span class='ocrx_word' id='word_1_404' title='bbox 1166 1530 1284 1570; x_wconf 85' lang='lat' dir='ltr'>ambo</span> <span class='ocrx_word' id='word_1_405' title='bbox 1306 1533 1665 1583; x_wconf 83' lang='lat' dir='ltr'>Praedicatorum‚</span> <span class='ocrx_word' id='word_1_406' title='bbox 1690 1536 1881 1577; x_wconf 78' lang='lat' dir='ltr'>Jolzannis</span> <span class='ocrx_word' id='word_1_407' title='bbox 1910 1540 2020 1578; x_wconf 86' lang='lat' dir='ltr'><em>XXII</em></span> <span class='ocrx_word' id='word_1_408' title='bbox 2040 1543 2134 1578; x_wconf 84' lang='lat' dir='ltr'>tcm-</span> 
     </span>
     <span class='ocr_line' id='line_1_73' title="bbox 1157 1596 2129 1652; baseline 0.01 -21"><span class='ocrx_word' id='word_1_409' title='bbox 1157 1606 1259 1645; x_wconf 82' lang='lat' dir='ltr'>pore</span> <span class='ocrx_word' id='word_1_410' title='bbox 1289 1596 1418 1644; x_wconf 88' lang='lat' dir='ltr'>(circa</span> <span class='ocrx_word' id='word_1_411' title='bbox 1453 1597 1617 1637; x_wconf 91' lang='lat' dir='ltr'>Annum</span> <span class='ocrx_word' id='word_1_412' title='bbox 1649 1599 1897 1647; x_wconf 67' lang='lat' dir='ltr'>»1330&gt;.Non</span> <span class='ocrx_word' id='word_1_413' title='bbox 1933 1602 2047 1652; x_wconf 91' lang='lat' dir='ltr'>plura</span> <span class='ocrx_word' id='word_1_414' title='bbox 2081 1602 2129 1641; x_wconf 87' lang='lat' dir='ltr'>de</span> 
     </span>
     <span class='ocr_line' id='line_1_74' title="bbox 1164 1655 2130 1714; baseline 0.009 -21"><span class='ocrx_word' id='word_1_415' title='bbox 1164 1655 1227 1694; x_wconf 92' lang='lat' dir='ltr'>his</span> <span class='ocrx_word' id='word_1_416' title='bbox 1251 1657 1441 1697; x_wconf 83' lang='lat' dir='ltr'>Vossius:</span> <span class='ocrx_word' id='word_1_417' title='bbox 1479 1663 1519 1698; x_wconf 88' lang='lat' dir='ltr'>et</span> <span class='ocrx_word' id='word_1_418' title='bbox 1556 1661 1682 1699; x_wconf 91' lang='lat' dir='ltr'>altum</span> <span class='ocrx_word' id='word_1_419' title='bbox 1719 1662 1839 1699; x_wconf 86' lang='lat' dir='ltr'>etiam</span> <span class='ocrx_word' id='word_1_420' title='bbox 1876 1662 1925 1701; x_wconf 86' lang='lat' dir='ltr'>de</span> <span class='ocrx_word' id='word_1_421' title='bbox 1960 1668 2130 1714; x_wconf 86' lang='lat' dir='ltr'>utroque</span> 
     </span>
     <span class='ocr_line' id='line_1_75' title="bbox 1164 1720 2130 1776; baseline 0.008 -19"><span class='ocrx_word' id='word_1_422' title='bbox 1164 1720 1268 1770; x_wconf 89' lang='lat' dir='ltr'>apud</span> <span class='ocrx_word' id='word_1_423' title='bbox 1289 1721 1541 1761; x_wconf 85' lang='lat' dir='ltr'>Altamuram</span> <span class='ocrx_word' id='word_1_424' title='bbox 1562 1728 1602 1762; x_wconf 89' lang='lat' dir='ltr'>et</span> <span class='ocrx_word' id='word_1_425' title='bbox 1623 1724 1720 1762; x_wconf 90' lang='lat' dir='ltr'>alios</span> <span class='ocrx_word' id='word_1_426' title='bbox 1741 1724 1970 1773; x_wconf 84' lang='lat' dir='ltr'>silentium,</span> <span class='ocrx_word' id='word_1_427' title='bbox 1992 1727 2060 1776; x_wconf 90' lang='lat' dir='ltr'>qui</span> <span class='ocrx_word' id='word_1_428' title='bbox 2081 1726 2130 1765; x_wconf 91' lang='lat' dir='ltr'>de</span> 
     </span>
     <span class='ocr_line' id='line_1_76' title="bbox 1163 1781 2131 1838; baseline 0.009 -20"><span class='ocrx_word' id='word_1_429' title='bbox 1163 1781 1433 1822; x_wconf 88' lang='lat' dir='ltr'>Dominicanis</span> <span class='ocrx_word' id='word_1_430' title='bbox 1470 1785 1692 1835; x_wconf 80' lang='lat' dir='ltr'>scripsere,</span> <span class='ocrx_word' id='word_1_431' title='bbox 1724 1787 1844 1825; x_wconf 88' lang='lat' dir='ltr'>etiam</span> <span class='ocrx_word' id='word_1_432' title='bbox 1878 1788 1983 1838; x_wconf 84' lang='lat' dir='ltr'>apud</span> <span class='ocrx_word' id='word_1_433' title='bbox 2019 1789 2131 1827; x_wconf 84' lang='lat' dir='ltr'>Jaco-</span> 
     </span>
     <span class='ocr_line' id='line_1_77' title="bbox 1159 1842 2126 1898; baseline 0.008 -18"><span class='ocrx_word' id='word_1_434' title='bbox 1159 1842 1256 1881; x_wconf 92' lang='lat' dir='ltr'>bum</span> <span class='ocrx_word' id='word_1_435' title='bbox 1280 1844 1508 1884; x_wconf 88' lang='lat' dir='ltr'>Echardum</span> <span class='ocrx_word' id='word_1_436' title='bbox 1529 1876 1536 1894; x_wconf 81' lang='grc'>,</span> <span class='ocrx_word' id='word_1_437' title='bbox 1561 1859 1682 1896; x_wconf 76' lang='lat' dir='ltr'>quem</span> <span class='ocrx_word' id='word_1_438' title='bbox 1713 1847 1963 1898; x_wconf 75' lang='lat' dir='ltr'>diligentiore</span> <span class='ocrx_word' id='word_1_439' title='bbox 1994 1850 2126 1888; x_wconf 88' lang='lat' dir='ltr'>studio</span> 
     </span>
     <span class='ocr_line' id='line_1_78' title="bbox 1162 1908 2130 1957; baseline 0.008 -15"><span class='ocrx_word' id='word_1_440' title='bbox 1162 1911 1355 1955; x_wconf 87' lang='lat' dir='ltr'>apparatu</span> <span class='ocrx_word' id='word_1_441' title='bbox 1377 1909 1595 1946; x_wconf 88' lang='lat' dir='ltr'>novissime</span> <span class='ocrx_word' id='word_1_442' title='bbox 1620 1908 1724 1947; x_wconf 89' lang='lat' dir='ltr'>idem</span> <span class='ocrx_word' id='word_1_443' title='bbox 1746 1920 1889 1948; x_wconf 79' lang='lat' dir='ltr'>saxum</span> <span class='ocrx_word' id='word_1_444' title='bbox 1912 1922 2003 1949; x_wconf 86' lang='lat' dir='ltr'>cum</span> <span class='ocrx_word' id='word_1_445' title='bbox 2026 1912 2130 1957; x_wconf 89' lang='lat' dir='ltr'>Que-</span> 
     </span>
     <span class='ocr_line' id='line_1_79' title="bbox 1162 1966 1628 2008; baseline 0.013 -6"><span class='ocrx_word' id='word_1_446' title='bbox 1162 1966 1233 2004; x_wconf 73' lang='lat' dir='ltr'>tiro</span> <span class='ocrx_word' id='word_1_447' title='bbox 1257 1968 1435 2007; x_wconf 87' lang='lat' dir='ltr'>volvisse</span> <span class='ocrx_word' id='word_1_448' title='bbox 1459 1974 1628 2008; x_wconf 87' lang='lat' dir='ltr'>constat.</span> 
     </span>
    </p>

    <p class='ocr_par' dir='ltr' id='par_1_12' title="bbox 1157 2027 2128 2395">
     <span class='ocr_line' id='line_1_80' title="bbox 1211 2027 2127 2083; baseline 0.01 -18"><span class='ocrx_word' id='word_1_449' title='bbox 1211 2027 1437 2079; x_wconf 79' lang='lat' dir='ltr'>Alphonsus</span> <span class='ocrx_word' id='word_1_450' title='bbox 1466 2043 1492 2069; x_wconf 86' lang='lat' dir='ltr'>a</span> <span class='ocrx_word' id='word_1_451' title='bbox 1522 2032 1890 2083; x_wconf 59' lang='lat' dir='ltr'>CARTHAGENA,</span> <span class='ocrx_word' id='word_1_452' title='bbox 1917 2036 2003 2074; x_wconf 85' lang='lat' dir='ltr'>sive</span> <span class='ocrx_word' id='word_1_453' title='bbox 2029 2036 2127 2075; x_wconf 89' lang='lat' dir='ltr'>Car-</span> 
     </span>
     <span class='ocr_line' id='line_1_81' title="bbox 1159 2090 2127 2148; baseline 0.008 -20"><span class='ocrx_word' id='word_1_454' title='bbox 1159 2090 1409 2143; x_wconf 75' lang='lat' dir='ltr'>thagjnensis</span> <span class='ocrx_word' id='word_1_455' title='bbox 1428 2095 1652 2146; x_wconf 89' lang='lat' dir='ltr'>Episcopus</span> <span class='ocrx_word' id='word_1_456' title='bbox 1670 2125 1678 2144; x_wconf 83' lang='lat'>‚</span> <span class='ocrx_word' id='word_1_457' title='bbox 1697 2101 1817 2146; x_wconf 88' lang='lat' dir='ltr'>atque</span> <span class='ocrx_word' id='word_1_458' title='bbox 1838 2097 1926 2134; x_wconf 85' lang='lat' dir='ltr'>inde</span> <span class='ocrx_word' id='word_1_459' title='bbox 1947 2099 2127 2148; x_wconf 78' lang='lat' dir='ltr'>Burgen-</span> 
     </span>
     <span class='ocr_line' id='line_1_82' title="bbox 1160 2155 2123 2208; baseline 0.008 -17"><span class='ocrx_word' id='word_1_460' title='bbox 1160 2155 1237 2203; x_wconf 86' lang='lat' dir='ltr'>sis‚</span> <span class='ocrx_word' id='word_1_461' title='bbox 1260 2157 1298 2193; x_wconf 92' lang='lat' dir='ltr'>in</span> <span class='ocrx_word' id='word_1_462' title='bbox 1321 2161 1490 2207; x_wconf 88' lang='lat' dir='ltr'>utroque</span> <span class='ocrx_word' id='word_1_463' title='bbox 1511 2159 1741 2208; x_wconf 88' lang='lat' dir='ltr'>praesulatu</span> <span class='ocrx_word' id='word_1_464' title='bbox 1766 2170 1976 2197; x_wconf 81' lang='lat' dir='ltr'>successor</span> <span class='ocrx_word' id='word_1_465' title='bbox 1996 2161 2123 2199; x_wconf 84' lang='lat' dir='ltr'>Patris</span> 
     </span>
     <span class='ocr_line' id='line_1_83' title="bbox 1159 2216 2128 2272; baseline 0.005 -16"><span class='ocrx_word' id='word_1_466' title='bbox 1159 2216 1307 2257; x_wconf 90' lang='lat' dir='ltr'><strong>PAULI</strong></span> <span class='ocrx_word' id='word_1_467' title='bbox 1337 2217 1384 2257; x_wconf 86' lang='lat' dir='ltr'>de</span> <span class='ocrx_word' id='word_1_468' title='bbox 1412 2221 1452 2259; x_wconf 89' lang='lat' dir='ltr'>S.</span> <span class='ocrx_word' id='word_1_469' title='bbox 1476 2220 1625 2260; x_wconf 81' lang='lat' dir='ltr'>Maria.</span> <span class='ocrx_word' id='word_1_470' title='bbox 1654 2223 1710 2260; x_wconf 83' lang='lat' dir='ltr'>De</span> <span class='ocrx_word' id='word_1_471' title='bbox 1740 2221 1945 2272; x_wconf 77' lang='lat' dir='ltr'>Alphonso</span> <span class='ocrx_word' id='word_1_472' title='bbox 1975 2222 2128 2262; x_wconf 85' lang='lat' dir='ltr'>dictum</span> 
     </span>
     <span class='ocr_line' id='line_1_84' title="bbox 1157 2282 2124 2333; baseline 0.005 -14"><span class='ocrx_word' id='word_1_473' title='bbox 1157 2292 1245 2333; x_wconf 84' lang='lat' dir='ltr'>pag.</span> <span class='ocrx_word' id='word_1_474' title='bbox 1276 2283 1324 2320; x_wconf 88' lang='grc'>69</span> <span class='ocrx_word' id='word_1_475' title='bbox 1355 2294 1438 2333; x_wconf 88' lang='lat' dir='ltr'>seq.</span> <span class='ocrx_word' id='word_1_476' title='bbox 1467 2282 1516 2321; x_wconf 88' lang='lat' dir='ltr'>de</span> <span class='ocrx_word' id='word_1_477' title='bbox 1545 2284 1660 2322; x_wconf 88' lang='lat' dir='ltr'>Patre</span> <span class='ocrx_word' id='word_1_478' title='bbox 1697 2284 1799 2322; x_wconf 83' lang='lat' dir='ltr'>infra</span> <span class='ocrx_word' id='word_1_479' title='bbox 1843 2285 1882 2321; x_wconf 88' lang='lat' dir='ltr'>in</span> <span class='ocrx_word' id='word_1_480' title='bbox 1926 2283 2124 2324; x_wconf 77' lang='lat' dir='ltr'><strong>PAULUS</strong></span> 
     </span>
     <span class='ocr_line' id='line_1_85' title="bbox 1166 2344 1397 2395; baseline 0.009 -14"><span class='ocrx_word' id='word_1_481' title='bbox 1166 2344 1397 2395; x_wconf 73' lang='lat' dir='ltr'>Buryensis.</span> 
     </span>
    </p>

    <p class='ocr_par' dir='ltr' id='par_1_13' title="bbox 1213 2406 2022 2454">
     <span class='ocr_line' id='line_1_86' title="bbox 1213 2406 2022 2454; baseline 0 -9"><span class='ocrx_word' id='word_1_482' title='bbox 1213 2406 1408 2446; x_wconf 82' lang='lat' dir='ltr'>Antonius</span> <span class='ocrx_word' id='word_1_483' title='bbox 1431 2406 1806 2454; x_wconf 85' lang='lat' dir='ltr'><strong>CARTULARIUS‚</strong></span> <span class='ocrx_word' id='word_1_484' title='bbox 1829 2419 1901 2446; x_wconf 91' lang='lat' dir='ltr'>suo</span> <span class='ocrx_word' id='word_1_485' title='bbox 1926 2408 2022 2445; x_wconf 91' lang='lat' dir='ltr'>loco.</span> 
     </span>
    </p>

    <p class='ocr_par' dir='ltr' id='par_1_14' title="bbox 1163 2468 2125 2580">
     <span class='ocr_line' id='line_1_87' title="bbox 1213 2468 2125 2519; baseline 0.002 -13"><span class='ocrx_word' id='word_1_486' title='bbox 1213 2468 1270 2506; x_wconf 87' lang='lat' dir='ltr'>De</span> <span class='ocrx_word' id='word_1_487' title='bbox 1293 2468 1662 2508; x_wconf 80' lang='lat' dir='ltr'><strong>CARTHUSIANIS</strong></span> <span class='ocrx_word' id='word_1_488' title='bbox 1684 2470 1887 2508; x_wconf 86' lang='lat' dir='ltr'>Monachis</span> <span class='ocrx_word' id='word_1_489' title='bbox 1910 2471 2125 2519; x_wconf 85' lang='lat' dir='ltr'>scriptores</span> 
     </span>
     <span class='ocr_line' id='line_1_88' title="bbox 1163 2531 1688 2580; baseline 0.004 -12"><span class='ocrx_word' id='word_1_490' title='bbox 1163 2541 1251 2580; x_wconf 82' lang='lat' dir='ltr'>pag.</span> <span class='ocrx_word' id='word_1_491' title='bbox 1275 2531 1352 2569; x_wconf 71' lang='lat'>265</span> <span class='ocrx_word' id='word_1_492' title='bbox 1379 2532 1415 2568; x_wconf 93' lang='lat' dir='ltr'>in</span> <span class='ocrx_word' id='word_1_493' title='bbox 1439 2531 1688 2570; x_wconf 70' lang='lat' dir='ltr'>BRUNONE.</span> 
     </span>
    </p>

    <p class='ocr_par' dir='ltr' id='par_1_15' title="bbox 1153 2590 2126 3390">
     <span class='ocr_line' id='line_1_89' title="bbox 1215 2590 2123 2633; baseline 0.004 -4"><span class='ocrx_word' id='word_1_494' title='bbox 1215 2590 1465 2630; x_wconf 81' lang='lat' dir='ltr'>Hubertinus</span> <span class='ocrx_word' id='word_1_495' title='bbox 1479 2591 1715 2631; x_wconf 78' lang='lat' dir='ltr'>cleCASALI</span> <span class='ocrx_word' id='word_1_496' title='bbox 1731 2604 1781 2630; x_wconf 81' lang='lat' dir='ltr'>ex</span> <span class='ocrx_word' id='word_1_497' title='bbox 1797 2592 1987 2631; x_wconf 86' lang='lat' dir='ltr'>Monacho</span> <span class='ocrx_word' id='word_1_498' title='bbox 2002 2594 2123 2633; x_wconf 86' lang='lat' dir='ltr'>Fran-</span> 
     </span>
     <span class='ocr_line' id='line_1_90' title="bbox 1160 2654 2126 2705; baseline 0.004 -13"><span class='ocrx_word' id='word_1_499' title='bbox 1160 2655 1318 2692; x_wconf 84' lang='lat' dir='ltr'>ciscano</span> <span class='ocrx_word' id='word_1_500' title='bbox 1351 2654 1522 2705; x_wconf 87' lang='lat' dir='ltr'>denique</span> <span class='ocrx_word' id='word_1_501' title='bbox 1561 2655 1875 2703; x_wconf 73' lang='lat' dir='ltr'>Carthusianus‚</span> <span class='ocrx_word' id='word_1_502' title='bbox 1907 2657 2010 2695; x_wconf 88' lang='lat' dir='ltr'>circa</span> <span class='ocrx_word' id='word_1_503' title='bbox 2044 2657 2126 2696; x_wconf 89' lang='lat' dir='ltr'>An-</span> 
     </span>
     <span class='ocr_line' id='line_1_91' title="bbox 1159 2715 2124 2770; baseline 0.003 -16"><span class='ocrx_word' id='word_1_504' title='bbox 1159 2728 1255 2755; x_wconf 91' lang='lat' dir='ltr'>num</span> <span class='ocrx_word' id='word_1_505' title='bbox 1290 2719 1388 2756; x_wconf 69' lang='lat'>4330</span> <span class='ocrx_word' id='word_1_506' title='bbox 1420 2719 1578 2768; x_wconf 91' lang='lat' dir='ltr'>scripsit</span> <span class='ocrx_word' id='word_1_507' title='bbox 1606 2715 1802 2756; x_wconf 79' lang='lat' dir='ltr'>Arborem</span> <span class='ocrx_word' id='word_1_508' title='bbox 1831 2717 1936 2756; x_wconf 80' lang='lat' dir='ltr'>vitae</span> <span class='ocrx_word' id='word_1_509' title='bbox 1965 2719 2124 2770; x_wconf 83' lang='lat' dir='ltr'>crucifi-</span> 
     </span>
     <span class='ocr_line' id='line_1_92' title="bbox 1158 2779 2122 2830; baseline 0.003 -14"><span class='ocrx_word' id='word_1_510' title='bbox 1158 2790 1241 2816; x_wconf 79' lang='lat' dir='ltr'>oeae</span> <span class='ocrx_word' id='word_1_511' title='bbox 1260 2779 1409 2828; x_wconf 69' lang='lat' dir='ltr'><strong><em>JESL&#39;,</em></strong></span> <span class='ocrx_word' id='word_1_512' title='bbox 1432 2780 1468 2817; x_wconf 93' lang='lat' dir='ltr'>in</span> <span class='ocrx_word' id='word_1_513' title='bbox 1495 2791 1573 2830; x_wconf 88' lang='lat' dir='ltr'>qua</span> <span class='ocrx_word' id='word_1_514' title='bbox 1597 2783 1712 2819; x_wconf 85' lang='lat' dir='ltr'>caute</span> <span class='ocrx_word' id='word_1_515' title='bbox 1734 2779 1929 2829; x_wconf 86' lang='lat' dir='ltr'>quaedam</span> <span class='ocrx_word' id='word_1_516' title='bbox 1956 2780 2122 2829; x_wconf 63' lang='lat' dir='ltr'>legenda</span> 
     </span>
     <span class='ocr_line' id='line_1_93' title="bbox 1161 2841 2123 2880; baseline 0.002 -2"><span class='ocrx_word' id='word_1_517' title='bbox 1161 2842 1313 2879; x_wconf 85' lang='lat' dir='ltr'>notavit</span> <span class='ocrx_word' id='word_1_518' title='bbox 1335 2843 1508 2880; x_wconf 73' lang='lat' dir='ltr'>loannes</span> <span class='ocrx_word' id='word_1_519' title='bbox 1530 2842 1760 2880; x_wconf 87' lang='lat' dir='ltr'>Gersonius.</span> <span class='ocrx_word' id='word_1_520' title='bbox 1791 2841 1894 2880; x_wconf 89' lang='lat' dir='ltr'>Libri</span> <span class='ocrx_word' id='word_1_521' title='bbox 1918 2842 1949 2879; x_wconf 83' lang='lat' dir='ltr'>V</span> <span class='ocrx_word' id='word_1_522' title='bbox 1974 2853 2123 2880; x_wconf 84' lang='lat' dir='ltr'>memo—</span> 
     </span>
     <span class='ocr_line' id='line_1_94' title="bbox 1159 2903 2120 2955; baseline 0.003 -15"><span class='ocrx_word' id='word_1_523' title='bbox 1159 2904 1232 2941; x_wconf 87' lang='lat' dir='ltr'>rati</span> <span class='ocrx_word' id='word_1_524' title='bbox 1268 2903 1485 2942; x_wconf 74' lang='lat' dir='ltr'>Tritliemio</span> <span class='ocrx_word' id='word_1_525' title='bbox 1514 2916 1597 2955; x_wconf 89' lang='lat' dir='ltr'>cap.</span> <span class='ocrx_word' id='word_1_526' title='bbox 1630 2905 1706 2943; x_wconf 69' lang='lat'>525</span> <span class='ocrx_word' id='word_1_527' title='bbox 1736 2904 1914 2955; x_wconf 83' lang='lat' dir='ltr'>prodiere</span> <span class='ocrx_word' id='word_1_528' title='bbox 1943 2905 2120 2943; x_wconf 76' lang='lat' dir='ltr'>Venetiis</span> 
     </span>
     <span class='ocr_line' id='line_1_95' title="bbox 1160 2966 2121 3017; baseline 0.001 -13"><span class='ocrx_word' id='word_1_529' title='bbox 1160 2966 1274 3004; x_wconf 63' lang='lat'>4485.</span> <span class='ocrx_word' id='word_1_530' title='bbox 1306 2966 1452 3004; x_wconf 75' lang='lat' dir='ltr'>Verum</span> <span class='ocrx_word' id='word_1_531' title='bbox 1485 2967 1521 3004; x_wconf 93' lang='lat' dir='ltr'>in</span> <span class='ocrx_word' id='word_1_532' title='bbox 1552 2967 1672 3005; x_wconf 84' lang='lat' dir='ltr'>MStis</span> <span class='ocrx_word' id='word_1_533' title='bbox 1703 2966 1915 3006; x_wconf 85' lang='lat' dir='ltr'>Codicibus</span> <span class='ocrx_word' id='word_1_534' title='bbox 1952 2966 2121 3017; x_wconf 84' lang='lat' dir='ltr'>Ultraje-</span> 
     </span>
     <span class='ocr_line' id='line_1_96' title="bbox 1156 3027 2118 3079; baseline 0.003 -14"><span class='ocrx_word' id='word_1_535' title='bbox 1156 3029 1273 3065; x_wconf 76' lang='lat' dir='ltr'>etinis</span> <span class='ocrx_word' id='word_1_536' title='bbox 1311 3027 1431 3066; x_wconf 90' lang='lat' dir='ltr'>libros</span> <span class='ocrx_word' id='word_1_537' title='bbox 1466 3030 1537 3068; x_wconf 86' lang='lat' dir='ltr'>XV</span> <span class='ocrx_word' id='word_1_538' title='bbox 1569 3031 1722 3067; x_wconf 81' lang='lat' dir='ltr'>notavit</span> <span class='ocrx_word' id='word_1_539' title='bbox 1759 3029 1967 3075; x_wconf 83' lang='lat' dir='ltr'>Oudinus‚</span> <span class='ocrx_word' id='word_1_540' title='bbox 1998 3041 2118 3079; x_wconf 88' lang='lat' dir='ltr'>quem</span> 
     </span>
     <span class='ocr_line' id='line_1_97' title="bbox 1156 3089 2118 3142; baseline 0.004 -16"><span class='ocrx_word' id='word_1_541' title='bbox 1156 3090 1247 3127; x_wconf 83' lang='lat' dir='ltr'>vide</span> <span class='ocrx_word' id='word_1_542' title='bbox 1269 3093 1375 3128; x_wconf 86' lang='lat' dir='ltr'>torno</span> <span class='ocrx_word' id='word_1_543' title='bbox 1396 3091 1468 3139; x_wconf 85' lang='lat'>111,</span> <span class='ocrx_word' id='word_1_544' title='bbox 1488 3102 1575 3142; x_wconf 79' lang='lat' dir='ltr'>pag.</span> <span class='ocrx_word' id='word_1_545' title='bbox 1597 3091 1687 3129; x_wconf 81' lang='grc'><strong>749.</strong></span> <span class='ocrx_word' id='word_1_546' title='bbox 1711 3091 1765 3129; x_wconf 90' lang='lat' dir='ltr'>De</span> <span class='ocrx_word' id='word_1_547' title='bbox 1785 3094 1929 3141; x_wconf 82' lang='lat' dir='ltr'>septem</span> <span class='ocrx_word' id='word_1_548' title='bbox 1949 3089 2118 3130; x_wconf 79' lang='lat' dir='ltr'>slatzbus</span> 
     </span>
     <span class='ocr_line' id='line_1_98' title="bbox 1155 3150 2117 3203; baseline 0.002 -14"><span class='ocrx_word' id='word_1_549' title='bbox 1155 3150 1356 3190; x_wconf 80' lang='lat' dir='ltr'>Ecclesiae</span> <span class='ocrx_word' id='word_1_550' title='bbox 1376 3150 1489 3202; x_wconf 76' lang='lat' dir='ltr'>juxta</span> <span class='ocrx_word' id='word_1_551' title='bbox 1513 3158 1668 3203; x_wconf 85' lang='lat' dir='ltr'>septem</span> <span class='ocrx_word' id='word_1_552' title='bbox 1698 3154 1873 3191; x_wconf 88' lang='lat' dir='ltr'>visiones</span> <span class='ocrx_word' id='word_1_553' title='bbox 1895 3152 2117 3203; x_wconf 66' lang='lat' dir='ltr'>Apocalyp-</span> 
     </span>
     <span class='ocr_line' id='line_1_99' title="bbox 1155 3214 2115 3266; baseline 0.001 -15"><span class='ocrx_word' id='word_1_554' title='bbox 1155 3225 1255 3251; x_wconf 63' lang='lat' dir='ltr'>seos</span> <span class='ocrx_word' id='word_1_555' title='bbox 1299 3214 1476 3252; x_wconf 75' lang='lat' dir='ltr'>Venetiis</span> <span class='ocrx_word' id='word_1_556' title='bbox 1519 3216 1643 3264; x_wconf 72' lang='lat'><strong>45¹6,</strong></span> <span class='ocrx_word' id='word_1_557' title='bbox 1684 3216 1718 3253; x_wconf 78' lang='grc'>4.</span> <span class='ocrx_word' id='word_1_558' title='bbox 1757 3214 1966 3266; x_wconf 81' lang='lat' dir='ltr'>Responsio</span> <span class='ocrx_word' id='word_1_559' title='bbox 2005 3215 2115 3253; x_wconf 79' lang='lat' dir='ltr'>circa</span> 
     </span>
     <span class='ocr_line' id='line_1_100' title="bbox 1154 3274 2114 3329; baseline 0.001 -17"><span class='ocrx_word' id='word_1_560' title='bbox 1154 3274 1421 3327; x_wconf 77' lang='lat' dir='ltr'>quaestionem</span> <span class='ocrx_word' id='word_1_561' title='bbox 1445 3274 1492 3314; x_wconf 82' lang='lat' dir='ltr'>de</span> <span class='ocrx_word' id='word_1_562' title='bbox 1515 3274 1711 3315; x_wconf 81' lang='lat' dir='ltr'>altissima</span> <span class='ocrx_word' id='word_1_563' title='bbox 1730 3279 1967 3329; x_wconf 80' lang='lat' dir='ltr'>paupertate</span> <span class='ocrx_word' id='word_1_564' title='bbox 1988 3275 2114 3316; x_wconf 88' lang='lat' dir='ltr'>CHri-</span> 
     </span>
     <span class='ocr_line' id='line_1_101' title="bbox 1153 3336 2112 3390; baseline -0.002 -13"><span class='ocrx_word' id='word_1_565' title='bbox 1153 3337 1208 3377; x_wconf 72' lang='lat' dir='ltr'>sii</span> <span class='ocrx_word' id='word_1_566' title='bbox 1228 3341 1263 3375; x_wconf 75' lang='lat' dir='ltr'>ct</span> <span class='ocrx_word' id='word_1_567' title='bbox 1283 3336 1556 3388; x_wconf 60' lang='lat' dir='ltr'>Apostolorum</span> <span class='ocrx_word' id='word_1_568' title='bbox 1580 3339 1689 3390; x_wconf 68' lang='lat' dir='ltr'>ejus.</span> <span class='ocrx_word' id='word_1_569' title='bbox 1717 3339 1920 3378; x_wconf 72' lang='lat' dir='ltr'>Avenione</span> <span class='ocrx_word' id='word_1_570' title='bbox 1946 3339 1983 3377; x_wconf 90' lang='lat' dir='ltr'>in</span> <span class='ocrx_word' id='word_1_571' title='bbox 2010 3340 2112 3378; x_wconf 86' lang='lat' dir='ltr'>Con-</span> 
     </span>
    </p>
   </div>
  </div>
 </body>
</html>
