2500 4009
345 225 423 264 :302
830 218 834 220 ·
1118 218 1150 276 c⁵
1168 218 1199 256 A
1221 218 1261 257 M
1279 217 1307 257 r
1331 218 1360 257 ,x
1386 217 1417 256 N
1441 217 1472 257 u
1493 217 1519 255 s

346 295 409 332 nis
434 293 509 332 An.
532 292 632 332 tir?
656 290 783 341 paullo
809 288 932 338 maJ'or
952 287 1302 338 quinquagenario.

343 357 427 395 Non
464 367 509 393 eo
548 354 673 392 solinu
718 352 877 390 nomine
916 349 1166 397 laudandus,
1197 350 1303 400 quod

343 418 497 467 eloquio
523 418 603 466 ipse
625 414 761 451 enituit
789 417 824 449 et
848 413 1024 450 carmine
1048 416 1088 449 et
1115 411 1304 461 historia,

345 484 385 517 ut
427 480 463 516 in
500 477 585 526 ejus
621 473 818 525 epitaphio
852 484 946 512 vere
980 473 1205 524 proditum:
1233 473 1304 512 sed

346 542 464 578 etiam
489 537 592 587 qnod
619 537 687 574 fuit
720 538 822 574 inter
853 547 922 574 eos
945 538 1013 586 qui
1045 536 1304 575 nascentibus

347 603 487 640 litteris
503 599 750 637 obstetricias
772 609 916 636 manus
935 600 1138 649 auspicato
1158 598 1304 646 tulere,

343 664 571 712 primasque
597 662 826 699 Latinorum
853 661 1092 711 scriptorum
1116 665 1301 699 veterum

342 724 461 770 Livii,
482 724 729 773 aliorumque
753 722 973 770 editiones,
995 727 1039 761 ut
1059 722 1304 761 emendatio-

344 796 406 823 res
445 784 671 836 prodirent.
697 784 829 823 studio
863 795 935 823 suo
977 784 1144 835 adjuvit.
1173 786 1302 823 Vitam

341 848 429 898 ejus
466 847 641 886 Michael.
667 848 819 885 Fernus
853 847 1156 886 Mediolanensis
1192 858 1302 898 prae-

343 910 654 960 misitCampani
675 909 877 960 operibus:
894 910 1010 948 aliam
1035 921 1084 947 ex
1101 909 1188 959 ejus
1209 910 1305 947 scri-

341 973 421 1022 ptis
445 972 650 1010 collectam
672 970 779 1009 dedit
803 972 860 1009 Jo.
886 972 1064 1010 Clericus
1084 976 1178 1009 tom.
1201 971 1304 1009 xiv.

339 1034 436 1072 Bibl.
462 1034 633 1072 selectae
658 1045 744 1084 pag.
767 1035 828 1071 56.
853 1035 1086 1072 Fernianam
1116 1033 1186 1072 sed
1211 1044 1304 1071 con-

342 1100 510 1134 tractam
529 1097 710 1145 sequitur
726 1095 909 1134 oudinus
925 1100 1018 1133 tom.
1036 1096 1084 1133 lll
1105 1126 1111 1143 ,
1130 1107 1165 1146 p.
1186 1096 1301 1133 2679.

342 1156 519 1195 Eandem
553 1158 656 1195 notis
693 1157 990 1207 locupletiorem
1021 1157 1305 1195 celeberrimus

342 1220 399 1256 Jo.
435 1219 576 1257 Burcb.
610 1218 864 1257 Menckenius
902 1218 1086 1269 praefixit
1113 1219 1306 1269 Campani

344 1280 610 1332 Epistolcirum
633 1279 746 1319 libris
767 1281 820 1319 IX
838 1281 952 1331 longe
969 1280 1222 1320 emendatius
1246 1291 1307 1318 re-

343 1345 451 1380 cusis
474 1344 623 1392 Lipsiae
654 1343 823 1391 1707,8.
846 1344 883 1381 in
909 1353 1079 1392 quarum
1102 1342 1229 1381 fronte
1250 1343 1306 1381 ef-

347 1405 454 1449 ligies
478 1416 566 1442 aere
591 1404 788 1455 descripta
808 1406 1068 1456 conspicitur,
1086 1404 1133 1444 ad
1153 1405 1303 1443 calcem

345 1477 439 1503 vero
464 1466 684 1516 appendix,
711 1468 748 1504 in
773 1478 852 1517 qua
881 1468 1071 1518 Campani
1110 1478 1305 1506 censurae

345 1528 382 1564 in
408 1529 621 1567 CXXXVI.
648 1528 887 1578 Quintiliani
911 1528 1239 1577 declamationes,
1266 1530 1303 1567 in

346 1590 592 1639 Sretonium,
620 1592 655 1628 in
678 1592 782 1629 vitas
808 1590 1036 1639 Plutarchi,
1060 1592 1096 1628 in
1123 1590 1303 1639 Livium,

343 1657 379 1688 et
400 1653 435 1689 in
455 1651 690 1700 Quintiliani
706 1654 1004 1692 liistitutiones:
1025 1652 1304 1704 Ciceronisque

344 1716 380 1750 et
399 1713 637 1762 Quintiliani
657 1715 912 1765 comparatio.
935 1715 1083 1753 Deinde
1113 1720 1201 1765 post
1225 1714 1306 1753 edi-

345 1777 440 1813 toris
476 1776 701 1815 Orationem
727 1777 775 1813 de
800 1778 989 1827 Campani
1028 1777 1114 1815 odio
1138 1788 1229 1827 erga
1254 1777 1303 1824 b)

345 1839 583 1886 Germanos,
601 1842 682 1876 octo
699 1838 796 1877 libri
811 1838 1044 1878 Carminum
1060 1851 1081 1877 a
1103 1840 1304 1889 Campano

351 1901 600 1949 scriptorum.
625 1903 676 1938 ’61
698 1903 768 1939 Cui
792 1902 866 1940 vol.
884 1903 932 1940 al.
951 1901 1195 1952 iungendum
1213 1902 1309 1952 Ope-

345 1972 395 1998 ra
412 1960 640 2000 selectiora..-
659 1965 712 2001 lie
730 1962 810 2001 reb.
827 1963 948 2015 (sestis
965 1963 1009 2002 A.
1025 1962 1200 2001 Brachii.
1222 1963 1308 2002 Vita

349 2023 414 2060 Pii
436 2024 487 2061 ΙΙ.
513 2024 648 2062 Descr.
681 2025 936 2065 Thrasimeni.
957 2026 1003 2064 (le
1024 2026 1306 2076 inqratiludine

346 2083 547 2133 sapienda.
560 2087 787 2136 Deressendo
804 2087 1046 2137 ,ilciyi'strcitu
1060 2087 1154 2125 etde
1170 2088 1305 2138 diffinit.

349 2146 603 2184 Matrimonii.
642 2149 841 2186 recensuit
878 2150 919 2186 F.
953 2149 1010 2186 Oi.
1044 2147 1306 2187 Menckenius.

353 2208 455 2256 [ips.
479 2209 589 2246 17:54.
609 2210 655 2245 8
722 2212 895 2259 Operum
914 2210 1305 2259 junctimeditorum

350 2269 461 2306 binas
492 2270 684 2308 editiones
718 2272 839 2310 liabeo
862 2274 898 2309 in
918 2273 1117 2319 manibus,
1141 2275 1309 2323 primam

353 2331 566 2370 Romanam
590 2335 600 2371 i
619 2333 689 2371 5-923
706 2339 744 2371 ct
766 2335 929 2373 alteram
952 2336 1141 2373 Venetam
1163 2336 1257 2374 4501
1289 2336 1311 2372 i.

350 2404 517 2440 ‹piarum
543 2406 659 2432 unam
699 2397 764 2446 qui
792 2399 970 2443 noverit,
993 2398 1130 2435 ambas
1151 2408 1311 2447 perspe-

349 2459 433 2491 ctas
455 2454 609 2493 babebit
629 2470 636 2493 :
660 2459 731 2495 nisi
750 2458 853 2507 quod
873 2459 1045 2497 Venetae
1064 2458 1177 2496 video
1194 2459 1306 2497 Miitli.

352 2516 461 2553 ferni
483 2519 676 2566 quaedam
700 2520 831 2558 addita
850 2532 951 2570 quae
977 2522 1013 2558 in
1036 2522 1209 2559 Romana
1231 2532 1308 2559 non

350 2579 525 2626 reperio,
557 2584 595 2617 et
619 2582 702 2619 Juc.
739 2582 973 2633 Antiquarii
1005 2583 1222 2633 Epistolam
1259 2583 1308 2621 ad

350 2640 576 2680 michaelem
596 2644 781 2692 Fernum,
801 2647 837 2683 in
855 2658 933 2696 qua
951 2648 1198 2696 Campanum
1215 2656 1309 2683 con-

352 2702 423 2739 sert
447 2715 537 2742 cum
559 2706 701 2744 Jacobo
718 2708 855 2757 Sylvio
873 2709 1152 2757 Picolomineo,
1173 2707 1306 2746 Cardi-

352 2766 425 2802 nali
452 2768 627 2817 l'apiensi
653 2770 844 2820 Episcopo
865 2775 905 2808 et
927 2772 1135 2819 utriusque
1159 2772 1305 2820 scripta

353 2828 494 2866 inedita
519 2842 540 2867 a
561 2831 755 2881 lt:ipluii}le
782 2834 1035 2871 Volaterrano
1060 2835 1184 2883 premi
1211 2845 1309 2883 que-

353 2891 475 2928 ritur:
501 2896 585 2930 tum
607 2895 719 2931 Ferni
747 2896 1045 2944 responsionem
1069 2897 1105 2933 in
1129 2907 1207 2946 qua
1229 2896 1313 2935 An-

355 2953 564 3000 tiquarium
591 2960 777 3004 provocat
801 2956 847 2994 ad
874 2958 1207 3006 praevertendum
1240 2959 1314 2997 Vo-

356 3014 616 3065 laterranum,
641 3018 895 3067 ciliciumque
925 3019 997 3057 lioc
1028 3021 1314 3070 praestandum

359 3076 548 3125 Papiensi,
566 3079 669 3128 quod
694 3082 776 3130 ipse
803 3082 1002 3132 Campano
1024 3081 1105 3132 jam
1126 3087 1314 3133 praestet,

414 3239 446 3269 a,
461 3235 544 3266 Sunt
565 3238 647 3269 illae
663 3242 820 3272 modic-ae
836 3250 924 3281 quae
939 3250 991 3272 me
1004 3250 1129 3281 ⁸ilc-nere
1141 3242 1320 3282 Cdvellae,

478 3288 594 3320 Pari-a
616 3313 624 3325 ,
650 3293 709 3321 sed
736 3294 878 3332 tripertio
903 3294 1046 3333 cnynila
1071 3301 1156 3323 rura
1179 3301 1267 3324 meo.

417 3341 453 3380 b)
475 3340 623 3378 Adspice
648 3343 800 3372 nwlulcis
825 3343 976 3375 barbara
1002 3348 1098 3377 terra
1123 3348 1236 3376 nates.

1381 286 1559 325 collectis
1582 290 1703 337 atque
1737 286 1775 324 in
1799 286 1929 326 lucem
1965 286 2126 337 prolatis
2160 286 2249 339 ejus
2272 287 2346 327 viri

1381 348 1747 397 lucubrationibus,
1771 349 1888 400 cujus
1915 348 2170 400 praecelsum
2191 354 2230 389 et
2259 361 2344 388 coe-

1380 409 1473 448 leste
1498 410 1695 461 inqenium
1718 410 1818 449 nihil
1835 410 1965 462 aniyit
1996 411 2102 462 quod
2122 424 2199 450 non
2218 409 2346 451 incre-

1378 469 1493 509 dibili
1503 470 1690 524 felicitate
1706 482 1777 511 sen.
1791 471 1949 510 subitus
1959 475 1993 511 et
2004 474 2344 525 eoetemporarius,

1376 544 1447 572 seu
1468 532 1678 573 meditatus
1703 538 1740 572 et
1756 534 1936 585 perflans
1956 533 2198 574 luculentum
2222 546 2344 588 prae-

1378 596 1524 634 stiterit
1558 599 1595 634 et
1630 595 1786 635 illustre
1819 618 1923 624 —-—
1964 596 2150 636 Oratione
2177 595 2348 649 amplior

1377 668 1487 696 nemo
1504 687 1512 706 ,
1533 657 1702 696 historia
1722 657 1920 696 illustrior
1935 688 1946 706 ,
1969 657 2010 695 in
2032 657 2286 710 Philosophia
2308 662 2347 696 et

1377 718 1710 770 (lisputationibus
1729 718 1913 767 uberior,
1935 718 2163 770 distinctor,
2184 730 2350 772 eoepres-

1379 780 1487 820 sior:
1513 781 1550 819 in
1585 780 1774 832 Epistolis
1806 780 2051 830 concinnior,
2089 781 2278 821 svavior:
2307 781 2348 820 in

1380 842 1556 881 carmine
1572 842 1776 881 sonantior
1792 841 1947 880 heroico
1967 871 1975 891 ,
1997 841 2122 893 eleqia
2138 842 2348 894 qracilior,

1379 904 1664 955 epiqrammate
1688 903 1956 952 scommosior,
1979 903 2190 956 festivior,
2219 915 2344 956 arqu-

1380 966 1456 1004 tior
1492 977 1627 1004 nemo:
1652 964 1801 1017 ubique
1834 969 2020 1017 promtus
2055 969 2093 1004 et
2121 965 2280 1018 facilis,
2304 968 2352 1004 ut

1379 1039 1502 1079 neque
1520 1027 1636 1066 sudet
1649 1027 1809 1078 uspiam
1830 1027 1958 1066 oratio
1978 1026 2202 1077 horridior,
2223 1038 2349 1080 neque

1377 1089 1594 1129 verborum
1615 1089 1775 1128 licentia
1797 1088 2016 1138 subsultet,
2033 1093 2107 1129 aut
2121 1087 2350 1142 puerilibus

1380 1152 1566 1192 lasciviat
1587 1150 1853 1192 sententiolis:
1868 1164 1945 1205 per
1965 1151 2124 1204 singula
2137 1183 2148 1202 ,
2167 1155 2213 1191 ut
2229 1163 2351 1204 quae-

1381 1226 1456 1266 que
1480 1215 1651 1267 deposcit
1671 1225 1738 1253 res
1752 1245 1762 1263 ,
1784 1213 1886 1253 uber
1908 1218 1946 1253 et
1968 1213 2203 1266 maynificus
2219 1245 2230 1264 ,
2252 1224 2350 1265 yra-

1379 1276 1440 1315 vis
1477 1280 1515 1314 et
1549 1280 1766 1326 venustus,
1784 1275 1901 1328 pleno
1939 1275 2067 1327 fluens
2106 1275 2244 1325 alveo,
2268 1287 2346 1314 non

1380 1338 1489 1377 tenui
1523 1350 1748 1378 eaecurrens
1782 1339 1882 1378 riv0.
1918 1340 2016 1378 llinc
2042 1338 2222 1378 succedit
2258 1343 2349 1390 post.

1378 1402 1661 1452 praefationem
1696 1403 1811 1440 Ferni
1852 1402 1934 1439 vita
1956 1400 2004 1439 ab
2034 1400 2174 1440 eodem
2198 1401 2347 1452 scripta

1380 1475 1457 1502 non
1484 1463 1756 1514 indiligenter,
1777 1468 1817 1502 et
1834 1464 2032 1502 monitum
2055 1461 2102 1500 de
2114 1461 2347 1514 postillatis,

1380 1524 1484 1563 sicut
1495 1524 1640 1577 vulqus
1658 1524 1854 1578 appellat,
1880 1522 2091 1565 Codicibus
2106 1523 2347 1563 devitandis:

1382 1587 1447 1626 ubi
1485 1588 1589 1626 inter
1623 1588 1716 1626 alia:
1736 1587 1861 1626 nimia
1883 1586 2111 1639 mancipum
2143 1585 2348 1637 diliyentia

1380 1660 1450 1687 nos
1464 1661 1588 1700 poene
1599 1649 1793 1701 perdidit,
1807 1661 1862 1688 eoe
1879 1648 2114 1700 iynavisque
2130 1647 2276 1686 inertes
2288 1646 2353 1700 sa-

1381 1711 1435 1749 cit
1459 1715 1497 1749 et
1514 1712 1900 1751 somnolentissimos.
1932 1712 2000 1749 Tot
2021 1709 2095 1748 tibi
2111 1708 2352 1749 rubricellas

1378 1772 1522 1824 formis
1551 1778 1779 1825 apponunt,
1805 1773 1952 1812 indices
1988 1772 2142 1821 locant,
2167 1770 2352 1824 postillas

1380 1838 1556 1884 nectunt,
1577 1839 1622 1874 ut
1638 1835 1736 1887 quid
1751 1836 1791 1873 in
1807 1838 1882 1873 toto
1899 1833 2098 1873 habeatur
2115 1844 2232 1885 opere
2246 1864 2256 1883 ,
2275 1831 2354 1872 illis

1380 1896 1509 1948 fretus
1524 1929 1534 1946 ,
1566 1909 1654 1937 non.
1676 1908 1794 1936 cures
1821 1895 2109 1948 pervestigare.
2147 1894 2252 1934 Unde
2281 1897 2352 1933 tua

1381 1971 1470 1997 cum
1490 1959 1650 1998 illorum
1671 1958 1811 2010 ineptis
1835 1958 2044 2009 conjuncta
2067 1956 2233 1996 scientia
2266 1959 2352 1994 tan-

1379 2023 1462 2059 tum
1483 2021 1585 2059 (licet
1606 2025 1640 2059 te
1665 2021 1704 2058 in
1726 2019 1867 2058 litteris
1885 2017 2105 2070 profecisse
2121 2049 2131 2067 ,
2149 2021 2344 2070 quantum

1381 2082 1454 2132 qui
1489 2094 1544 2121 eac
1577 2082 1743 2120 Gallicis
1774 2080 1969 2131 stra9ulis
2012 2080 2185 2131 Troy'ana
2207 2083 2356 2118 norunt

1382 2143 1577 2193 imperitis
1600 2142 1702 2181 bella
1717 2153 1942 2181 memorare
1956 2173 1966 2191 ,
1989 2152 2160 2193 quorum
2180 2141 2222 2180 in
2243 2141 2352 2180 nullo

1384 2204 1513 2242 studio
1534 2216 1617 2242 una
1634 2208 1692 2243 est
1709 2204 1865 2242 inanem
1876 2203 2082 2255 picturam
2092 2214 2350 2254 percensere,

1386 2266 1618 2316 turpissima
1651 2278 1753 2304 curu
1782 2270 1857 2305 etc.
1886 2267 1974 2304 Jam
2001 2268 2228 2315 sequuntur
2266 2265 2352 2316 ipsa

1385 2329 1573 2378 Campani
1599 2330 1645 2375 a)
1671 2340 1815 2379 opera,
1847 2338 1950 2378 quae
1990 2327 2028 2365 in
2066 2328 2194 2377 priore
2229 2328 2351 2366 etiam

1386 2391 1559 2429 Romana
1585 2391 1757 2428 editione
1790 2394 1798 2440 ζ
1818 2391 1854 2427 in
1875 2391 1990 2428 cuius
2013 2389 2121 2428 calce
2143 2389 2288 2440 legitur

1384 2453 1549 2492 RECTE
1594 2453 1816 2491 ViVENDO
1852 2452 2082 2491 NEMINEM
2122 2449 2354 2500 METUAS)

1385 2514 1549 2564 perinde
1571 2518 1735 2552 exstant
1754 2528 1761 2552 :

1439 2578 1471 2623 i)
1495 2576 1556 2614 Ad
1577 2575 1820 2628 Pandulfum
1843 2574 2068 2614 Balionium
2099 2574 2146 2614 de
2183 2573 2353 2627 ingrati-

1384 2637 1515 2676 tudine
1534 2636 1728 2690 suyienda
1753 2636 1850 2676 libri
1868 2638 1949 2687 III,
1970 2648 2063 2689 pay.
2089 2638 2154 2678 22.-

1439 2702 1473 2747 Q)
1496 2701 1550 2737 De
1567 2700 1736 2750 replendo
1756 2699 2003 2751 Magyistratu
2023 2699 2078 2738 ad
2091 2698 2356 2738 Franciscum

1382 2763 1556 2811 Lulium,
1574 2762 1759 2814 Equitem
1779 2764 2010 2811 Senensem,
2030 2762 2264 2800 Praetorem
2283 2761 2358 2799 Ro-

1383 2837 1556 2863 manum.
1587 2837 1675 2875 pag.
1715 2826 1762 2864 43
1806 2835 1947 2864 recusa
1985 2825 2024 2861 in
2059 2822 2158 2862 Bibl.
2196 2823 2360 2860 Patrum

1392 2887 1514 2937 Lugd.
1539 2892 1635 2924 tom.
1659 2887 1810 2936 XXVI,
1832 2898 1918 2937 pag.
1940 2884 2018 2924 799
2044 2885 2193 2923 Lovan.
2221 2883 2337 2922 4548.

1444 2951 1465 2989 3
1469 2960 1478 2999 i
1495 2948 1661 2988 Joannis
1678 2947 1841 2988 Antonii
1856 2944 2250 2999 CampaniEpiscopi
2264 2945 2362 2985 Cro-

1443 3092 1476 3130 a)
1491 3094 1599 3124 Etiam
1617 3091 1722 3124 editio
1740 3098 1878 3130 operum
1896 3089 2057 3127 Campani
2075 3089 2202 3119 Veneta
2220 3088 2257 3117 Α.
2276 3084 2360 3117 1518

1382 3141 1438 3173 i'ol.
1463 3143 1526 3173 suit
1549 3143 1584 3173 in
1611 3141 1695 3172 Bibl.
1720 3142 1755 3171 V.
1779 3140 1813 3170 C.
1836 3137 2002 3170 Theodori
2027 3137 2158 3168 flasaei.
2180 3134 2262 3167 Vide
2285 3137 2356 3176 ejus

1383 3192 1601 3231 catalogum,
1627 3194 1736 3222 Brem.
1761 3188 1864 3226 1752,
1890 3188 1909 3218 8
1936 3194 2014 3228 pag.
2042 3185 2116 3218 714.
2151 3188 2196 3217 De
2226 3187 2367 3218 Menke-

1387 3243 1487 3273 nianzi
1512 3241 1742 3281 Epistularum
1777 3243 1810 3271 et
1845 3237 2040 3278 poematum
2074 3235 2248 3273 editione,
2283 3237 2367 3266 Acta

1389 3291 1608 3322 Eruditorum
1636 3290 1716 3322 1707
1738 3297 1814 3330 pag,
1838 3288 1914 3321 ⁶278.
1937 3289 2080 3321 Journal
2104 3286 2161 3318 des
2179 3287 2252 3318 Sav.
2285 3283 2367 3316 1708

1391 3343 1464 3383 Maj-
1489 3352 1563 3385 pag.
1587 3342 1660 3375 5513.
