2500 3841
872 195 1352 236 BENEDICTUS

121 274 406 313 memorantur.
420 269 595 320 Epistola
612 267 661 307 ad
676 268 891 319 Episcopos
905 270 1084 319 Burgun-

117 335 262 381 diae,et
270 331 499 371 Provinciae
515 334 655 368 contra
670 331 873 368 invasores
889 329 1081 369 bonorum

123 394 459 437 Cluniacensium,
477 391 593 430 obvia
612 393 650 430 in
675 392 938 431 Conciliorum
955 394 1085 431 tomis.

174 453 496 496 BENEDICTUS
515 453 571 492 IX
591 453 640 491 ab
661 451 735 491 An.
763 454 864 492 4033
885 455 975 492 Dec.
993 455 1015 491 9
1035 453 1084 492 ad

118 519 196 558 Jul.
224 517 272 558 47
291 516 365 556 An.
392 515 497 556 4048
517 513 635 564 cujus
664 519 708 554 ut
731 515 1002 554 BENEDICTl
1033 517 1082 553 X.

118 579 358 631 Anti-Papae
378 577 427 617 ab
456 576 502 616 A.
525 578 649 627 4058,
671 578 694 616 5
718 577 840 628 April.
871 576 919 615 ad
954 577 1081 625 4059,

119 643 171 682 24
191 643 352 681 Januar.
377 641 451 679 alio
485 641 644 678 nomine
680 639 881 689 Jomincii,
906 641 991 678 sive
1018 639 1084 676 Jo-

119 703 236 743 annis
272 702 411 743 Mincii
436 702 456 724 ἦ
494 703 679 753 Episcopi
709 702 944 741 velitrensis
974 701 1082 740 nulla

122 766 269 816 scripta
292 764 430 815 reperi.

170 827 487 867 BENEDICTUS
509 827 564 866 XI
589 824 777 866 Nicolaus
793 825 1078 874 Boccassinus,

118 892 222 940 Papa
250 889 299 928 ab
326 888 401 928 An.
428 890 541 928 4303.
566 889 748 927 Octobris
769 890 819 928 22
853 888 903 927 ad
933 890 955 926 6
984 888 1078 926 Julii

119 951 166 991 A.
193 952 308 992 4304.
332 950 460 1001 Hujus
484 951 777 991 Commentaria
801 950 842 988 in
863 948 1021 997 Jobum,
1039 950 1078 986 in

126 1013 318 1054 Psalterii
332 1013 494 1053 Davidis
513 1017 684 1064 partem,
707 1013 746 1050 in
768 1011 1010 1051 Matthaeum
1039 1014 1079 1048 et

122 1075 404 1129 Apocalypsin,
443 1079 684 1114 memorant:
727 1086 777 1113 ex
810 1073 954 1124 quibus
984 1072 1080 1110 nihil

121 1139 273 1178 editum
293 1143 450 1190 praeter
473 1137 812 1178 Commentarium
833 1134 873 1173 in
892 1133 1084 1174 Matthaei

121 1204 244 1252 caput
282 1201 320 1241 V.
359 1201 498 1239 Venet.
525 1199 626 1238 4603
647 1203 687 1237 et
716 1197 882 1236 Tarvisii
917 1197 980 1235 fol.
1017 1196 1082 1235 Vi-

121 1263 170 1301 de
194 1262 440 1302 Ludovicum
463 1260 653 1300 Jacobum
676 1271 762 1310 pag.
788 1259 850 1297 22.
876 1259 943 1308 qui
961 1259 1080 1296 etiam

123 1324 304 1377 opusculi
316 1323 361 1363 de
373 1321 534 1371 ritibus,
554 1326 596 1361 et
618 1320 792 1372 Reyistri
811 1319 1083 1373 Epistolarum

123 1388 316 1426 meminit.
340 1388 576 1426 Sermonum
609 1385 646 1422 in
687 1376 835 1422 diebus*
851 1383 1083 1421 solennibus

123 1450 348 1488 habitorum
379 1449 528 1487 mentio
554 1447 659 1498 apud
696 1447 986 1492 possevinum,
1017 1445 1084 1484 ubi

123 1511 227 1550 male
249 1520 445 1549 excusum
469 1508 701 1548 Benedictus
728 1508 783 1547 IX
803 1519 873 1559 pro
900 1507 960 1547 VI.
987 1507 1086 1546 Con-

121 1571 298 1625 firmatio
324 1570 485 1611 Ordinis
499 1569 680 1624 fratrum
699 1571 916 1610 Servorum
930 1569 1086 1610 Mariae

134 1633 290 1686 Vryinis
313 1633 388 1672 An.
411 1634 513 1673 4304
534 1634 572 1672 in
589 1635 703 1672 Laur.
727 1633 944 1674 Cherubini
963 1633 1088 1671 bulla-

125 1698 183 1736 rio
200 1700 296 1734 tom.
321 1697 336 1735 1
355 1707 443 1747 pag.
469 1695 558 1736 207.
578 1695 754 1748 Receptio
777 1694 1090 1735 Caelestinorum

127 1758 203 1798 sub
222 1759 486 1809 protectione,
510 1761 550 1796 et
574 1759 792 1809 gratiarum
815 1759 1011 1809 elargitio,
1027 1768 1092 1796 eo-

127 1820 218 1859 dem
242 1820 315 1859 An.
342 1821 445 1860 4304
470 1819 507 1859 id
542 1833 579 1872 p.
604 1821 693 1860 208.
716 1821 833 1859 Plura
848 1821 928 1859 Jac.
944 1819 1095 1859 Echar-

128 1883 206 1923 dus
228 1888 324 1922 tom.
348 1884 364 1922 I
384 1883 480 1922 Bibl.
502 1884 788 1921 Dominicanor.
810 1895 847 1933 p.
874 1883 948 1920 444
973 1893 1056 1932 seq.

179 1946 202 1968 ⁴*
245 1948 303 1985 De
337 1945 522 1997 operibus
557 1945 756 1984 Pontificis
799 1945 919 1984 huius
964 1956 1088 1995 agens

131 2010 300 2060 scriptor
322 2008 565 2047 vernaculus
580 2007 779 2046 Antonius
796 2008 913 2046 Scoti.
933 2007 995 2058 (27
1011 2009 1090 2047 Me—

131 2069 256 2110 morie
276 2068 396 2109 clelB.
411 2069 617 2108 Benedetto
640 2069 696 2108 XI
716 2070 826 2107 Pont.
845 2070 968 2108 Mass.
990 2068 1088 2108 detto

126 2132 225 2185 pria
250 2133 295 2172 F.
315 2131 472 2172 Niccold
501 2131 554 2171 da
577 2131 736 2183 Triviqi.
772 2131 923 2183 Triviyi
948 2142 1089 2183 presso

132 2194 326 2248 Beryami
350 2194 451 2234 4737
467 2207 554 2247 pag.
569 2194 695 2235 277in
707 2198 728 2236 4
746 2195 823 2246 fig.)
841 2195 984 2234 Scribit
999 2206 1092 2234 con*

136 2260 295 2310 quisitis
319 2270 343 2298 a
370 2269 414 2298 se
443 2258 601 2297 eiudem
629 2258 828 2297 Pontificis
863 2258 1091 2309 opusculis,

131 2333 234 2373 quae
256 2325 393 2360 extare
417 2320 645 2360 ferebantur
682 2321 721 2358 in
755 2321 989 2359 Monasterio
1020 2321 1091 2358 FF.

133 2384 423 2423 Dominicanor.
447 2383 631 2422 Civitatis
660 2381 959 2432 Forojuliensi53
981 2381 1096 2420 nihil-

135 2457 214 2496 que
237 2446 434 2496 reperisse
457 2444 506 2483 de
525 2446 823 2484 commentariis
851 2444 1031 2483 eiusdem
1055 2445 1094 2482 in

135 2507 365 2546 Aristotelis
388 2506 572 2545 Ethicam
596 2510 636 2545 et
658 2507 878 2554 Politicam,
896 2507 999 2544 sicut
1022 2517 1096 2545 nec

139 2570 180 2607 in
205 2568 415 2618 Physicam
439 2572 480 2607 et
507 2569 803 2619 Metaphisicam
829 2569 866 2607 S.
897 2567 1096 2616 Thomae,

139 2642 214 2671 nec
237 2630 408 2680 denique
447 2631 484 2667 in
521 2631 713 2680 epistolas
738 2632 776 2669 S.
800 2631 920 2669 Pauli.
960 2630 1100 2668 Caete-

141 2704 232 2733 rum
256 2696 296 2731 et
320 2693 575 2743 ipse.pariter
597 2692 770 2731 admittit
793 2693 1034 2731 illustratum
1051 2692 1100 2731 ab

140 2767 187 2795 eo
205 2754 502 2794 commentariis
525 2753 612 2792 suis
637 2754 778 2792 librum
797 2754 891 2792 Tobi
908 2753 1100 2804 Apocaly-

139 2818 245 2870 psim
269 2820 309 2856 et
330 2815 518 2866 psalmos.
543 2815 793 2864 Quamquam
810 2826 887 2853 non
903 2816 1098 2853 immerito

142 2879 288 2930 ambigi
311 2881 442 2929 potest
462 2889 558 2916 num
591 2878 628 2914 in
660 2880 783 2915 totam
806 2875 1069 2927 Apocalipsim
1084 2908 1095 2925 ,

143 2954 217 2982 Seu
246 2942 283 2980 in
325 2941 544 2992 portionem
585 2937 831 2977 solummodo
869 2939 1095 2989 scripserit,

144 3015 238 3043 nam
262 3004 301 3041 in
324 3001 550 3053 syngrapha
573 3000 793 3039 donationis
814 3000 937 3039 factae
967 2999 1014 3039 ab
1034 3012 1098 3039 eo-

133 3066 235 3106 dem
257 3064 445 3104 Pontifice
468 3064 702 3103 Monasterio
725 3057 946 3110 Tarvisino,
977 3074 1096 3112 quam

146 3128 327 3178 vulgavit
351 3126 454 3165 idem
479 3136 613 3164 rerum
636 3124 833 3163 Pontificis
858 3123 975 3162 liuius
1005 3126 1100 3162 scri-

148 3194 236 3240 ptor
259 3191 316 3228 sic
339 3189 496 3240 legitur:
526 3186 706 3229 Velamen
728 3185 764 3224 in
786 3197 860 3237 qno
880 3188 935 3223 est
951 3184 1098 3223 lectur«

211 3331 223 3343 ''
251 3332 329 3367 Vide
353 3333 522 3376 Ughellum
545 3336 625 3364 tom.
650 3332 659 3361 Ι
685 3340 716 3369 p.
742 3330 793 3361 45.

1155 272 1293 308 nostra
1316 280 1436 321 super
1445 271 1604 320 partem
1618 265 1815 319 psalterii,
1833 270 1870 306 et
1884 277 2006 318 super
2014 278 2113 318 par-

1158 336 1232 371 tem
1259 330 1527 383 Apocalypsis.
1553 330 1674 370 Addit
1698 330 1827 380 largiri
1851 341 1895 368 se
1917 329 2114 367 Coenobio

1158 394 1328 434 Paulum
1347 393 1572 446 postillatus
1596 392 1635 431 in
1656 390 1811 431 duobus
1834 389 2111 439 voluminibus,

1156 458 1347 495 Joannem
1368 455 1634 508 postillatum‚·
1653 453 1850 506 postillam
1880 465 2002 504 super
2028 452 2112 491 Job.

1156 531 1279 557 manu
1293 530 1368 558 sua
1384 522 1557 556 notatam
1566 530 1576 565 ,·
1586 528 1709 568 super
1725 515 1870 555 librum
1884 516 1920 554 E
1923 515 2116 554 tliicorum

1156 584 1193 619 et
1214 579 1411 619 Politicor.
1437 578 1654 618 secundnm
1691 579 1734 616 F.
1765 577 1965 624 Tliomam,
1994 588 2115 629 super

1157 640 1304 681 librum
1340 640 1607 689 Pnisz‘corum,
1651 651 1772 691 super
1806 639 2115 691 Metaphysicam

1154 702 1368 742 secundum
1392 701 1567 741 eundem.
1587 703 1671 741 ‘Non
1699 703 1796 740 satis
1820 707 1953 740 tamen
1974 702 2115 740 distin—

1156 767 1240 816 guit
1278 769 1414 804 utrum
1442 767 1644 813 postrema
1672 763 1769 801 baec
1806 775 1923 814 opera
1954 765 2119 814 ingeniis

1155 829 1217 866 sui
1243 828 1374 866 foetus
1398 825 1579 864 habenda
1613 826 1710 872 sint,
1749 836 1829 863 nec
1851 837 1912 863 ne.
1937 827 2118 876 Opuscu-

1155 890 1238 928 lum
1257 888 1305 927 de
1328 887 1474 926 ritibus
1490 899 1512 926 a
1529 887 1636 926 nullo
1656 891 1793 925 vetere
1809 887 1973 925 authore
1989 888 2117 926 eidem

1153 952 1360 990 asseritur.
1390 951 1561 989 Demum
1587 950 1903 989 Constitutiones
1931 950 2017 988 eius
2046 961 2117 988 seu

1153 1013 1311 1062 Bullae,
1335 1011 1530 1063 quaedam
1559 1011 1736 1050 nondum
1764 1012 1802 1048 in
1827 1010 2029 1061 publicum
2055 1024 2123 1050 ex-

1156 1080 1310 1114 tractae
1335 1076 1373 1113 in
1399 1074 1615 1126 appendice
1639 1073 1818 1113 eiusdem
1839 1073 2042 1123 scriptoris
2062 1073 2122 1112 lu-

1154 1149 1241 1176 cem
1266 1137 1466 1188 publicam
1490 1136 1690 1175 viderunt.

1207 1200 1523 1239 BENEDICTUS
1540 1197 1794 1238 XIlJacobus
1815 1198 1849 1236 F
1850 1197 2035 1237 ornerius
2054 1200 2123 1237 Pa-

1159 1274 1208 1314 pa
1235 1262 1284 1300 ab
1303 1262 1378 1300 An.
1403 1262 1516 1301 4334.
1542 1262 1633 1300 Dec,
1659 1262 1708 1300 20
1734 1261 1782 1300 ad
1799 1262 1849 1300 25
1866 1261 1987 1312 April.
2008 1261 2122 1299 Anno

1157 1326 1260 1365 4342
1276 1324 1324 1363 de
1339 1335 1416 1375 quo
1433 1324 1620 1363 Baluzius
1645 1324 1685 1362 in·
1702 1325 1816 1374 Papis
1838 1324 2124 1362 Avenionensi-

1157 1388 1233 1426 bus
1257 1391 1353 1425 tom.
1376 1388 1390 1425 I
1411 1398 1498 1438 pag.
1522 1387 1597 1425 498
1621 1397 1704 1436 seq.
1728 1385 1805 1424 796
1827 1397 1885 1436 sq.
1904 1387 2034 1425 Etiam
2051 1386 2124 1425 liu-

1155 1449 1223 1500 jus
1259 1450 1553 1489 Commentaria
1584 1448 1625 1486 in
1648 1447 1827 1487 Psalmos
1855 1448 2016 1487 Davidis
2046 1449 2127 1487 ine-

1163 1511 1242 1550 dita
1261 1515 1549 1557 memorantur,
1566 1514 1606 1548 et
1626 1511 1803 1562 eaeposz‘to
1817 1511 1857 1549 in
1870 1510 2126 1557 Matthaeum,

1159 1573 1347 1613 distincta
1372 1574 1408 1611 in
1435 1574 1620 1612 CXXXII
1650 1577 1862 1622 tractatus,
1886 1578 1990 1611 teste
2019 1575 2130 1612 Jaco-

1159 1637 1208 1675 bo
1229 1637 1265 1675 le
1289 1638 1396 1687 Long
1418 1635 1681 1674 Bibliothecae
1697 1635 1879 1680 Biblicae,
1894 1636 2001 1674 MSta
2015 1636 2036 1674 4
2055 1636 2128 1674 Vo-

1163 1700 1381 1739 luminibus
1406 1700 1443 1736 in
1468 1699 1564 1737 Bibl.
1586 1698 1811 1737 Monasterii
1840 1697 2132 1737 Claraevallen-

1166 1763 1235 1800 sis.
1258 1759 1439 1812 Epistola
1467 1760 1522 1799 ad
1553 1758 1784 1811 Capitulum
1808 1758 2064 1798 Narbonense
2083 1759 2131 1798 de

1167 1823 1301 1875 pravis
1325 1823 1501 1862 moribus
1532 1822 1775 1861 Clericorum
1805 1822 2007 1861 Ecclesiae
2038 1821 2134 1860 Nar-

1162 1886 1366 1934 bonensis,
1393 1884 1497 1936 apud
1522 1885 1730 1924 Baluzium
1746 1888 1842 1922 tom.
1863 1885 1897 1922 ΙΙ
1920 1884 2133 1922 Miscellan.

1162 1959 1248 1999 pag.
1292 1948 1383 1986 263.
1417 1945 1629 1985 Gualberti
1650 1946 1839 1995 Abbatis,
1865 1946 1886 1968 ἦ
1910 1947 1976 1996 qui
2006 1945 2134 1984 medio

1163 2010 1321 2049 saeculo
1331 2008 1543 2048 undecimo
1553 2009 1745 2049 Ordinem
1761 2008 2136 2047 Vallumbrosanum

1163 2072 1364 2119 instituit,
1388 2070 1471 2110 vita
1493 2070 1598 2122 apud
1630 2071 1790 2109 Surium
1806 2074 1846 2109 et
1862 2071 1899 2108 in
1916 2068 2025 2108 Actis
2041 2071 2138 2108 San-

1166 2139 1323 2172 ctorum
1350 2134 1398 2172 42
1422 2134 1500 2172 Jul.
1541 2131 1844 2172 Constitutione-3
1870 2131 1944 2171 VII
1972 2133 2010 2169 in
2040 2133 2139 2170 Lau-

1163 2196 1280 2234 rentii
1303 2195 1519 2234 Cherubini
1541 2194 1714 2233 bullario
1735 2198 1830 2232 tom.
1850 2195 1865 2232 I
1895 2193 1960 2232 ubi
1989 2195 2137 2244 praeci-

1165 2270 1242 2309 pue
1265 2257 1526 2297 memoranda
1550 2254 1790 2308 Reformatio
1810 2254 1972 2295 Ordinis
1991 2256 2139 2296 Cister-

1165 2320 1309 2361 ciensis
1329 2332 1417 2372 pag.
1440 2320 1518 2359 233
1543 2323 1583 2358 et
1607 2320 1825 2357 Decretum
1854 2317 1900 2357 de
1928 2317 2140 2357 animabus

1166 2381 1367 2434 separatis
1388 2382 1428 2432 a)
1463 2384 1554 2434 post
1574 2379 1798 2419 discessum
1825 2392 1852 2418 a
1874 2391 2036 2432 corpore
2059 2383 2139 2418 sta-

1169 2445 1238 2483 tim
1264 2445 1416 2483 DEUM
1441 2441 1686 2482 intuentibus
1720 2454 1813 2492 pag.
1843 2442 1932 2480 240.
1972 2441 2141 2479 Ordina-

1170 2506 1291 2546 tiones
1321 2510 1358 2544 et
1383 2504 1688 2557 reformationes
1720 2515 1797 2555 pro
1828 2501 1923 2540 bono
1950 2501 2140 2552 reqimine

1169 2567 1452 2608 Monachorum
1476 2566 1694 2617 niyrorum
1728 2563 1890 2604 Ordinis
1914 2565 1953 2603 S.
1977 2564 2140 2603 Benedi-

1171 2629 1233 2669 cti.
1260 2629 1334 2668 An.
1356 2629 1457 2668 4336
1483 2640 1570 2678 pag.
1596 2628 1687 2667 241.
1716 2628 1837 2676 (llaec
1857 2630 1919 2664 est
1940 2625 2139 2665 Constitu-

1173 2691 1224 2730 tio
1240 2688 1517 2736 Benedictina,
1533 2699 1634 2738 quac
1650 2699 1742 2726 cum
1764 2689 1866 2725 Petri
1882 2688 2006 2726 Boeni
2024 2690 2141 2726 (Iom-

1174 2753 1366 2792 mentario
1388 2749 1530 2802 prodiit
1550 2751 1708 2788 Parisiis
1733 2750 1854 2798 4519,
1879 2750 1918 2798 8)
1946 2750 2141 2789 Constitu-

1225 2884 1239 2897 *
1262 2885 1342 2916 Vide
1365 2884 1451 2916 infra
1465 2906 1474 2920 ‚
1500 2884 1656 2914 BLASlUS
1678 2882 1876 2914 melanensis
1894 2886 1926 2913 et
1945 2883 2140 2915 nil-:noxv-

1167 2936 1242 2968 MUS
1265 2934 1501 2965 Florentinus‘.

1224 2984 1258 3023 a)
1279 2987 1347 3015 lloc
1370 2986 1604 3021 argumentum
1641 2982 1683 3012 de
1705 2986 1803 3012 statu
1827 2982 2031 3013 animarum
2060 2986 2143 3013 ante

1167 3033 1330 3073 yenerale
1354 3032 1535 3062 ,Indicium
1557 3032 1623 3062 alio
1646 3032 1747 3062 etiam
1771 3034 1876 3070 Opere
1900 3031 2040 3062 inclitos
2074 3033 2144 3063 To-

1169 3091 1244 3113 mos
1267 3082 1470 3119 distributo,
1494 3085 1527 3112 et
1553 3084 1727 3113 Tractains
1752 3089 1806 3112 sex
1830 3082 1916 3112 idem
1940 3081 2138 3113 Benedictus

1169 3134 1335 3164 tractavit.
1358 3131 1475 3162 Confer
1499 3131 1536 3162 (le
1562 3131 1616 3161 illa
1640 3132 1868 3161 controversia
1901 3132 2071 3161 Baluziuin
2094 3131 2135 3162 ail

1168 3185 1272 3221 Papus
1295 3182 1541 3212 Avenioncnses
1566 3184 1656 3211 tomo
1682 3181 1691 3208 l
1717 3188 1790 3219 pag.
1816 3180 1876 3209 7⁸3
1899 3189 1990 3219 seqq.
2011 3185 2043 3212 et
2065 3181 2138 3214 797.

1172 3236 1204 3262 et
1226 3230 1429 3269 ltnynalilum
1456 3230 1496 3260 ad
1520 3233 1651 3260 Annum
1683 3228 1762 3259 1555
1792 3237 1883 3260 niun.
1908 3230 1928 3259 9
1950 3237 2018 3269 seq.
2044 3234 2074 3261 et
2101 3231 2141 3261 aii

1172 3286 1304 3313 Annum
1342 3279 1428 3311 1550.
1453 3280 1508 3311 ubi
1545 3284 1741 3319 argumenta
1768 3287 1805 3310 ex
1830 3279 1999 3312 Benedicti
2048 3281 2143 3321 liujiis

1175 3329 1440 3369 quaestionibus.
