2500 3841
867 190 1310 231 CLEMANGIS

90 261 227 312 nojum
247 264 357 311 parte
381 260 427 298 ΙΙ.
450 260 643 299 Historiae
671 259 877 311 Gymnasii
900 263 1048 302 Navar-

89 326 147 363 rei
169 335 253 375 pag.
284 322 386 371 558,
412 333 523 373 seqq.
559 323 752 373 (recusae
790 336 916 376 nuper
950 329 1044 364 tom.

90 387 164 437 IV,
187 383 349 435 Launoji
386 384 588 436 Operum)
618 386 827 438 diligenter
864 390 1047 440 exposuit

90 449 134 486 V.
158 447 199 487 C.
224 448 477 486 Hermannus
501 448 549 486 ab
565 448 688 487 Hardt
706 454 801 488 tom.
827 451 862 499 I,
884 451 1043 490 Concilii

90 510 409 549 Constantiensis
432 514 544 561 parte
559 511 582 550 2
598 522 684 562 pag.
709 511 778 560 74,
800 524 886 563 sqq.
910 514 1046 564 Elogia

87 571 175 622 ejus
197 573 311 611 offert
333 572 437 612 idem
471 574 671 624 LaunoJ'us
705 576 743 612 in
769 574 1045 614 dissertatione

85 634 318 685 debauctore
346 635 538 675 librorum
567 636 615 675 de
641 638 862 677 imitatione
891 639 1044 678 CHristi

87 708 175 748 pag.
198 696 246 747 7,
268 708 350 748 seq.
391 699 466 747 49,
492 709 577 749 seq.
607 703 647 737 et
676 700 920 751 Remarques
942 712 1046 740 som-

88 760 234 798 maires
257 771 344 811 pag.
368 761 437 809 40,
463 772 545 811 seq.
570 763 638 808 49,
663 766 702 800 et
726 774 811 814 pag.
835 763 976 802 56.ubi
997 763 1046 802 de

87 832 160 870 eo,
188 821 294 872 quod
329 823 513 862 Nicolaus
551 825 777 875 Clemangis
810 827 847 863 in
871 827 1045 864 Romano

87 884 220 923 Indice
239 884 462 936 prohibitus
483 891 570 935 est,
595 888 649 926 ita
670 892 713 926 ut
737 887 769 938 ej
779 899 825 927 us
845 900 962 939 opera
981 889 1046 927 illa

88 947 367 986 tantummodo
390 950 567 999 permitti
591 951 772 1000 possint,
801 962 902 1001 quae
929 951 1046 1002 juxta

85 1020 278 1049 censuras
314 1012 476 1050 Patrum
516 1012 799 1063 deputatorum
836 1013 1047 1052 emendata

86 1072 348 1112 excudentur.
374 1075 413 1113 Si
436 1076 526 1125 quis
550 1075 751 1114 Gracchos
781 1075 829 1115 de
853 1075 1046 1114 seditione

88 1140 305 1185 querentes
325 1137 426 1176 ferre
450 1137 656 1184 didicerit,
686 1140 721 1176 ei
751 1138 905 1189 lepidus
928 1139 1048 1177 etiam

88 1197 289 1237 videbitur
325 1198 567 1250 Theophilus
608 1200 852 1251 Raynaudus
892 1200 1047 1239 Nicolao

86 1260 342 1299 acerbitatem
359 1262 397 1299 in
413 1262 621 1300 scribendo
641 1261 831 1312 objiciens
848 1264 1048 1301 insectan-

87 1332 187 1372 sque
209 1334 295 1374 pag.
323 1325 398 1363 444
419 1324 468 1363 de
486 1324 600 1362 bonis
613 1329 654 1363 et
670 1325 786 1363 malis
806 1325 926 1363 libris.
944 1326 1047 1364 Scri-

86 1388 153 1434 pta
177 1385 428 1437 Clemangis,
453 1388 573 1425 etiam
597 1391 688 1438 post
720 1386 909 1437 Launoji,
942 1389 1046 1426 Hen-

85 1448 154 1485 rici
180 1448 389 1487 Warthoni
410 1449 458 1488 ad
482 1451 659 1489 Caveum
683 1455 722 1489 et
755 1449 899 1490 Oudini
924 1450 956 1499 a)
987 1452 1045 1488 in-

83 1509 304 1560 dustriam,
329 1512 516 1551 distincte
540 1524 750 1552 recensere
780 1524 922 1564 operae
955 1525 1044 1564 pre-

83 1573 184 1612 tium
204 1573 313 1613 duxi.

137 1637 172 1674 4.
196 1636 309 1675 Liber
323 1636 370 1676 de
384 1641 572 1690 corrupto
587 1637 793 1678 Ecclesiae
810 1642 941 1685 statu,
962 1638 1044 1677 An-

85 1709 134 1736 no
158 1699 314 1738 circiter
339 1702 440 1740 4400
477 1703 673 1752 scriptus,
699 1703 766 1752 qui
799 1703 837 1740 in
873 1702 1043 1740 editione

82 1760 256 1811 Operum
271 1762 489 1814 Clemangii
504 1763 684 1816 Lydiana
701 1765 811 1803 ducit
827 1765 1017 1802 familiam
1035 1793 1042 1811 ,

82 1823 281 1873 prodierat
305 1828 471 1865 seorsim
493 1838 588 1865 cura
612 1828 685 1865 viri
710 1828 873 1877 egregii,
891 1827 958 1876 qui
975 1826 1049 1864 sub

85 1882 238 1924 Eubuli
261 1886 429 1926 Cordati
449 1891 609 1927 nomine
630 1889 757 1928 voluit
787 1889 909 1927 latere
928 1917 936 1937 ,
973 1889 1046 1926 Ro-

82 1958 171 1986 mae
198 1950 327 1997 4549,
361 1951 396 1988 4.
435 1952 521 1989 sine
551 1952 623 1989 loci
655 1956 762 1990 nota.
793 1952 896 1989 Haec
925 1955 1045 1989 vetus

82 2009 200 2050 editio
225 2012 298 2050 fuit
320 2014 357 2050 in
380 2014 476 2051 Bihl.
498 2014 711 2053 Baluziana
740 2018 780 2051 et
811 2014 1044 2052 Telleriana.

83 2073 231 2111 Praelis
252 2075 394 2114 iterum
411 2075 529 2115 datus
547 2080 609 2114 est
625 2076 724 2114 liber
741 2077 816 2114 iste
841 2088 863 2114 a
888 2077 932 2114 D.
951 2077 1046 2114 Leo-

83 2134 236 2174 uhardo
258 2137 424 2175 Huttero
443 2169 454 2187 ,
489 2138 652 2176 Witteb.
687 2138 781 2177 4604
802 2169 814 2187 ,
850 2139 898 2186 4,
928 2142 967 2177 et
997 2138 1044 2176 ab

83 2197 276 2237 Eduardo
296 2197 475 2249 Bulklei,
500 2201 717 2252 inscriptus
731 2199 947 2252 Speculum
970 2201 1046 2239 Ec-

81 2260 224 2300 clesiae
241 2261 486 2314 Pontificiae,
502 2263 625 2301 Lond.
650 2264 772 2312 4606,
790 2265 826 2302 8.
850 2264 939 2302 inde
955 2264 1044 2302 Hel-

80 2323 239 2362 mstadii
257 2324 381 2373 4620,
403 2326 437 2363 8.
463 2337 555 2364 cum
580 2327 821 2376 praefatione
844 2326 1042 2365 Johanm's

80 2385 114 2422 F
115 2385 289 2423 uchteiiii
293 2417 305 2436 ,
321 2390 361 2425 et
375 2389 593 2426 novissime
610 2388 860 2427 emendatior
880 2401 930 2427 ex
946 2389 1043 2427 duo-

78 2447 154 2492 bus
175 2449 295 2487 MStis
317 2450 799 2499 Wolffenb'uttelensibus,
831 2451 906 2489 sub
927 2451 1042 2489 titulo

79 2508 126 2548 de
147 2509 269 2547 ruina
283 2509 483 2549 Ecclesiae
496 2543 506 2560 ,
532 2513 572 2549 in
589 2512 738 2550 laudati
756 2511 980 2550 Hermanni
993 2510 1042 2549 ab

79 2570 213 2611 Hardt
225 2575 320 2610 tom.
344 2572 386 2620 Ι,
411 2573 571 2611 Concilii
587 2573 915 2612 Constantiensis
932 2577 1042 2624 parte

79 2635 208 2672 tertia.
231 2632 344 2671 Adde
367 2633 500 2672 Jacobi
525 2635 694 2672 Lenfant
719 2635 931 2673 historiam
960 2634 1044 2685 eju-

81 2695 192 2733 sdem
214 2695 377 2734 Concilii
400 2706 486 2746 pag.
513 2696 614 2744 632,
641 2707 724 2746 seq.

135 2758 156 2780 ³¹*
183 2757 269 2796 Nic.
297 2755 344 2795 de
377 2755 600 2808 Clemanyis
629 2758 727 2796 liber
759 2759 815 2796 De
856 2762 1042 2810 corrupto

80 2818 281 2861 Ecclesiae
301 2820 422 2860 Statu.
437 2819 582 2870 prodiit
606 2820 758 2869 absque
779 2819 1042 2870 adscriptione

81 2884 174 2922 anni
196 2887 235 2921 et
256 2882 329 2920 loci
352 2882 390 2919 in
412 2882 622 2920 Germania
641 2911 649 2929 ,
670 2893 748 2919 non
771 2893 865 2919 vero
886 2883 1043 2931 Romae,

81 2950 127 2984 ut
149 2945 212 2983 hic
231 2944 435 2983 Fabricius
456 2946 649 2993 asseruit·⁷
672 2943 709 2982 id
730 2944 835 2982 enim
868 2944 931 2981 vel
964 2944 1044 2982 solo

4 3042 7 3047 ,
82 3007 168 3046 libri
200 3010 365 3058 aspectu
393 3006 635 3058 persuadere
670 3005 953 3044 animadvertit
984 3006 1046 3042 vir

81 3070 177 3108 mihi
198 3069 350 3109 dudum
371 3070 556 3108 amicitiis
583 3071 822 3108 coniunctus
843 3068 1044 3118 Philippus

84 3133 254 3172 Jacobus
280 3133 522 3172 Lambacher
552 3134 590 3170 in
621 3132 858 3171 Bibliotheca
884 3131 1046 3179 antiqua

84 3194 378 3234 Vindobonensi
408 3195 543 3235 Civica
572 3206 658 3246 pag.
686 3195 773 3234 468.
800 3194 866 3244 qui
896 3197 935 3231 et
965 3203 1046 3231 mo-

144 3345 177 3386 a)
200 3349 294 3379 Tom.
318 3349 359 3378 ΙΙΙ
378 3371 387 3386 ,
412 3356 487 3388 pag.
511 3347 605 3380 2522.
632 3354 722 3386 seqq.

2006 189 2079 227 361

1122 267 1190 302 net
1219 274 1269 302 ex
1299 262 1528 300 coniectura
1557 264 1718 308 tamen,
1748 259 1944 299 Eubolum
1972 259 2082 297 illurn

1122 325 1336 366 Cordatum
1357 325 1424 375 qui
1444 322 1659 362 editionem
1680 322 1783 361 hanc
1807 322 1964 361 curavit
1986 333 2085 360 eun-

1121 388 1212 427 dem
1236 399 1326 426 esse
1346 387 1549 426 Uldricum
1574 385 1824 424 Hutthenum
1859 384 1969 423 libris
1997 383 2080 422 edi-

1121 452 1173 490 tis
1193 452 1290 490 satis
1316 450 1510 489 celebrem
1539 449 1579 486 in
1605 448 1828 496 Germania,
1847 447 1917 485 sed
1938 447 2084 485 Luthe-

1121 525 1275 553 ranum.

1173 577 1208 616 2.
1243 573 1468 626 Deplorate'o
1497 573 1737 613 calamitatis
1774 571 2083 611 Ecclesiasticae

1113 648 1190 689 per
1208 636 1391 677 Schisma
1408 635 1755 688 nefandissimum,
1777 646 1868 673 cum
1887 634 2079 673 eoelior'ta-

1119 700 1218 738 tione
1245 698 1472 750 Pontificum
1495 697 1549 736 ad
1571 699 1656 748 ejzcs
1679 697 2010 748 exstirpationem
2038 709 2073 747 p.

1122 764 1171 802 32
1195 762 1369 801 carmine
1394 762 1504 811 epico
1524 791 1532 809 ,
1558 759 1663 809 quod
1689 760 1825 810 incipit
1845 774 1851 797 :

1114 843 1248 872 CHriste
1263 865 1274 879 ,
1292 848 1410 880 graves
1428 847 1568 879 sponsae
1591 846 1722 878 semper
1743 839 1898 870 miserate
1921 838 2054 870 labores

1116 894 1256 923 Aversos
1282 889 1367 920 refer
1391 889 1457 921 huc
1481 888 1593 921 oeulos
1612 912 1620 919 .
1636 912 1644 919 .
1658 911 1668 920 .

1173 959 1490 996 Praemittuntur
1527 968 1613 1008 pag.
1640 957 1690 996 29
1715 957 1880 996 alterius
1909 958 2083 994 auctoris

1121 1020 1300 1071 rhythmi
1322 1021 1359 1057 in
1384 1020 1544 1059 Curiam
1568 1021 1807 1069 Romanam,
1825 1030 1995 1069 quorum
2014 1020 2084 1056 ini-

1123 1084 1221 1121 tium
1240 1096 1246 1120 :
1274 1083 1443 1134 Propter
1466 1081 1560 1121 Sion
1585 1093 1661 1120 non
1683 1080 1832 1120 tacebo.

1177 1148 1213 1185 3.
1232 1143 1350 1184 Liber
1370 1144 1415 1183 dc
1435 1144 1550 1197 lapsu
1575 1148 1613 1183 et
1631 1143 1884 1195 reparatione
1900 1143 2088 1182 Justitiae

1122 1220 1210 1259 pag.
1234 1207 1283 1246 37
1308 1207 1356 1247 ad
1380 1208 1604 1258 Philippum
1623 1237 1630 1255 ,
1652 1206 1980 1257 Burgundionum
2007 1207 2085 1245 Du-

1122 1282 1234 1319 cem,
1260 1272 1407 1321 scripta
1429 1271 1534 1309 circa
1557 1269 1720 1308 Annum
1747 1270 1862 1308 4424.
1884 1269 2089 1308 Prodierat

1121 1333 1297 1371 Viennae
1318 1333 1409 1372 4481
1429 1364 1436 1382 ,
1462 1332 1499 1370 4.
1523 1336 1563 1370 et
1585 1333 1742 1370 Parisiis
1766 1332 1880 1371 4542.
1909 1333 2029 1380 4549,
2053 1332 2089 1369 4.

1176 1394 1382 1446 4.Dz'sputa
1389 1394 1438 1433 tio
1450 1406 1539 1433 cum
1552 1393 1724 1446 quodam
1735 1393 1959 1432 Parisiensi
1968 1393 2088 1433 Scho-

1119 1456 1255 1496 lastico
1289 1457 1335 1496 dc
1360 1456 1532 1497 Concilio
1563 1455 1745 1507 [sencrali
1771 1468 1860 1507 pag.
1891 1458 1953 1496 64.
1987 1458 2089 1495 scri—

1118 1525 1184 1571 pta
1220 1521 1297 1560 An.
1331 1521 1446 1559 4409.
1484 1519 1669 1569 editaque
1710 1519 1864 1569 pridem
1906 1521 2082 1558 Viennae

1120 1582 1247 1632 4482,
1274 1584 1307 1622 4.
1329 1583 1489 1622 Parisiis
1515 1583 1642 1629 4542,
1672 1582 1704 1619 4.
1727 1593 1819 1620 cuin
1845 1583 1991 1633 scripto
2016 1594 2084 1621 su-

1118 1647 1290 1697 periore,
1316 1650 1436 1697 atque
1464 1644 1584 1694 1647,
1607 1646 1643 1682 8.
1664 1656 1756 1683 cum
1778 1644 1881 1683 Guil.
1903 1645 2081 1683 Durandi

1119 1708 1167 1746 de
1191 1708 1329 1747 eodem
1354 1712 1591 1758 argumento
1628 1712 1667 1746 et
1706 1709 1808 1746 Petri
1834 1707 1882 1745 de
1906 1706 2081 1758 Alliaco,

1119 1774 1158 1808 et
1178 1771 1363 1809 Gentiani
1384 1772 1545 1809 Herveti
1566 1769 1614 1808 de
1635 1769 1856 1821 reparanda
1881 1770 2088 1822 disciplina

1121 1833 1414 1872 Ecclesiastica.

1174 1897 1208 1934 5.
1237 1894 1399 1935 Collatio
1433 1893 1584 1946 dupleae
1607 1893 1662 1932 ad
1686 1892 1850 1932 eundem
1873 1893 2087 1933 Scholasti-

1122 1969 1210 1996 cum
1225 1989 1236 2008 ,
1258 1957 1304 1996 de
1329 1957 1460 1996 eodem
1483 1960 1716 2008 aryumeizto
1740 1968 1827 2007 pag.
1855 1958 1930 2005 65,
1955 1956 2018 1995 78.
2048 1961 2088 1995 et

1119 2032 1212 2059 cum
1234 2022 1436 2071 superiore
1458 2021 1604 2070 scripto
1619 2031 1669 2058 ex
1685 2020 1762 2058 MS.
1781 2018 2088 2057 Wolffenb'utte-

1119 2083 1219 2122 lensi
1255 2083 1528 2134 Epistolarum
1566 2082 1714 2120 Nicolai
1757 2082 1976 2131 Clemangii
1995 2112 2003 2131 ,
2047 2082 2085 2118 in

1119 2146 1339 2184 Clarissimi
1363 2144 1515 2183 Hardtii
1539 2148 1633 2182 tom.
1652 2145 1680 2182 I.
1711 2144 1875 2183 Concilii
1893 2144 2088 2182 Constan-

1118 2209 1259 2247 tiensis
1282 2212 1394 2259 parte
1419 2208 1469 2255 2,
1490 2218 1578 2258 pag.
1606 2207 1682 2254 45,
1709 2207 1770 2244 50.

1172 2272 1206 2309 6.
1227 2270 1443 2322 Responsio
1466 2268 1748 2320 Apostolorum
1767 2268 1993 2307 Gallicanae
2018 2279 2087 2307 na-

1118 2335 1249 2383 tionis,
1271 2332 1547 2373 Cardinalibus
1572 2331 1864 2383 appellantibus
1888 2331 1936 2369 ab
1960 2329 2088 2381 ejusd.

1117 2396 1314 2447 suffragio,
1336 2396 1592 2434 conclusione
1613 2398 1653 2432 et
1679 2393 1961 2432 deliberatione
1985 2393 2089 2431 Con-

1117 2459 1287 2497 stantiae
1311 2457 1386 2496 An.
1406 2458 1520 2497 4447.
1540 2457 1666 2504 factis,
1685 2455 1790 2507 quod
1807 2454 2017 2494 vaeantiae
2040 2466 2089 2492 ac

1118 2520 1272 2558 minuta
1296 2518 1466 2558 servitia
1499 2517 1606 2555 nullo
1637 2519 1735 2569 jicre
1771 2516 1852 2555 sint
1873 2515 2027 2564 debita,
2053 2519 2091 2553 et

1118 2582 1164 2620 (le
1187 2581 1356 2620 Annalis
1381 2579 1553 2632 amplius
1576 2591 1654 2616 uon
1677 2577 1874 2617 solvendis
1903 2589 1989 2628 pag.
2021 2578 2084 2617 82.

1118 2644 1319 2683 Prodierat
1342 2645 1519 2683 Viennae
1547 2642 1661 2689 4482,
1681 2642 1714 2678 4.
1733 2641 1891 2678 Parisiis
1915 2641 1927 2678 4
1940 2640 2029 2688 549,
2048 2641 2083 2678 4.

1117 2712 1157 2745 et
1178 2708 1218 2744 in
1234 2706 1421 2745 fasciculo
1442 2715 1576 2743 rerum
1593 2701 1910 2754 expetendarum
1926 2701 2090 2740 Ortuini

1119 2769 1275 2818 Gratii,
1298 2769 1482 2808 Coloniae
1507 2769 1521 2806 4
1534 2768 1637 2814 535,
1665 2765 1725 2803 fol.
1765 2776 1852 2815 pag.
1890 2765 1982 2803 489.
2018 2766 2089 2814 qui

1119 2832 1332 2871 fasciculus
1355 2842 1446 2870 eum
1472 2829 1614 2880 insigni
1632 2828 1807 2867 auctario
1823 2826 1991 2865 recusus
2015 2839 2087 2866 cu-

1118 2899 1230 2934 rante
1259 2891 1450 2932 Eduardo
1484 2893 1631 2930 Brown
1668 2889 1834 2928 Londini
1867 2889 1994 2937 4690,
2020 2889 2082 2927 fol.

1118 2958 1296 3007 Denique
1332 2961 1421 3007 post
1458 2955 1651 2993 editiones
1675 2950 1877 2990 Edmundi
1903 2949 2081 2990 Ilzclzerii

1121 3021 1184 3059 lib.
1209 3021 1244 3059 2.
1270 3020 1362 3058 hist.
1385 3017 1649 3057 Concilioruin
1670 3014 1912 3067 generalium
1940 3026 1975 3064 p.
1996 3014 2082 3053 497.

1121 3094 1203 3132 seq.
1228 3086 1268 3120 et
1290 3078 1580 3119 PetriPuteani
1601 3080 1640 3117 in
1662 3078 1826 3116 historia
1841 3076 2082 3115 schismatis.

1121 3144 1278 3183 Parisiis
1304 3143 1429 3191 4652,
1457 3144 1490 3181 4.
1521 3142 1594 3180 hoc
1632 3145 1825 3191 scriptum
1864 3150 1911 3176 ex
1953 3142 2081 3178 veteri

1121 3207 1290 3245 editione
1315 3205 1417 3244 Anni
1438 3206 1504 3244 454
1517 3205 1551 3242 9.
1570 3204 1780 3242 exhibetur
1803 3203 1840 3239 in
1861 3197 2092 3241 Iler-manni

1120 3267 1170 3307 ab
1185 3266 1314 3306 Hardt
1327 3267 1498 3309 Concilio
1515 3266 1809 3307 Constantiensi
1832 3269 1926 3304 tom.
1945 3266 1981 3316 Ι,
1997 3277 2084 3317 par—

1124 3337 1162 3369 te
1187 3331 1293 3370 Xlll.

1648 3407 1698 3447 40
