2500 3841
923 211 1332 252 CAMPANUS

124 286 294 326 toniatae
323 281 378 321 acl
406 283 672 321 Franeiscum
701 283 928 323 Maoeimum
959 284 1093 324 Civem

124 351 346 388 Romanum
369 343 415 383 de
437 343 626 395 diynitate
645 345 901 384 matrimonii.
922 359 959 397 p.
987 347 1036 385 48
1054 347 1092 385 b.

179 411 214 458 4)
244 405 495 447 Thrasimeni
531 405 643 445 lacus
680 406 892 459 descriptio
915 408 969 447 ad
993 410 1096 447 Pan-

123 470 281 525 dulfum
302 468 532 509 Balionium
557 481 644 520 pag.
672 471 714 509 51
742 470 778 508 b.

179 535 215 583 5)
238 532 303 572 Ad
338 529 531 570 Jacobum
568 531 826 570 Cardinalem
861 533 1096 584 Papiensem

123 595 364 647 Episcopum
378 592 424 632 de
432 592 581 646 fratris
596 592 703 631 obitu
712 594 934 634 consolatio
949 608 985 647 p.
998 598 1046 636 55
1057 597 1093 635 b.

180 658 215 707 6)
243 657 467 696 Censurae:
490 654 531 693 in
565 654 804 704 Quintiliani
833 657 1095 696 Declamatio-

125 710 219 758 n'es:
243 718 285 758 in
308 718 518 757 Orationes
547 717 688 756 Tullii:
715 718 755 757 in
783 719 1023 759 Victorinum
1047 721 1094 759 de

127 780 389 820 Generatione
405 779 567 820 divina:
590 780 630 818 in
653 781 904 821 Suetonium:
926 782 967 821 in
989 784 1096 822 Vitas

126 842 361 882 Plutarchi:
387 843 428 882 in
450 842 632 882 Livium:
656 843 697 882 in
721 844 961 893 Quintiliani
980 845 1098 885 Insti-

125 905 304 945 tutiones.
334 917 422 957 pag.
462 907 524 944 36.
561 908 639 945 Has
674 917 869 945 censuras
899 906 980 957 jam
1017 908 1097 946 dixi

126 979 290 1007 recusas
328 979 418 1007 esse
454 980 583 1019 nuper
622 970 802 1020 Lipsiae,
829 969 900 1007 sed
927 971 1099 1009 omissae

126 1031 261 1069 nescio
282 1042 403 1081 quam
427 1031 476 1069 ob
499 1042 663 1070 causam
697 1031 784 1070 illae
810 1032 850 1069 in
887 1031 1098 1070 Orationes

127 1093 245 1133 Tullii
268 1098 309 1132 et
332 1095 370 1132 in
396 1094 660 1134 Victorinum.

185 1155 222 1205 7)
245 1155 393 1195 Coram
414 1155 483 1194 Pio
503 1154 737 1194 abscessuri
752 1155 807 1195 ad
827 1157 986 1196 Venetos
1005 1155 1100 1195 ado-

132 1217 312 1257 lescentis
337 1217 611 1258 Columnensis
633 1218 782 1257 Oratio.
806 1230 894 1270 pag.
921 1220 970 1258 65
992 1218 1028 1257 b.

186 1281 222 1329 8)
246 1280 384 1319 Oratio
402 1279 457 1318 ad
470 1282 662 1319 Senatum
688 1283 884 1320 Venetum.
906 1281 998 1319 ibid.

188 1343 224 1392 9)
251 1342 388 1381 Oratio
412 1342 452 1381 in
474 1342 704 1382 ascensione
726 1343 895 1382 Domini.
920 1355 1007 1395 pag.
1033 1344 1096 1382 66.

186 1405 286 1444 Hinc
306 1409 396 1456 post
428 1405 630 1444 Michaelis
653 1407 768 1445 Ferni
803 1406 1025 1457 Epistolam
1049 1404 1099 1444 ad

134 1465 385 1507 Cardinalem
405 1467 454 1506 de
475 1469 513 1507 S.
539 1469 666 1509 Cruce
691 1473 731 1507 et
754 1467 1022 1506 decastichon.

192 1529 255 1579 10)
273 1529 474 1580 Campani
487 1529 625 1568 Oratio
643 1530 836 1569 Perusiae
860 1528 999 1568 habita
1027 1529 1101 1569 ini-

135 1590 186 1630 tio
207 1591 347 1631 Studii
364 1591 477 1630 Anno
504 1594 607 1632 1455
629 1595 716 1644 pag.
737 1592 793 1637 ,67
818 1593 854 1631 b.

189 1655 252 1704 11)
275 1655 332 1693 De
354 1655 495 1694 mortis
510 1654 761 1695 meditatione
784 1656 921 1695 Oratio
946 1656 1101 1696 Cineri-

133 1715 197 1755 cia
219 1715 327 1755 dicta
349 1719 506 1757 Romae.
529 1730 616 1770 pag.
641 1718 691 1758 73
712 1719 749 1757 b.
774 1730 915 1758 recusa
942 1720 981 1757 in
1002 1719 1100 1758 Bibl.

135 1780 299 1817 Patrum
323 1784 418 1818 tom.
444 1782 601 1831 XXVI,
623 1793 708 1832 pag.
732 1782 821 1819 806.

192 1841 255 1889 12)
280 1842 336 1879 De
356 1841 513 1892 Spiritu
532 1844 676 1882 Sancto
699 1843 849 1881 Oratio,
872 1855 959 1894 pag.
986 1843 1048 1882 79.

192 1903 255 1952 ’13)
281 1903 338 1941 De
363 1903 676 1943 Circumcisione
698 1904 848 1943 Oratio.
868 1917 955 1956 pag.
982 1906 1032 1944 82
1053 1905 1089 1943 b.

192 1966 255 2015 14)
281 1966 329 2003 In
351 1966 468 2005 Festo
493 1967 634 2006 Sancti
649 1966 849 2019 Stephani.
867 1979 955 2019 pag.
982 1968 1044 2005 84.
1067 1967 1103 2005 b.

193 2029 255 2078 15)
277 2028 326 2067 In
344 2029 460 2067 Festo
475 2030 516 2069 S.
538 2030 568 2067 T
566 2029 703 2068 homae
723 2029 770 2068 de
783 2029 937 2082 Aquino
953 2028 1105 2068 Oratio·

137 2102 225 2142 pag.
250 2092 300 2129 86
323 2092 360 2130 b.

193 2154 255 2200 16)
281 2153 420 2192 Oratio
450 2152 588 2193 habita
622 2154 664 2193 in
694 2154 899 2194 Conventa
928 2154 1109 2205 Ratispo-

138 2215 254 2255 nensi
286 2215 342 2255 ad
362 2215 635 2255 eaehortandos
658 2216 867 2268 Principes
891 2217 1109 2256 Germano-

138 2291 233 2318 rum
255 2283 394 2318 contra
421 2280 597 2329 Turcas‚
622 2291 710 2331 pag.
735 2281 784 2319 90
819 2291 912 2319 cum
946 2281 1033 2318 aliis
1057 2281 1110 2317 si-

141 2344 246 2382 milis
282 2345 509 2395 argumenti
541 2355 684 2383 recusa
718 2343 834 2383 Isleb.
861 2344 963 2383 1603
993 2347 1034 2381 et
1068 2343 1108 2380 in

139 2406 336 2445 Reusnerl
349 2406 502 2444 collect.
513 2405 674 2447 debello
685 2407 864 2445 Turcieo.
877 2407 979 2456 Lips.
992 2407 1006 2444 1
1019 2405 1108 2443 595.

199 2468 260 2517 17)
281 2467 418 2507 Oratio
446 2466 584 2507 habita
598 2467 712 2508 Senis
728 2467 769 2506 in
791 2466 977 2518 eoeequiis
994 2466 1057 2504 Pii
1069 2466 1115 2504 ΙΙ

143 2529 343 2580 Pontificis
357 2532 473 2570 Maoe.
495 2542 582 2581 pag.
599 2532 662 2569 95.
679 2531 838 2568 Omissa
854 2533 946 2568 ante
959 2530 1111 2568 AEneae

144 2592 272 2642 Sylvii
295 2593 426 2643 Opera
445 2622 452 2642 ‚
476 2593 544 2630 ubi
567 2593 797 2642 Campanus
827 2595 873 2630 ut
895 2590 1001 2641 apud
1039 2591 1114 2630 Vo-

143 2656 390 2695 laterranum
409 2683 417 2703 ,
440 2655 543 2693 male
567 2659 734 2692 vocatur
756 2655 980 2704 Episcopus
1016 2652 1114 2691 Are-

144 2719 268 2757 Unus

201 2781 262 2830 18)
286 2778 437 2819 Habita
461 2778 655 2817 Perusiae
678 2777 719 2816 in
735 2778 892 2816 Funere
915 2775 1117 2828 Maqnifici

145 2843 251 2885 Nelli
271 2842 317 2882 de
340 2839 586 2881 Balionibus.
609 2852 695 2891 pag.
727 2840 802 2879 100
828 2839 864 2877 1).

202 2907 263 2956 19)
287 2904 425 2945 Oratio
450 2903 643 2943 Perusiae
668 2900 803 2940 habita
824 2901 864 2939 in
888 2901 1044 2940 Funere
1065 2902 1112 2939 D.

145 2971 203 3009 ιῙο.
224 2965 524 3019 Archiepiscopi
539 2964 807 3004 Beneventani
826 2962 880 3001 ad
894 2961 1022 3014 filium
1043 2964 1116 3001 Pe-

144 3032 285 3072 rusiae
305 3030 635 3072 Gubernatorem.
660 3039 746 3079 pag.
770 3028 857 3067 110.

201 3096 264 3144 20)
289 3096 337 3134 In
357 3095 514 3133 Funere
529 3089 761 3133 Cardinalis
777 3092 947 3129 Sanctae
963 3089 1115 3128 Susan-

147 3170 223 3198 nae
245 3155 625 3210 Saoeoferratensis.
655 3152 804 3192 Oratio.
828 3164 913 3202 pag.
941 3152 1029 3190 112.

199 3220 265 3270 21)
288 3220 336 3258 In
368 3220 526 3258 Funere
549 3216 753 3269 Baptistae
776 3213 974 3266 Sfortiae,
999 3210 1113 3250 Urbi-

148 3283 254 3322 natis
276 3282 400 3321 Ducis
415 3313 425 3331 ,
455 3280 603 3320 Oratio.

202 3344 223 3368 ἦ
250 3344 387 3384 Oratio
416 3343 554 3383 habita
584 3340 776 3382 Perusiae
809 3339 847 3378 in
875 3339 1017 3392 funere
1055 3339 1112 3378 Jo.

2062 213 2140 251 303

1166 282 1352 337 Arcbiep.
1389 282 1662 323 Beneventani
1693 282 1748 321 ad
1777 282 1906 334 silium
1943 283 2140 322 Perusiae

1170 345 1616 398 Gubernatorem.Lege
1634 358 1683 384 ex
1703 346 1782 385 MS.
1798 345 1895 386 Cod.
1914 357 2014 384 meo.
2040 345 2143 384 Ora-

1171 409 1221 447 tio
1245 407 1383 448 habita
1398 408 1579 448 Perusiis
1594 408 1634 447 in
1650 407 1796 461 fune-re
1817 408 2002 460 parentis
2021 408 2067 446 D.
2082 409 2140 445 J0.

1170 470 1356 523 Archiep.
1380 470 1650 510 Beneventani
1675 473 1768 509 tunc
1800 469 1964 509 Perusii
1985 468 2141 509 Guber-

1170 533 1338 572 natoris.
1363 533 1436 571 Ubi
1459 533 1662 571 Fabricius
1694 533 1800 584 legit.
1826 532 1868 570 in
1888 531 1975 585 fun.
2005 532 2143 583 Bapti-

1169 599 1254 635 stae
1289 594 1465 648 Sfortiae
1506 593 1713 633 Urbinatis
1745 594 1896 644 Ducis,·
1934 595 2029 646 legit
2063 596 2142 635 MS.

1170 659 1264 699 Cod.
1294 657 1509 696 Ducissae.

1223 721 1286 770 22)
1311 718 1508 771 Campani
1540 717 1818 769 Epistolarum
1853 719 1967 758 Libri
1998 720 2054 758 IX
2075 721 2143 770 qui

1169 782 1417 821 Francofurti
1441 780 1584 819 deinde
1605 780 1723 819 Anno
1747 782 1850 820 1602
1867 813 1878 830 ,
1897 783 1999 821 1614
2022 787 2145 832 atque

1172 830 1425 884 emendatius
1449 841 1592 892 utjam
1616 842 1697 880 dixi
1718 871 1726 890 ,
1748 853 1877 892 nuper
1906 844 2061 893 Lipsiae
2086 855 2147 882 re-

1172 907 1260 946 cusi
1284 909 1407 944 sunt:
1432 917 1482 944 ne
1520 904 1650 943 dicam
1676 903 1724 942 de
1753 905 1893 954 paucis
1918 905 2021 954 illis,
2046 916 2148 955 quas

1173 979 1267 1007 cum
1285 968 1510 1007 Ravisianis
1535 968 1621 1006 sive
1652 966 1819 1004 Joannis
1843 966 2028 1004 Textoris
2056 967 2150 1017 Epi-

1174 1031 1287 1070 stolis
1310 1031 1563 1072 Christianus
1586 1029 1781 1067 Daumius
1806 1027 1913 1078 Lips.
1940 1026 2070 1076 1657,
2097 1029 2146 1068 12

1173 1094 1366 1144 vulgavit.
1382 1092 1480 1131 Vide
1494 1091 1694 1143 Epistolas
1710 1090 1882 1128 Reinesii
1898 1089 2144 1128 Daumianas

1172 1167 1260 1207 pag.
1287 1156 1389 1203 114,
1417 1155 1492 1194 118
1513 1158 1592 1193 etc.

1225 1218 1288 1268 23)
1314 1216 1604 1256 Perusinorum
1626 1214 1682 1254 ad
1699 1215 1816 1254 Pium
1834 1214 1881 1253 II
1900 1214 1941 1253 in
1964 1212 2146 1252 obedien-

1174 1280 1270 1319 tiam
1296 1279 1461 1319 Oratio:
1482 1278 1700 1318 novissime
1723 1276 1774 1316 ab
1809 1276 1958 1328 Anyelo
1999 1274 2149 1315 Ubaldo

1173 1343 1262 1382 viro
1300 1341 1587 1395 spectatissimo
1627 1340 1845 1379 Perusiam
1879 1338 2006 1377 allata
2037 1337 2155 1377 Cam—

1168 1405 1272 1458 pani
1290 1404 1425 1458 fertur
1440 1436 1450 1454 ,
1473 1403 1632 1442 tametsi
1660 1414 1717 1441 ea:
1736 1401 1873 1441 nitidis
1893 1401 1978 1441 suis
1998 1412 2075 1439 ‘non
2096 1400 2156 1440 vi-

1174 1468 1291 1507 detur
1308 1465 1485 1522 fontibus
1509 1466 1680 1514 hausta7
1708 1468 1777 1503 etc.
1806 1476 1893 1515 pag.
1921 1464 1984 1503 76.

1228 1532 1291 1581 24)
1317 1530 1383 1569 Pii
1414 1530 1459 1568 II
1479 1527 1678 1579 Pontificis
1701 1528 1816 1567 Maoe.
1857 1526 1944 1565 Vita
1964 1538 2052 1578 pag.
2086 1526 2149 1565 78.

1172 1599 1312 1646 postea
1333 1594 1556 1645 praemissa
1579 1593 1701 1630 etiam
1723 1591 1776 1628 Pii
1804 1591 1837 1628 ΙΙ
1858 1590 2059 1640 operibus.

1229 1658 1292 1706 25)
1317 1657 1373 1694 De
1395 1656 1480 1694 vita
1500 1658 1537 1694 et
1556 1651 1736 1692 moribus
1759 1650 1945 1691 Andreae
1982 1650 2152 1690 Brachii

1177 1717 1381 1767 Perusini,
1402 1719 1610 1769 gestisque
1650 1716 1700 1755 ab
1725 1714 1801 1754 An.
1841 1716 1943 1754 1328
1982 1715 2030 1754 ad
2055 1714 2159 1754 1428

1178 1780 1276 1820 libri
1295 1792 1383 1821 seoe.
1407 1780 1467 1818 Ad
1501 1779 1689 1819 Carolum
1714 1778 2043 1817 Fortebrachium
2079 1776 2161 1816 An-

1179 1844 1297 1883 dreae
1321 1843 1448 1881 filium
1471 1853 1560 1893 pag.
1587 1842 1693 1880 2-58
1714 1841 1847 1879 recusi
1871 1840 2016 1878 deinde
2052 1840 2162 1878 Basi-

1179 1907 1263 1945 leae
1289 1906 1392 1945 1545
1412 1933 1419 1953 ,
1442 1904 1465 1942 8
1490 1907 1531 1942 et
1555 1903 1781 1941 novissime
1810 1905 1919 1939 tomo
1943 1902 2038 1940 XXI
2064 1902 2162 1939 scri-

1179 1972 1341 2019 ptorum
1378 1978 1515 2005 rerum
1541 1965 1800 2011 Italicarum,
1824 1962 2031 2002 Mediolan.
2059 1962 2162 2002 ’1732

1181 2031 1245 2069 fol.
1265 2031 1440 2069 Exstant
1476 2029 1597 2067 etiam
1634 2027 1775 2065 Italice
1809 2026 1994 2076 Pompeio
2021 2026 2161 2065 Pellini

1181 2093 1399 2143 interprete
1417 2091 1558 2130 Venet.
1591 2088 1693 2128 1572
1725 2089 1773 2136 4,
1795 2092 1835 2126 et
1863 2099 1956 2126 cum
1979 2088 2159 2138 apologia

1181 2166 1252 2206 pro
1283 2154 1412 2205 patria
1444 2152 1625 2201 Brachii,
1661 2154 1824 2190 auctore
1848 2149 1979 2188 Felice
2014 2149 2163 2197 Ciatti⁷

1181 2219 1320 2257 Perus,
1342 2217 1472 2264 1636,
1499 2215 1534 2253 4.
1559 2215 1641 2253 Hoc
1665 2214 1702 2252 in
1726 2224 1844 2264 opere
1868 2223 2007 2250 rerum
2030 2215 2166 2262 qesta—

1180 2291 1274 2319 rum
1309 2278 1428 2331 sidem
1460 2276 1614 2329 poetica
1651 2275 1882 2314 adulatione
1930 2273 2164 2324 corrupisse

1183 2343 1433 2393 Campanum
1456 2341 1597 2379 Jovius
1622 2340 1780 2390 arguit:
1804 2342 1844 2376 et
1869 2336 2166 2376 Varillasiusli-

1182 2405 1252 2443 bro
1272 2405 1323 2443 IV
1343 2403 1570 2442 anecdotor.
1590 2402 1808 2441 Florentin.
1828 2412 1917 2452 pag.
1941 2399 2015 2438 173
2033 2400 2087 2437 ait
2109 2398 2166 2436 fa-

1185 2468 1258 2506 cile
1300 2467 1560 2517 praecipuum
1595 2465 1668 2502 hoc
1707 2464 1890 2502 futurum
1933 2463 2038 2499 inter
2075 2458 2164 2509 ejus

1187 2531 1354 2580 scripta,
1380 2528 1456 2566 nisi
1480 2531 1641 2566 tantum
1672 2526 1897 2564 fabularum
1923 2523 2162 2561 admiscuis—

1188 2596 1273 2640 set⁷
1298 2595 1343 2630 ut
1367 2590 1431 2628 vel
1452 2588 1742 2627 versatissimis
1764 2589 1803 2624 in
1836 2585 2000 2623 historia
2033 2583 2158 2621 seculi

1186 2654 1270 2693 XV.
1288 2652 1423 2691 Italiae
1439 2650 1719 2689 difficillimum
1741 2649 1792 2685 sit
1817 2657 1934 2685 veras
1958 2643 2047 2695 ejus
2069 2655 2160 2683 nar-

1189 2716 1363 2754 rationes
1384 2725 1406 2752 a
1429 2713 1538 2751 salsis
1562 2712 1824 2761 distinguere.

1241 2777 1431 2827 Sequitur
1467 2773 1559 2812 inde
1592 2772 1770 2823 Epistola
1802 2771 1945 2820 Ferni‚
1984 2780 2085 2819 quae
2117 2769 2156 2806 in

1186 2842 1363 2879 Romana
1395 2836 1567 2876 editione
1606 2846 1685 2873 non
1719 2837 1876 2881 exstat,
1907 2832 1980 2870 hac
2016 2831 2156 2868 inscri-

1190 2903 1351 2954 pnone:

1242 2961 1658 3013 Dictatoriperpetuo:
1675 2955 1919 3011 Imperatori
1933 2958 2065 2993 nostro
2077 2955 2163 2993 Ma-

1186 3026 1324 3073 oeimo,
1360 3023 1572 3074 Pomponio
1594 3023 1696 3061 Leto.
1736 3019 1928 3071 Mayistro
1967 3015 2159 3068 Equitum

1189 3087 1369 3127 Phaedro
1388 3119 1398 3136 Ι,
1425 3089 1666 3136 cunctaeque
1699 3080 1951 3134 Reipublicae
1993 3079 2160 3117 Littera-

1186 3149 1286 3188 riae.
1311 3147 1480 3188 Michael
1505 3147 1658 3186 Fernus
1680 3142 1887 3185 Mediolan.
1913 3140 2005 3180 vilis
2029 3139 2162 3191 pabu-

1186 3211 1314 3259 lutor,
1339 3214 1541 3248 strenuom
1567 3218 1745 3259 puynam
1762 3236 1770 3252 ,
1791 3203 2005 3258 pulchram
2033 3202 2155 3240 ¹victo-

1187 3274 1304 3312 riam.
1332 3273 1483 3311 Desinit
1508 3273 1543 3309 in
1570 3271 1632 3308 his
1659 3269 1806 3308 verbis:
1838 3265 1923 3305 Tibi
1958 3263 2158 3303 Dictatore?

1184 3338 1375 3387 perpetuo
1395 3348 1403 3373 .·
1430 3331 1671 3385 Imperatori
1692 3335 1823 3371 nostro
1847 3339 2003 3380 semper
2026 3326 2162 3376 AusJu-
