2500 4009
399 223 451 261 m
874 208 877 209 ’
1169 224 1639 271 ALEXANDER

399 290 620 333 doctissimo
643 295 754 334 Jure‘s
779 293 957 333 scholare
985 295 1029 333 D.
1056 294 1175 333 Paulo
1199 296 1361 334 Turret-

396 355 477 391 tino
502 357 665 393 Lucensi
691 355 830 405 prodiit
846 355 949 405 apud
969 357 1187 403 Nolanum,
1210 357 1360 395 Lucen-

393 416 449 452 sis
463 418 542 465 agri
559 417 778 455 castellum,
803 418 840 453 in
861 417 1088 456 suburbano
1103 419 1251 457 clariss.
1269 419 1356 458 JCti

394 477 535 514 Nicolai
555 478 738 534 :regi-ima
761 488 822 515 an.
852 479 966 517 4491.

444 538 552 582 Quae
576 539 682 587 typis
706 549 854 578 excusa
878 539 1020 590 prodiit
1040 540 1254 581 Alexandri
1283 543 1355 581 Le-

389 601 504 635 ctio-a
529 597 568 635 in
592 597 788 647 Coclicem,
813 600 909 639 haec
930 612 978 640 ex
996 601 1151 642 duabus
1166 614 1267 654 quas
1287 603 1354 642 de-

389 658 446 696 dit
462 661 498 696 in
522 659 708 698 eumdem
722 661 922 708 Codicem,
938 663 1113 702 secunda
1129 668 1189 702 est
1206 664 1351 703 dictata

387 720 435 757 ab
455 731 500 758 eo
525 721 697 769 Paduae,
718 722 815 762 dum
839 723 1019 774 pubblice
1051 730 1216 775 regeret.
1247 727 1351 764 Prio-

387 792 469 819 rem
492 786 609 820 antea
632 783 872 833 produxerat
894 785 1030 831 legens
1055 787 1256 824 Feri-ariae
1284 797 1346 825 an.

387 842 488 881 ⁴460
512 854 680 894 eamque
703 856 753 883 ex
776 857 842 883 ore
867 845 1053 884 dictantis
1097 851 1304 896 exceptam
1325 858 1347 885 a

381 904 525 942 Jacobo
548 905 596 943 de
617 907 806 944 Ferrariis
827 907 876 945 de
901 908 939 945 S.
965 908 1092 945 Felice
1109 911 1245 945 servat
1266 908 1344 945 MS.

381 965 505 1005 codex
545 967 666 1006 Felini
706 969 743 1005 in
785 968 1024 1006 Bibliotheca
1054 967 1344 1007 Canonicorum

385 1028 542 1066 maioris
571 1029 760 1068 ecclesiae
785 1030 988 1068 Lucensis.
1015 1029 1057 1066 In
1079 1028 1155 1066 tine
1175 1029 1261 1066 eius
1283 1039 1347 1066 co-

381 1088 480 1127 dicis
504 1090 599 1129 haec
623 1091 725 1141 lego:
764 1092 871 1129 Haec
908 1089 988 1142 fuit
1020 1088 1156 1140 prima
1194 1088 1347 1127 lectura

381 1150 618 1190 Alemandri.
644 1151 865 1192 Secundam
891 1149 1080 1202 pluribus
1108 1149 1255 1189 additis
1282 1149 1347 1189 de-

381 1211 588 1263 (inpostea
605 1213 778 1261 Paduae,
796 1224 916 1264 quam
939 1211 1059 1250 habes
1081 1211 1329 1263 impressam.

433 1274 565 1312 Codex
590 1275 815 1313 Felinianus
843 1275 921 1313 MS.
949 1273 1023 1311 444
1045 1274 1159 1312 offert
1187 1274 1232 1312 D.
1256 1272 1345 1312 Ale-

380 1335 539 1373 :ranclri
573 1337 655 1382 (De
682 1335 826 1383 lmola)
867 1334 1193 1373 commentarium
1225 1345 1345 1386 super

380 1398 438 1434 tit.
482 1396 530 1434 ad
569 1397 609 1434 L.
648 1396 790 1434 Falcid.
827 1401 869 1435 et
901 1397 1132 1435 Trebellian.
1169 1396 1344 1436 Adnotat

379 1468 472 1495 vero
493 1468 614 1496 manu
638 1468 711 1496 sua
733 1458 894 1496 Felinus
918 1457 1015 1496 haec
1038 1469 1116 1496 non
1142 1458 1343 1509 negligen-

377 1518 444 1557 da:
462 1520 564 1557 llaec
580 1519 741 1558 fuerunt
750 1518 1030 1569 posterioribus
1044 1521 1160 1558 annis
1178 1520 1341 1558 collecta

376 1581 508 1619 taliter
548 1585 587 1618 et
618 1581 787 1630 qualiter
818 1580 893 1618 sub
926 1581 970 1618 D.
1008 1579 1233 1619 Alexandro
1261 1592 1339 1619 non

377 1642 498 1680 dante
521 1644 559 1679 in
583 1643 752 1692 scriptis,
773 1641 844 1680 sed
863 1642 984 1680 certis
1005 1641 1249 1681 auditoribus
1272 1654 1340 1681 ve-

381 1704 517 1741 lociter
539 1702 869 1752 glomerantibus,
893 1702 1083 1753 quidquid
1100 1703 1148 1741 ab
1163 1703 1248 1742 cius
1271 1714 1337 1743 ore

378 1764 595 1802 formaliter
614 1765 746 1803 exibat
770 1779 788 1801 »

428 1824 740 1864 ALEXANDER
755 1824 970 1864 Insulanus
986 1854 995 1873 ,
1010 1824 1225 1865 Monachus
1239 1825 1335 1864 Cor-

373 1885 569 1936 bejensis,
599 1898 648 1924 ex
687 1888 809 1938 stirpe
847 1887 1045 1926 Comitum
1085 1887 1134 1926 de
1171 1888 1332 1936 Insula,

370 1958 540 1996 quorum
565 1952 741 1986 castrum
763 1948 964 1998 quondam
986 1949 1059 1988 tuit
1078 1949 1255 1987 vicinum
1273 1949 1336 1987 Ci-

370 2010 484 2048 vitati
506 2009 700 2048 llildesiae
717 2023 725 2047 :
743 2014 832 2060 post
852 2010 1013 2049 Annum
1037 2010 1139 2049 4204
1155 2010 1333 2060 scripsit,

369 2071 456 2108 sive
472 2072 722 2112 continuavit
735 2069 911 2109 Isibordi
923 2070 974 2108 ab
989 2070 1334 2110 Amelunaeenbre-

370 2132 538 2170 viarium
556 2144 688 2170 rerum
705 2133 1032 2181 memorabilium,
1048 2134 1134 2171 sive
1151 2133 1334 2183 physica-

372 2204 461 2231 rum
478 2194 669 2231 rariorum
690 2194 1024 2232 Observationum
1040 2194 1179 2244 Capita
1198 2194 1330 2232 LXVI.

370 2255 526 2292 Primus
541 2253 663 2292 edidit,
678 2265 852 2305 suasque
875 2255 1173 2294 observationes
1193 2254 1333 2305 adjun-

369 2316 438 2352 xit.
452 2316 495 2352 D.
512 2315 762 2353 Christianus
778 2317 1014 2355 Franciscus
1024 2316 1173 2355 Paulini
1189 2316 1237 2355 ad
1254 2317 1333 2355 cal-

368 2387 455 2414 cem
472 2376 713 2427 Anniquarti
731 2377 929 2416 secundae
939 2379 1129 2416 Decuriae
1139 2376 1331 2416 Actorum

367 2438 539 2476 Naturae
559 2439 825 2488 curiosorum,
845 2439 1123 2489 Norimbergae
1145 2439 1246 2477 4686
1268 2439 1302 2476 4.

419 2498 732 2539 ALEXANDER
754 2501 917 2548 Latous,
941 2499 1058 2550 cujus
1084 2500 1330 2540 Commenta-

369 2560 455 2600 rius
480 2560 519 2598 in
537 2560 803 2613 Apocalypsin
825 2566 1011 2600 servatus
1035 2563 1071 2600 in
1089 2562 1329 2600 Bibliotheca

366 2624 528 2661 loannis
547 2625 638 2662 Mori
658 2654 666 2671 ,
686 2625 940 2664 Norviccnsis
960 2624 1142 2675 Episcopi
1162 2653 1170 2671 ,
1196 2624 1234 2661 in
1255 2623 1330 2661 Co-

364 2684 450 2722 dice.
475 2685 778 2724 membranaceo
812 2687 850 2723 in
883 2686 996 2735 folio,
1021 2697 1113 2725 cum
1146 2685 1328 2724 leonibus

362 2745 585 2797 descriptus
605 2746 731 2786 Annis
753 2747 899 2786 abhinc
924 2748 1166 2797 quingentis.

416 2808 727 2848 ALEXANDER
750 2808 927 2859 Μαρίας,
947 2813 1209 2860 cognomento
1228 2809 1329 2847 Bas-

367 2880 507 2918 sanus,
524 2871 740 2910 Patavinus
759 2872 885 2911 JCtus
898 2903 905 2921 ,
920 2873 1022 2910 circa
1046 2870 1207 2910 Annum
1225 2871 1326 2910 ⁴400

369 2930 416 2967 de
441 2942 518 2980 quo
542 2931 811 2971 Bernardinus
836 2932 1099 2972 Scardconius
1128 2933 1191 2971 lib.
1218 2934 1249 2971 11
1280 2931 1328 2970 dc

368 2992 484 3029 claris
507 2992 661 3031 civibus
683 2994 882 3031 Patavinis
904 3005 987 3043 pag.
1013 2994 1103 3033 242.

425 3052 735 3092 ALEXANDER
763 3053 809 3092 (le
845 3054 1044 3103 Marchia,
1074 3054 1331 3106 Augustinia-

372 3124 462 3161 nus,
480 3115 751 3154 circaAnnum
773 3115 1001 3165 43360ujus
1015 3117 1109 3155 nihil
1128 3117 1202 3155 nisi
1221 3116 1334 3156 Com-

370 3175 579 3213 mentarios
604 3176 641 3215 iu
659 3176 835 3228 primum
861 3176 1156 3217 Sententiarum
1184 3189 1334 3216 memo-

376 3238 505 3272 ratum
530 3239 664 3286 reperi.

428 3294 458 3334 Α
469 3296 737 3338 LEXANDER
753 3299 986 3350 Necleamus,
1004 3297 1188 3350 Neclcam,
1208 3299 1329 3351 (apud

1434 296 1655 337 Gesnerum
1674 302 1737 347 ,et
1758 299 1795 338 in
1819 299 2026 352 Epitaphio
2045 299 2149 351 apud
2172 301 2388 341 Bostonum

1434 359 1665 398 Buriensem
1681 365 1721 399 et
1737 361 1899 401 Baleum
1921 363 1972 401 111
1997 362 2059 400 86.
2081 361 2278 414 Nequam)
2294 364 2390 402 Har-

1431 419 1678 469 tsordiensis,
1710 423 1747 459 in
1783 423 1977 461 Coenobio
2014 424 2149 462 Sancti
2183 418 2324 463 Albani
2346 425 2387 463 in

1428 480 1568 532 Anglia
1591 484 1792 522 enutritus
1809 511 1819 527 ‚
1843 483 1985 522 deinde
2009 484 2142 523 docuit
2165 485 2323 523 Parisiis
2345 489 2387 524 et

1387 548 1389 550 ’
1428 543 1552 581 redux
1578 546 1616 582 in
1638 545 1802 594 patriam
1827 546 1928 583 inter
1951 546 2170 584 Canonicos
2198 544 2387 596 Augusti-

1426 604 1565 642 nianos
1587 603 1720 643 Abbas
1756 605 2051 643 Excestriensis
2076 604 2262 653 (Lelandi
2281 606 2387 654 stylo

1424 664 1666 714 Corinensis,
1685 666 1772 703 sive
1787 665 2142 711 Cirencestrensis)
2157 663 2351 705 Annolssl
2361 667 2386 705 5

1423 724 1527 762 diem
1547 725 1653 763 obiit.
1684 724 1780 763 Vide
1804 724 1996 763 Bulaeum
2025 728 2133 763 tomo
2161 727 2209 765 11.
2238 727 2384 765 Hister.

1421 784 1541 823 Acad.
1564 786 1683 823 Paris.
1705 795 1792 835 pag.
1813 784 1902 824 725.
1921 785 2087 836 Scripsit
2102 787 2288 827 Carmine
2306 788 2385 827 ele-

1421 846 1529 895 giaco
1546 844 1593 883 de
1609 843 1726 884 laude
1749 845 1975 896 Sapientiae
1986 847 2155 887 Divinae
2167 878 2179 898 ,
2198 848 2304 899 quod
2326 849 2385 887 in-

1420 906 1532 956 cipit:
1557 904 1716 954 Gloria,
1741 906 1959 958 Majestas,
1983 908 2144 958 Deitas,
2165 908 2383 961 Sapientia.

1420 967 1480 1005 Ex
1505 967 1570 1005 illo
1592 967 1725 1006 locum
1746 968 1942 1018 insignem
1964 969 2054 1019 (ubi
2075 970 2124 1010 de
2139 972 2224 1011 vita
2243 971 2384 1012 studii-

1420 1038 1519 1077 sque
1555 1028 1769 1077 Nechami)
1798 1029 1911 1067 affert
1950 1030 2150 1070 Lelandus
2180 1043 2265 1083 cap.
2302 1031 2382 1072 248

1419 1093 1540 1139 atque
1563 1089 1653 1128 alibi
1674 1089 1695 1113 *
1714 1101 1806 1129 eum
1833 1091 1870 1128 in
1894 1090 1969 1130 hoc
1991 1102 2109 1142 opere
2131 1094 2284 1132 tantum
2304 1104 2382 1132 non

1418 1149 1474 1188 ad
1489 1151 1643 1204 justam
1681 1149 1941 1202 eloquentiam
1976 1162 2197 1204 assuryere·
2215 1151 2378 1203 judicat.

1420 1210 1612 1251 Libellum
1637 1210 1685 1251 de
1711 1212 1844 1266 Officio
1862 1212 2170 1269 Menaenorum,
2189 1212 2380 1255 Anselmo

1417 1285 1624 1324 perperam
1645 1274 1857 1324 tributum,
1877 1269 1945 1325 qui
1964 1275 2118 1326 incipit·
2135 1273 2233 1327 quid
2243 1274 2381 1315 deceat

1415 1334 1781 1374 Monachum.Aliud
1792 1336 1959 1376 Carmen
1969 1335 2024 1375 ad
2036 1335 2146 1376 viros
2159 1335 2375 1388 reliqiosos:

1421 1395 1566 1435 Taedia
1588 1396 1700 1435 nulla
1734 1396 1848 1436 chori
1879 1396 1951 1437 tibi
1970 1401 2052 1438 sint
2070 1402 2145 1438 etc.
2182 1398 2350 1439 Fabulas
2365 1428 2375 1448 ,

1417 1459 1502 1497 sive
1517 1470 1662 1498 novum
1675 1458 1889 1510 AEsopum,
1905 1458 2023 1510 cujus
2043 1461 2199 1499 initium
2215 1473 2223 1498 :
2243 1459 2377 1512 Inqlu-

1414 1518 1475 1558 vie
1500 1522 1654 1570 coqente
1678 1518 1795 1570 lupus
1817 1519 1913 1559 dum
1940 1519 2110 1560 devorat
2131 1532 2290 1573 aqnum.
2316 1522 2376 1561 Si-

1414 1580 1560 1618 militer
1582 1591 1726 1620 novum
1743 1579 1961 1630 Avianum',
1978 1583 2046 1632 qui
2065 1586 2106 1622 et
2123 1583 2205 1634 ipse
2222 1583 2375 1622 fabulas

1413 1642 1595 1692 scripsit,
1621 1643 1673 1681 ita
1696 1643 1802 1681 enim
1837 1642 2050 1693 legendum
2078 1643 2241 1693 conjicio
2267 1643 2373 1695 apud

1411 1703 1592 1751 Baleum,
1606 1714 1682 1740 non
1699 1701 1912 1741 Amanum.
1929 1704 2087 1754 Incipit:
2102 1703 2262 1744 Vincere
2274 1715 2374 1756 quos

1411 1762 1509 1802 lenis
1527 1762 1663 1814 nequit
1683 1768 1757 1802 cte.
1781 1763 2142 1805 Commendationes
2165 1765 2373 1804 Vinilihris

1409 1825 1537 1864 tribus
1556 1855 1565 1875 ,
1586 1825 1659 1864 hoc
1683 1825 1818 1863 initio:
1841 1824 1937 1864 dum
1960 1836 2104 1878 corpus
2123 1835 2247 1865 curas
2261 1856 2273 1875 ,
2288 1828 2372 1865 stu-

1408 1885 1504 1925 deas
1519 1890 1594 1925 etc.
1612 1885 1806 1927 Carmina
1821 1885 1994 1936 diversa,
2008 1898 2178 1938 quorum
2195 1887 2368 1925 initium:

1412 1946 1566 1987 Cortice
1580 1947 1728 1986 nudato
1756 1946 1991 1987 Tisarantus
2007 1952 2083 1986 etc.
2099 1946 2372 1987 Promethicon

1408 2009 1583 2048 carmine
1604 2013 1645 2048 et
1660 2019 1798 2059 prosa,
1815 2010 1966 2059 incipit:
1981 2009 2122 2060 Sponte
2139 2018 2217 2047 sua
2227 2006 2369 2058 yenius

1408 2081 1469 2109 me
1498 2073 1693 2122 provocat
1712 2074 1787 2109 etc.
1812 2070 1869 2108 De
1891 2068 2143 2109 conversione
2168 2067 2370 2120 Maydale-

1406 2143 1506 2170 nae:
1529 2130 1593 2170 Ad
1617 2141 1794 2170 mensam
1815 2129 1974 2169 Domini
1990 2129 2150 2169 veniens
2174 2129 2270 2169 haec
2286 2133 2361 2168 etc.

1407 2193 1451 2231 In
1471 2193 1557 2231 aliis
1577 2203 1734 2243 quoque
1754 2191 2093 2231 lucubrationibus
2116 2193 2201 2231 suis
2220 2201 2366 2230 versus

1407 2255 1666 2304 interposuit,
1687 2257 1734 2292 ut
1757 2254 1795 2291 in
1818 2256 1964 2305 septem
1988 2250 2103 2292 libris
2125 2251 2173 2291 de
2195 2250 2364 2291 Naturis

1406 2325 1544 2353 rerum
1557 2325 1673 2365 prosa
1690 2315 1867 2365 scriptiS,
1884 2314 2000 2365 quale
2016 2318 2080 2353 est
2098 2311 2367 2352 Tetrastichon

1405 2375 1452 2414 (le
1481 2379 1627 2427 septem
1665 2374 1886 2426 lapidibus,
1911 2374 2017 2425 quod
2051 2376 2250 2425 Leyserus
2276 2384 2364 2424 pag.

1405 2438 1481 2475 993
1507 2437 1555 2476 de
1575 2438 1704 2476 Poetis
1725 2437 1842 2475 medii
1861 2438 1950 2476 aevi
1971 2439 2177 2484 memorat,
2200 2435 2365 2474 Caetera

1404 2497 1492 2548 ejus
1516 2499 1662 2550 scripta
1686 2509 1868 2537 sermone
1891 2497 2065 2547 prosario
2094 2499 2191 2535 sunt
2215 2493 2364 2546 Mytho-

1403 2558 1525 2610 loqia,
1555 2560 1640 2599 sive
1679 2557 1968 2599 Scintillarium
2004 2558 2190 2596 Poeseos.
2220 2555 2288 2594 ubi
2315 2553 2364 2594 dc

1404 2622 1504 2669 Diis,
1530 2621 1742 2670 lloroibus,
1764 2624 1805 2658 et
1827 2620 1875 2659 de
1900 2619 2042 2659 fabulis
2065 2620 2286 2657 Poetarum.
2314 2617 2361 2654 In

1402 2681 1736 2732 Metamorphosin
1766 2680 1918 2727 Ovidii,
1950 2679 1990 2718 in
2018 2677 2220 2719 Marciani
2243 2677 2365 2717 Minci

1403 2743 1544 2783 Felicis
1575 2743 1756 2796 Capellae
1785 2744 1904 2782 libros
1922 2742 1970 2781 de
1997 2742 2154 2792 Nuptiis
2180 2740 2357 2779 Mercurii

1401 2810 1441 2844 et
1464 2806 1714 2856 Philologiae.
1741 2802 2044 2855 Corroqationes
2074 2798 2297 2840 Promethei
2313 2799 2357 2838 li-

1401 2868 1482 2906 bris
1508 2868 1556 2906 lV
1581 2867 1653 2906 hoc
1678 2867 1802 2905 initio:
1836 2864 1993 2917 ferrum
2029 2863 2102 2914 cito
2135 2858 2358 2911 rubiqinem

1402 2928 1510 2967 (lucit
1530 2933 1604 2968 etc.
1630 2927 1877 2978 Isaqoyicum
1895 2926 1944 2965 de
1963 2924 2225 2964 Grammatica
2242 2950 2250 2969 ,
2271 2921 2357 2959 sive

1404 2991 1566 3041 Isaqoye
1587 2988 1641 3027 ad
1658 2992 1778 3027 artes.
1803 2989 1858 3026 De
1877 2984 2020 3037 fiquris
2040 2987 2076 3022 et
2098 2981 2233 3032 tropis.
2260 2979 2355 3018 Elu-

1404 3050 1601 3089 ciclarium
1621 3047 1904 3096 Bibliothecae,
1928 3045 2080 3095 incipit:
2105 3043 2160 3081 De
2183 3039 2350 3092 sinyulis

1406 3111 1663 3151 Bibliothecae
1682 3107 1795 3147 libris
1818 3112 1892 3146 etc.
1917 3107 2060 3146 Exstat
2080 3105 2119 3142 in
2143 3103 2262 3142 variis
2289 3102 2352 3140 Bi-

1459 3265 1468 3274 ·
1496 3259 1702 3292 Collectanea
1735 3255 1867 3288 Lelandi
1892 3254 1932 3286 de
1965 3253 2064 3285 rebus
2099 3249 2302 3284 Britannicis
2333 3256 2352 3281 a

1401 3309 1525 3344 'thoma
1547 3312 1675 3341 Hearne
1691 3305 1779 3340 edita
1803 3308 1892 3337 tomo
1914 3303 1958 3334 111
1981 3308 2056 3343 pag,
2084 3299 2156 3333 148.
