2500 3841
873 211 1356 251 ‚xciJoNENs'ls
2093 219 2116 255 5

116 288 165 326 23
194 283 306 323 Junic‘
328 282 442 322 4469.
482 282 691 321 Excusum
717 286 779 320 est
810 293 910 333 opus
934 284 1081 323 Pisciae

116 358 178 386 an.
203 345 306 385 4486
329 343 391 382 die
408 343 451 382 ⁶24
487 343 683 382 Octobris.
709 342 892 382 Alterum
916 349 978 383 est
1001 348 1082 384 eiu-

117 407 230 446 sdem
247 405 513 446 Bibliothecae
527 405 716 443 volumen
735 406 933 452 signatum
951 418 988 445 n.
1006 408 1080 446 ⁴82

117 469 340 507 continens.
363 465 539 507 Consilia
558 466 770 505 Franciscz'
779 465 938 505 Aretim'
949 468 995 507 cle
1010 468 1038 507 Α
1046 479 1084 507 c-

117 528 227 568 coitis
251 540 341 567 cum
376 528 598 578 repertorio
629 539 766 566 eorum
804 540 905 579 quae
936 529 975 567 in
998 529 1083 569 istis

118 589 292 630 consiliis
303 589 562 641 praescripta
577 592 671 628 sunt
681 589 785 628 edita
797 602 873 641 per
888 591 1083 631 Simonem

119 651 167 691 de
192 650 423 691 Octavianis
447 650 494 690 de
515 650 653 690 Aretio
682 654 720 691 V.
743 653 778 690 J.
802 654 848 690 D.
872 654 945 692 Jus
968 665 1085 692 cano-

96 713 253 752 ‘m'cum
290 712 495 751 ordinarie
526 712 730 764 legentem,
756 726 803 753 ac
840 715 1014 754 eiusdem
1036 717 1082 754 D.

118 775 153 813 F
153 774 332 814 rancisci
342 774 496 814 sororis
507 774 757 826 filium.e(l1‘tc1
775 775 878 816 Pisis
893 788 957 814 sin.
978 778 994 816 4
1003 779 1082 818 482

118 836 181 876 die
202 847 297 877 vero
319 838 374 879 25
397 836 548 876 mensis
569 837 718 877 Martii.
742 839 883 877 Valent
908 839 1004 878 haee
1033 840 1082 878 ad

117 899 400 950 perficiendam
438 899 705 949 genealogiam
747 901 917 938 familiae
945 900 1084 939 Accol—

119 965 251 1000 torum
281 961 331 1000 ab
365 960 504 1000 eodem
533 961 592 999 Cl.
629 960 896 1000 Mazzuchello
936 960 1080 999 ibidem

118 1033 206 1073 pag.
232 1023 281 1061 60
312 1022 548 1073 deductam,
574 1024 612 1060 in
642 1035 721 1073 qua
750 1022 847 1060 haec
881 1022 1080 1060 Francisci

65 1098 68 1099 ⁷
120 1093 230 1122 soror
258 1084 422 1122 minime
451 1085 642 1134 signatur.
685 1084 730 1122 In
759 1082 897 1121 eodem
933 1084 1080 1133 pariter

118 1145 322 1184 volumine
330 1156 422 1184 cum
434 1147 624 1196 superiori
639 1155 756 1196 opere
771 1147 975 1193 compacta
983 1149 1079 1183 sunt

118 1206 299 1249 eiusdem
322 1206 535 1245 Francisci
563 1204 855 1256 eleyantissima
872 1205 909 1243 in
931 1204 1016 1244 Lib.
1037 1208 1076 1248 Ξ.

118 1266 388 1306 Decretalium
421 1267 575 1319 scripta
611 1278 760 1306 excusa
788 1269 984 1307 Bononiae
1014 1281 1075 1308 an.

121 1330 217 1370 ⁴484
262 1330 324 1369 die
354 1330 404 1369 20
440 1329 681 1368 Decembris.
711 1329 838 1366 Vertit
873 1331 992 1368 etiam
1028 1343 1078 1369 ex

120 1391 270 1431 Graeco
284 1391 562 1442 Chrysostomi
576 1390 757 1429 homilias
773 1392 972 1431 LXXXVI
978 1394 1022 1431 ΙΙ.
1040 1395 1078 1431 in

119 1453 282 1492 Joannis
295 1452 559 1502 Evangelium
579 1450 706 1490 editas
721 1453 867 1492 Romae
883 1464 945 1491 an.
964 1455 1077 1493 4470.

120 1514 224 1554 Sunt
251 1516 320 1565 qui
347 1515 388 1552 in
423 1525 470 1552 ea
497 1515 673 1552 Romana
709 1514 880 1554 editione
908 1527 1079 1555 excusas

117 1576 301 1616 homilias
314 1587 394 1615 non
415 1575 578 1627 quidem
593 1586 752 1625 omnes,
768 1575 839 1615 sed
855 1588 905 1614 ex
921 1578 968 1616 iis
984 1589 1081 1616 non—

117 1638 250 1678 nullas
269 1637 547 1678 tantummodo
569 1636 780 1676 Aretinum
804 1639 945 1678 tulisse
962 1641 1083 1680 inter-

117 1704 272 1751 pretem
295 1701 442 1750 ferant,
457 1711 551 1739 cum
571 1699 668 1738 aliae
684 1699 732 1738 ad
749 1700 872 1738 alium
886 1703 1082 1752 antiquio-

115 1772 201 1800 rem
236 1763 487 1813 pertineant.;
525 1761 596 1800 sed
634 1761 719 1800 falsi
757 1761 843 1800 illos
880 1763 1077 1814 redarguit

114 1822 277 1862 editoris
307 1824 503 1862 monitum
520 1854 529 1872 ‚
549 1822 668 1874 *quod
691 1823 730 1860 in
768 1824 886 1873 priori
928 1826 1079 1875 pagella

115 1884 276 1935 legitur:
301 1884 518 1928 Francisco
545 1883 636 1922 huic
660 1886 812 1931 nostro,
835 1884 948 1923 cuius
969 1889 1079 1924 tran-

115 1943 322 1985 slationem
355 1945 425 1984 hoc
453 1956 648 1996 praesens
686 1944 856 1983 continet
883 1946 1075 1986 volumen.

114 2006 276 2047 Praeter
303 2007 376 2046 hos
406 2008 714 2046 commentarios
744 2009 783 2044 in
812 2008 1005 2047 Joannem
1036 2011 1075 2048 in

112 2068 207 2108 Cod.
232 2069 295 2108 59.
318 2069 397 2108 MS.
426 2068 691 2107 Bibliothecae
723 2069 750 2106 F
755 2069 847 2107 elini
877 2081 948 2108 sex
977 2071 1074 2110 aliae

110 2130 300 2182 leguntur
327 2130 513 2184 homiliae
538 2131 577 2169 S.
609 2131 774 2168 Joannis
797 2131 1075 2181 Clirysostomi

110 2203 160 2231 ex
188 2190 342 2232 Aretini
371 2191 493 2231 huius
523 2193 874 2243 interpretatione,
904 2205 1073 2244 quarum

38 2272 45 2276 ·
109 2254 322 2294 nonnullas
344 2253 410 2293 ille
433 2253 581 2292 direxit
614 2252 908 2293 Archidiacono
939 2255 1077 2294 Valen-
1100 2302 1103 2306 Ι

108 2314 187 2353 tino
205 2316 276 2356 SS.
297 2314 457 2354 Domini
473 2314 604 2354 nostri
619 2308 809 2363 Datar‘io,
834 2317 1076 2367 praefatiun-

105 2377 197 2417 cula
214 2377 264 2417 de
287 2388 361 2418 suo
375 2377 540 2417 adiecta.
555 2381 765 2417 contextae
781 2383 875 2417 sunt
892 2379 1074 2418 homiliae

105 2438 206 2478 istae
228 2449 279 2478 ex
301 2440 502 2491 excerptis
527 2438 921 2490 S.J0.Crhysost0mi
936 2446 975 2479 et
993 2442 1073 2481 fere

106 2499 352 2552 respondent
374 2501 522 2550 eclogis
545 2501 584 2539 S.
609 2501 773 2539 Joannis
796 2501 1072 2552 Chrysostomi

103 2560 143 2598 in
158 2564 254 2600 tom.
274 2561 363 2601 XII.
379 2560 565 2600 editionis
578 2562 858 2601 Montfauconii
874 2564 1069 2614 legendi53

105 2632 352 2673 quamquam
380 2626 422 2660 et
451 2621 671 2668 interdum,
701 2623 772 2661 sed
801 2635 905 2669 raro,
926 2626 975 2663 ab
994 2626 1071 2664 illis

105 2682 346 2734 discrepant.
370 2683 452 2722 Has
479 2686 576 2732 puto
605 2694 627 2721 a
653 2684 768 2722 Facio
790 2684 839 2723 de
863 2688 960 2724 viris
983 2687 1071 2725 illu-

100 2744 252 2783 stribus
275 2755 363 2795 pag.
390 2745 439 2783 ⁴5
463 2744 682 2794 designari,
707 2755 798 2783 cum
829 2747 878 2785 ab
901 2748 1066 2786 authore

100 2810 236 2845 nostro
259 2815 378 2844 versa
407 2805 545 2844 scribit
568 2817 619 2844 ex
649 2807 830 2855 origenis
860 2807 1063 2857 philocalia

99 2867 316 2918 quaedam3
337 2871 494 2906 constat
517 2868 624 2905 enim
642 2868 836 2917 scriptum
853 2868 947 2907 illud
963 2871 1065 2908 eclo-

99 2939 169 2979 gas
193 2939 243 2967 ex
267 2929 407 2968 multis
430 2928 614 2966 Patribus
636 2930 851 2967 continere.

151 2991 393 3030 Persuasum
423 2989 501 3028 huc
532 3001 660 3040 usque
691 2990 874 3029 omnibus
897 2996 936 3029 et
966 2994 1059 3031 milii

97 3052 219 3090 etiam
244 3052 318 3091 fuit
340 3053 568 3091 versionem
583 3052 853 3102 Epistolarum
878 3054 1059 3102 Diogenis

96 3123 148 3151 ex
175 3112 326 3152 Graeco
354 3114 563 3153 Francisco
593 3114 685 3153 huic
719 3114 880 3153 Aretino
910 3115 1053 3155 deberi.

94 3173 209 3214 Nunc
231 3185 329 3212 vero
351 3185 501 3215 novum
526 3175 621 3214 mihi
637 3176 777 3214 accidit
796 3176 978 3214 didicisse
1003 3189 1051 3216 ex

97 3234 243 3274 inedita
265 3235 428 3276 historia
445 3239 492 3276 M.
508 3235 633 3276 Attilii
648 3236 777 3276 Alessi
793 3238 841 3276 de
857 3239 1049 3289 Antiquii.

96 3294 286 3346 Aretinis.
302 3299 417 3337 cuius
433 3299 697 3344 fragmentum
714 3300 887 3349 vulgavit
907 3301 952 3339 cl.
983 3303 1050 3339 iu-

1156 285 1261 322 mius
1285 285 1321 322 in
1352 285 1528 334 catalogo
1551 286 1658 323 MSS.
1692 285 1976 323 [nimai-dianus.
2009 288 2045 324 in
2070 299 2114 323 oo

1154 347 1301 384 etenim
1319 346 1414 385 haec
1432 347 1532 395 lego:
1551 346 1774 385 Francesco
1791 345 1982 385 Grisolim'
1996 348 2115 395 (Are-

1157 406 1254 456 te'no)
1289 407 1329 446 in
1363 408 1487 445 Grec-0
1516 411 1553 445 et
1571 407 1708 446 Latino
1738 406 1961 446 doctissimo
1991 408 2115 460 infeli-

1156 467 1312 506 cissimo
1323 468 1495 519 qz'ovine.
1515 467 1544 505 il
1558 467 1673 519 quade
1688 467 1790 506 nella
1804 468 1899 507 cittci
1913 468 1957 506 di
1973 469 2117 521 Napolz'

1156 530 1350 568 cascando
1378 531 1481 568 mori
1509 529 1551 567 (li
1571 528 1697 567 subito
1727 530 1887 569 essendo
1913 531 1983 582 yid
2011 535 2112 570 stato

1157 591 1372 629 esaminato
1395 603 1414 629 e
1431 591 1469 629 ιἰι
1492 589 1649 641 disputa
1670 590 1829 641 publica
1848 596 2034 643 proruto,
2055 593 2114 631 ol-

1157 650 1243 690 lora
1267 651 1424 703 quando
1447 651 1632 690 traclusse
1662 651 1683 688 l’
1699 653 1854 703 epistole
1877 653 1920 692 di
1944 653 2112 705 Dioyene

1156 712 1196 750 in
1218 713 1355 752 Latino
1374 724 1397 750 α
1416 714 1528 763 Papa
1551 713 1620 751 Pio
1634 713 1685 750 II.
1704 715 1893 765 Pontefice
1907 715 2109 755 Massimo.

1156 774 1253 819 Quis
1273 786 1350 812 non
1375 774 1507 812 videat
1531 774 1725 824 designari
1743 775 1850 813 hisce
1871 777 2003 815 verbis
2023 788 2114 815 ver-

1156 837 1308 873 sionem
1338 836 1444 874 illam
1474 836 1681 874 Francisco
1711 835 1869 874 Accolto
1897 838 2110 884 tributam,

1156 908 1338 946 quaeque
1363 898 1427 935 Pio
1444 898 1488 935 ΙΙ.
1515 896 1692 935 Pontifici
1717 899 1905 948 inscripta
1923 898 2011 936 est?
2029 901 2111 938 ilo-

1155 957 1265 996 rebat
1288 958 1451 996 Attilius
1474 959 1549 995 iste
1573 958 1706 996 seculo
1729 959 1831 996 XVI.

1205 1018 1380 1058 Jacobus
1415 1019 1746 1059 ACCONENSIS.
1783 1020 1875 1058 vide
1897 1021 2012 1061 infra.
2037 1021 2111 1060 ΙΛ-

1153 1081 1329 1121 COBL'S.

1204 1144 1239 1181 F
1240 1143 1448 1183 rane-iscus
1470 1143 1755 1183 ACCURSIL'S
1770 1144 2039 1193 Florentinus7
2055 1146 2112 1183 di-

1153 1206 1330 1257 scipulus
1359 1207 1523 1245 Azouis.
1549 1206 1685 1254 JCtus.
1699 1205 1947 1256 coryphaeus
1964 1207 2111 1256 glossa-

1153 1271 1283 1305 torum
1307 1269 1416 1306 Juris
1438 1268 1578 1306 Civilis
1602 1268 1778 1307 universi
1803 1267 2108 1317 celeberrimus⁷

1153 1328 1257 1366 diem
1278 1329 1370 1367 obiit
1394 1330 1589 1368 Bononiae
1603 1329 1648 1368 A.
1670 1330 1713 1367 C.
1740 1329 1870 1368 ⁴259*
1885 1332 2027 1369 aetatis
2047 1331 2107 1368 78.

1152 1391 1208 1428 De
1232 1402 1277 1429 eo
1299 1392 1483 1430 ¹Nicolaus
1505 1393 1770 1440 Hieronymus
1793 1390 2055 1441 Cundlingius
2072 1404 2108 1429 in

1154 1451 1316 1491 historia
1338 1452 1550 1503 posthuma
1573 1452 1815 1496 eruditionis.
1831 1451 1936 1490 edita
1958 1464 2111 1502 germa-

1153 1516 1240 1553 nice
1264 1516 1371 1553 Tom.
1397 1515 1420 1553 2
1440 1526 1530 1567 pag.
1548 1514 1650 1553 4786
1675 1525 1756 1563 seq.
1781 1518 1820 1551 et
1843 1514 1972 1552 Julius
1994 1515 2110 1563 Niger

1154 1578 1193 1614 in
1216 1578 1385 1615 Historia
1409 1578 1593 1627 Scriptor.
1619 1576 1863 1614 Florentinor
1879 1577 1947 1615 481
1971 1578 2038 1626 qui
2054 1575 2110 1613 di-

1154 1650 1319 1677 versum
1342 1640 1391 1678 ab
1414 1639 1487 1677 hoc
1509 1637 1749 1677 Accursium
1771 1637 1918 1676 Azonis
1941 1638 2110 1688 discipu-

1154 1701 1237 1739 lum
1261 1701 1373 1751 fingit
1390 1703 1462 1750 (ex.
1480 1703 1600 1740 Tomo
1615 1700 1746 1739 ll.i92
1755 1700 1864 1739 Edit.
1886 1701 2103 1746 Patavinae

1205 1762 1449 1802 France'scus
1481 1761 1779 1801 ACCURSIUS.
1809 1762 2031 1808 Francisci‚
2061 1760 2107 1797 de

1153 1833 1231 1871 quo
1250 1822 1333 1872 jam
1356 1824 1455 1872 dixi,
1480 1824 1603 1874 filius,
1627 1824 1752 1863 JCtus
1776 1828 1813 1862 et
1839 1824 1922 1874 ipse
1945 1826 1983 1861 et
2008 1822 2109 1872 glos-

1153 1885 1331 1924 sularum
1356 1886 1392 1923 in
1424 1887 1548 1936 Leges
1576 1886 1713 1924 civiles
1736 1889 1889 1926 auctor.
1915 1895 2035 1934 quem
2058 1883 2106 1921 ad

1150 1945 1195 1984 A.
1233 1946 1277 1985 C.
1310 1947 1410 1986 4300
1440 1949 1672 1998 pervenisse
1703 1946 1833 1984 scribit
1866 1945 2106 1983 Trithemius

1150 2006 1198 2045 de
1228 2008 1492 2058 scriptoribus
1520 2008 1673 2048 Eccles.
1703 2019 1786 2058 cap.
1812 2007 1900 2045 529.
1930 2005 2027 2044 Vide
2056 2005 2104 2042 de

1149 2079 1194 2107 eo
1210 2069 1425 2108 Seldenum
1441 2069 1597 2108 dissert.
1614 2069 1663 2108 ad
1677 2070 1828 2108 Fletam
1843 2079 1926 2118 cap.
1943 2068 1978 2105 8.
1995 2068 2102 2106 Tom.

1151 2130 1186 2168 Ξ).
1211 2132 1387 2182 Operum
1416 2142 1501 2182 pag.
1534 2130 1636 2170 4097
1666 2142 1748 2181 seq.
1773 2129 1834 2169 Ab
1861 2128 2046 2168 Eduardo
2077 2129 2102 2165 l.

1150 2192 1404 2231 sollicitatum
1421 2195 1460 2230 in
1474 2192 1658 2243 Angliam
1678 2197 1723 2231 ut
1742 2193 1895 2230 veniret
1911 2190 1984 2228 An.
2004 2189 2104 2229 4275

1150 2256 1303 2293 notavit
1327 2254 1524 2294 Seldenus
1547 2254 1596 2293 ad
1624 2255 1776 2292 Fletam
1800 2265 1884 2304 pag.
1917 2253 2004 2291 526.
2027 2251 2104 2290 Sed

1148 2317 1345 2355 Bononiae
1369 2316 1511 2355 obiisse
1534 2320 1693 2355 constat
1714 2315 1852 2354 eodem
1876 2326 1967 2353 cum
1995 2318 2105 2364 patre

1148 2378 1302 2417 tumulo
1337 2377 1552 2417 conditum.
1588 2376 1704 2416 Dedit
1731 2378 1851 2416 etiam
1888 2376 2102 2414 orationem

1147 2451 1217 2490 pro
1239 2439 1379 2490 Anglis
1406 2451 1538 2478 coram
1567 2449 1725 2478 summo
1739 2437 1925 2477 Pontifice
1945 2437 2102 2483 dietam,

1147 2503 1395 2552 quam‚olim
1429 2513 1500 2552 ego
1534 2500 1630 2540 dum
1665 2501 1839 2539 Viennae
1874 2508 2031 2549 agerem
2062 2497 2099 2534 in

1147 2563 1291 2602 Codice
1321 2563 1493 2614 quodam
1508 2559 2019 2602 Bibli‹›th.Yindobonensis
2048 2557 2105 2594 os-

1146 2625 1264 2663 fendi.
1281 2625 1383 2663 Nihil
1408 2629 1541 2663 tamen
1563 2635 1613 2662 ex
1636 2634 1683 2662 ea
1698 2622 1793 2660 mihi
1815 2619 2017 2668 descripsi,
2033 2628 2101 2655 cu-

1145 2688 1206 2724 ius
1243 2686 1504 2735 negligentiae
1530 2696 1644 2736 ‚nunc
1688 2694 1751 2722 me
1796 2682 1980 2731 poenitet.
2022 2679 2095 2717 Ex.

1142 2749 1251 2785 Tom.
1274 2748 1336 2785 Vl.
1362 2747 1449 2784 344.

1195 2810 1400 2849 Cei-vectus
1424 2807 1726 2849 ACCURSIL'S.
1750 2804 1947 2842 Francisci
1967 2802 2096 2852 junio-

1139 2873 1192 2910 ris
1217 2872 1359 2918 frater‚
1384 2870 1559 2919 praecoci
1591 2868 1744 2917 ingenio
1773 2867 1898 2905 JCtus
1921 2870 1958 2903 et
1986 2866 2092 2914 ipse,

1138 2939 1177 2971 et
1206 2937 1342 2971 auctor
1371 2931 1653 2978 glossularum,
1677 2941 1778 2979 quac
1807 2929 1855 2967 ab
1885 2930 1967 2978 ipso
1999 2927 2094 2965 Cer-

1135 2995 1302 3034 vetce'mie
1326 2993 1583 3043 appellantur.

1188 3056 1420 3095 ACEiiBi‘s
1441 3055 1601 3093 Morena
1619 3053 1715 3091 vido
1740 3050 2089 3090 insi·a.)iOii13N.l.

1186 3117 1456 3157 ACllAnni's
1490 3116 1703 3154 Monachus
1740 3115 2015 3153 cislerciensis
2052 3114 2089 3150 in

1184 3215 1195 3228 ⁸
1219 3214 1302 3244 Male
1325 3222 1484 3245 excusum
1519 3213 1609 3243 1220.
1635 3214 1668 3243 in
1693 3211 1864 3242 Tuis-sandi
1888 3212 1969 3241 Viris
1997 3211 2093 3241 JCto—

1117 3272 1191 3295 rum
1216 3262 1338 3293 Gallice
1361 3264 1458 3294 editis
1477 3267 1505 3294 ci
1528 3265 1561 3294 in
1588 3260 1864 3301 lipliemeridibus
1887 3261 2093 3292 eruditorum

1119 3314 1363 3344 parisiensibus
1391 3317 1426 3344 Α.
1456 3312 1546 3344 17“2·3,
1573 3315 1643 3342 Jan.
1669 3320 1743 3350 pag.
1767 3311 1818 3341 91.
1844 3312 1922 3342 edit.
1947 3311 2080 3341 Aminei.
