2500 3841
927 207 1264 248 EVODIUS

104 283 299 334 posuisse.
335 278 499 318 Librum
529 274 575 314 (le
604 273 700 313 Fide
729 286 801 314 seu
829 276 875 316 cle
912 278 1063 319 imitate

103 347 173 386 SS.
222 339 452 387 Trinitatis,
496 338 635 375 contra
672 337 951 390 Manz'cliaeos‚
996 344 1064 392 qui

102 409 208 446 inter
237 402 452 456 Augustini
478 401 625 450 scripta
646 401 806 451 saepius
830 407 892 440 est
918 403 1064 443 editus.

101 469 252 510 Evodio
283 465 491 506 vindicant
521 460 689 501 Codices
712 464 825 513 MSti⁷
852 469 958 504 teste
982 467 1064 505 Sir-

102 530 247 571 mondo
289 530 328 568 in
372 526 540 566 historia
572 524 942 566 Praedostinatiana
971 539 1058 579 cap.

105 596 141 634 4.
177 595 211 644 a)
255 594 300 632 In
342 588 694 630 Benedictinorum
726 588 900 628 editione
930 595 1066 629 exstat

104 660 144 697 in
173 653 392 708 appendice
431 651 526 690 tomi
551 650 683 688 octavi
707 662 794 702 pag.
821 652 884 690 26.
909 651 1065 704 Episto-

103 720 143 760 la
168 718 223 758 ad
250 714 523 757 Innocentium
554 713 586 750 Ι.
618 714 789 763 Papam,
818 719 858 752 et
888 717 1064 766 quatuor

103 781 155 823 ad
171 778 442 832 Auyustinum
466 779 573 815 iuter
592 775 909 827 Augustinianas
926 777 1066 827 legun-

101 851 168 883 tur
195 856 235 882 n.
267 841 331 881 95.
360 844 402 879 et
425 852 463 878 n.
489 839 554 877 98.
580 839 670 877 246.
696 836 788 877 247.
810 843 850 877 et
879 839 970 878 258.
997 839 1062 888 (in

100 905 454 946 Benedictinorum
484 901 657 940 editione
704 900 791 939 477.
841 901 927 940 463.
973 901 1063 940 460.

105 968 194 1009 461.
225 971 266 1007 et
299 966 412 1014 443.)
442 968 482 1002 et
512 964 736 1014 fragmenta
779 963 981 1013 Epistolae
1010 961 1066 1001 ad

104 1029 318 1071 Monaehos
347 1025 630 1066 Adrumetinos
659 1025 764 1064 edita
794 1036 816 1063 a
853 1024 1062 1064 Sirmondo

105 1104 190 1143 cap.
226 1091 260 1129 4.
293 1090 482 1128 historiae
525 1086 942 1135 Praedestinatianae,
971 1090 1012 1125 et
1041 1097 1063 1124 a

104 1152 382 1194 Benedictinis
411 1150 461 1190 ad
488 1150 616 1200 Epist.
646 1150 737 1188 246.
769 1150 832 1198 (in
863 1150 950 1188 aliis
979 1148 1063 1187 edi-

105 1216 279 1255 tionibus
303 1214 421 1262 256.)
445 1212 658 1262 Augustini
684 1211 734 1250 ad
757 1211 956 1251 Evodium
981 1215 1062 1249 tra—

105 1282 240 1319 ctatus
268 1277 317 1316 de
341 1277 472 1315 anima
493 1275 646 1314 CHristi
668 1273 773 1324 apud
799 1274 971 1322 inferos,
1001 1277 1061 1311 at-

106 1353 183 1393 que
210 1339 412 1392 Epistolae
442 1341 605 1376 exstant
627 1341 824 1387 quatuor,
851 1337 940 1376 459.
970 1336 1056 1374 462.

108 1405 198 1444 464.
239 1407 279 1442 et
326 1402 414 1441 469.
458 1399 645 1439 editionis
694 1398 1056 1438 Benedictinorum.

107 1466 282 1516 (veteris
316 1464 404 1504 400.
435 1463 524 1502 404.
546 1463 609 1500 99.
635 1462 749 1509 402.)
779 1463 835 1500 De
859 1461 933 1500 hoc
955 1462 1060 1500 Evo-

105 1528 168 1567 dio
195 1539 289 1580 prae
317 1527 486 1566 caeteris
529 1523 739 1563 adeundus
782 1524 1060 1563 Tillemontius

105 1594 200 1628 tom.
229 1589 305 1629 XII
327 1587 613 1627 memoriarum
637 1598 675 1637 p.
706 1586 797 1625 584.
821 1597 905 1636 seq.

156 1651 380 1692 EVODIUS
394 1651 621 1701 Episcopus
640 1649 943 1696 Caesareensis,
965 1649 1061 1686 scri-

104 1719 194 1766 ptor
219 1714 396 1752 Graecus
424 1709 617 1763 Martyrii
643 1709 916 1762 quadrayinta
952 1711 1061 1749 Mar-

106 1780 240 1829 tyrum
269 1773 579 1815 Sebastenorum
599 1772 674 1811 sub
697 1773 859 1810 Licinio.
886 1771 1060 1822 Antiqua

104 1839 236 1878 versio
264 1839 403 1878 Latina
432 1835 676 1874 JOIIANNIS
716 1835 878 1873 Diaconi
914 1835 1062 1885 Neapo-

107 1902 220 1940 litani
249 1903 384 1939 exstat
411 1900 449 1936 in
490 1897 601 1936 Actis
645 1897 882 1935 Sanctorum
913 1901 1008 1936 tom.
1038 1898 1062 1936 2

108 1964 236 2004 Martii
266 1963 316 2001 X.
346 1973 384 2012 p.
415 1961 480 1999 22.

163 2021 513 2070 EUPOLEMIUS,
560 2021 636 2060 sub
665 2032 743 2070 quo
773 2022 933 2060 nomine
963 2022 1062 2061 liber

108 2089 282 2139 scriptus
323 2086 525 2132 carmine,
568 2084 642 2122 fuit
685 2083 920 2122 Helmstadii
956 2084 1062 2135 apud

107 2151 371 2201 Polycarpum
401 2149 621 2197 Leyserum
650 2157 716 2182 τον
745 2157 972 2196 μακαριτων
1001 2148 1064 2185 In-

110 2214 232 2265 cipit:
280 2211 432 2252 Contra
477 2207 666 2249 Messiam
707 2206 869 2247 violenti
902 2207 1065 2260 praelia

107 2274 215 2317 Caci.

160 2336 383 2378 EVRARDI
413 2336 599 2384 ComitiS,
642 2339 684 2374 et
720 2335 908 2384 Coniugis
950 2337 1064 2386 ejus.

114 2399 278 2440 GISLAE
311 2398 599 2437 Testamentum
636 2397 682 2436 A.
726 2395 816 2435 867.
845 2397 969 2436 edidit
996 2400 1065 2437 Mi-

117 2473 236 2502 raeus
264 2462 304 2499 in
333 2459 476 2500 Codice
505 2461 771 2499 Donationum
792 2470 875 2510 cap.
898 2460 962 2500 24.
992 2462 1067 2499 Da-

111 2524 272 2564 cherius
294 2526 389 2561 tom.
414 2523 488 2561 XII
514 2522 703 2573 spicilegii
723 2533 809 2573 pag.
832 2522 920 2560 490.
943 2524 1063 2572 (tom.

112 2587 138 2627 2
166 2585 351 2625 editionis
380 2595 508 2623 novae
537 2596 624 2636 pag.
650 2583 766 2633 876.)
795 2588 835 2623 et
863 2585 1066 2624 Johannes

111 2649 306 2700 Georgius
333 2646 538 2686 Eccardus
567 2648 605 2686 in
635 2648 897 2698 quaternione
928 2659 1067 2686 monu-

112 2715 339 2750 mentorum
368 2721 456 2760 pag.
488 2710 551 2748 38.

169 2771 388 2812 Guilelmus
402 2771 690 2822 EVRARDUS,
714 2769 939 2823 [Erardus,
965 2772 1066 2811 Eve-

108 2833 317 2888 rardus,]
349 2835 613 2885 Lingonensis
644 2836 681 2873 in
706 2835 824 2885 Regio
848 2835 1064 2885 Gymnasio

111 2898 311 2937 Navarrae
334 2897 546 2935 Parisiensi
575 2899 719 2936 Doctor
740 2896 915 2946 inclytus
946 2899 1066 2936 inter-

115 2959 190 2999 fuit
218 2958 391 2999 Concilio
414 2957 673 2998 Ambianensi
697 2958 770 2997 An.
799 2959 912 2997 4422.
935 2964 975 2997 et
995 2962 1067 2998 Ba-

115 3021 275 3060 sileensi
304 3019 378 3059 An.
411 3020 525 3060 4434.
565 3025 606 3060 et
647 3021 879 3060 Avaricensi
922 3023 1066 3062 Bituri-

116 3095 210 3135 gum
248 3082 294 3122 A.
326 3083 440 3122 4438.
483 3084 662 3134 Denique
707 3095 755 3121 cx
800 3084 996 3123 Canonico
1026 3089 1066 3122 ct

116 3146 290 3185 Cantore
333 3145 664 3196 Rothomagensis
707 3147 909 3184 Ecclesiae
943 3147 1066 3186 Deca-

119 3218 195 3247 nus
236 3206 342 3246 diem
385 3207 480 3246 obiit
508 3206 551 3246 Λ.
585 3208 699 3246 4444.
743 3208 840 3259 Ejus
869 3208 1067 3259 Epistolae

177 3339 211 3379 a)
228 3342 321 3371 Toni.
340 3340 390 3371 IV.
408 3342 551 3379 Operum
569 3349 600 3379 p.
618 3340 689 3371 402».

2013 213 2091 252 535

1136 283 1308 335 quinque
1334 283 1492 323 Basilea
1518 283 1635 322 datae
1659 283 1713 322 ad
1732 283 1927 322 nationem
1952 284 2086 323 Fran-

1136 345 1221 384 ciae
1249 352 1412 386 exstant
1438 348 1475 385 in
1501 346 1635 386 Bulaei
1661 346 1824 385 historia
1850 346 2088 385 Academiae

1135 409 1367 447 Parisiensis
1397 413 1491 447 tom.
1523 410 1673 459 quinto.
1704 410 1759 447 De
1787 407 1969 447 Evrardo
1999 410 2083 459 ipso

1135 470 1334 520 Launojus
1377 472 1413 509 in
1456 471 1664 522 Gymnasii
1693 472 1892 511 Navarrae
1921 471 2085 510 historia

1136 537 1246 582 parte
1276 534 1311 571 3.
1342 533 1405 572 lib.
1437 535 1460 573 2
1504 545 1589 584 cap.
1621 536 1655 573 5.
1687 538 1782 572 tom.
1814 538 1953 585 quarto
1997 545 2087 585 ope-

1137 606 1254 633 rum:
1284 595 1492 645 (editionis
1519 598 1670 647 primae
1700 597 1822 634 Paris.
1844 596 1961 635 4682.
1992 596 2026 634 4.
2048 608 2086 647 p.

1138 658 1227 696 585.
1260 659 1367 707 seq.)
1398 659 1465 707 qui
1497 658 1600 696 inter
1628 658 1703 697 alia
1731 659 1853 697 refert
1888 669 1980 697 eum
2011 657 2092 696 An-

1135 719 1209 769 glis
1250 719 1427 758 Puellam
1470 718 1797 758 Aurelianensem
1848 721 2089 760 vexantibus

1137 782 1309 830 favisse,
1352 786 1392 819 et
1432 781 1666 832 Rothomagi
1696 793 1789 821 cum
1819 782 1868 821 ad
1899 784 2089 834 populum

1134 843 1257 881 verba
1292 844 1468 893 faceret,
1515 848 1654 882 contra
1702 844 1837 893 illam,
1868 850 1912 884 ut
1941 846 2091 884 venefi-

1134 915 1245 952 cam,
1275 907 1462 944 atrociter
1491 906 1751 945 declamasse.
1781 906 1841 945 Ad
1873 907 1979 946 hunc
2007 909 2089 947 Ev-

1134 967 1296 1006 rardum
1326 968 1607 1008 Baccalareum
1638 971 1676 1007 in
1707 969 1941 1019 Theologia,
1979 971 2090 1008 Nico-

1132 1029 1181 1068 Iai
1206 1030 1436 1080 Clemangis
1460 1031 1638 1081 Epistola
1664 1032 1752 1071 436.
1777 1031 1963 1070 Adalium
1987 1033 2090 1071 Eve-

1131 1090 1293 1130 rardum
1325 1093 1528 1140 MorIsite‚
1558 1093 1921 1142 Archidiaconum,
1963 1095 2086 1134 Ducis

1130 1155 1392 1205 Biturigensis
1423 1156 1692 1195 Secretarium
1721 1157 1897 1208 Epistola
1930 1157 1992 1195 49.

1184 1218 1205 1236 *
1226 1218 1268 1255 In
1290 1217 1425 1256 codice
1445 1219 1523 1258 MS.
1542 1218 1844 1269 Aquicinctensi
1864 1220 1967 1258 inter
1990 1220 2092 1258 mul-

1129 1285 1190 1320 tas
1214 1282 1415 1320 orationes
1436 1292 1569 1320 coram
1594 1282 1883 1321 Basiliensibus
1906 1283 2090 1322 Patribus

1129 1343 1284 1382 habitas
1324 1345 1548 1383 occurrisse
1589 1345 1662 1383 sibi
1705 1346 1853 1395 pariter
1891 1344 2090 1384 Guillelmi

1127 1406 1297 1444 Evrardi
1332 1406 1643 1450 Ambasciatoris
1681 1408 1962 1446 Universitatis
1987 1409 2092 1446 Pari-

1130 1469 1276 1506 siensis
1296 1470 1516 1508 orationem
1547 1469 1691 1508 ibidem
1723 1469 1898 1509 habitam
1918 1471 2093 1509 Domini-

1129 1541 1175 1569 ca
1203 1531 1266 1569 IV.
1285 1531 1498 1571 Adventus
1527 1536 1728 1571 testantur
1757 1534 1828 1571 PP.
1847 1534 2023 1572 Martene
2052 1538 2093 1572 et

1130 1593 1292 1632 Durand
1318 1595 1357 1632 in
1382 1595 1429 1633 II.
1454 1595 1633 1634 Itinerar.
1659 1596 1842 1634 Litterar.
1867 1607 1954 1646 pag.
1978 1596 2042 1634 80.

1184 1656 1408 1696 EVRARDI
1435 1655 1482 1695 de
1519 1656 1801 1708 Tremanyonz'o
1822 1688 1832 1706 ‚
1875 1658 1894 1695 J
1943 1658 1986 1696 U.
2018 1658 2095 1696 Do-

1132 1720 1277 1767 ctoris,
1302 1721 1549 1770 propositum
1570 1721 1722 1759 factum
1744 1719 1822 1759 An.
1847 1719 1968 1759 4374.
1992 1721 2095 1760 Can-

1131 1782 1220 1832 gius
1249 1782 1401 1819 evolvit
1443 1783 1480 1819 in
1512 1782 1659 1821 Codice
1707 1782 1808 1821 Bibl.
1840 1783 1878 1821 S.
1909 1782 2094 1821 Germani

1133 1844 1255 1882 Paris.
1288 1842 1384 1882 Cod.
1412 1844 1504 1883 645.

1186 1906 1435 1945 EVRESIUS
1460 1907 1546 1945 sive
1569 1905 1840 1956 EPHESIUS,
1865 1908 2092 1958 Episcopus

1136 1969 1174 2006 in
1216 1968 1311 2006 Asia
1340 1969 1639 2016 LuciferianuS,
1685 1974 1826 2008 contra
1859 1981 1981 2020 quern
2013 1969 2097 2008 edi-

1137 2034 1248 2069 ctum
1277 2030 1434 2069 Arcadii
1462 2031 1495 2079 a)
1525 2031 1589 2069 lib.
1620 2032 1722 2070 XVI.
1768 2031 1927 2070 Codicis
1965 2032 2099 2070 Theo-

1138 2091 1223 2129 dos.
1255 2093 1312 2129 tit.
1360 2092 1404 2131 V.
1449 2092 1497 2130 de
1541 2092 1777 2142 haereticis,
1824 2093 1910 2145 lege
1948 2095 2013 2132 28.
2043 2096 2099 2133 Dc

1138 2154 1277 2192 eodem
1303 2155 1557 2193 Marcellinus
1581 2159 1624 2193 et
1648 2157 1864 2194 Faustinus
1888 2157 2103 2195 Luciferia—

1138 2218 1177 2255 ni
1205 2218 1243 2254 in
1273 2217 1403 2255 libello
1433 2228 1621 2267 precum,
1652 2219 1716 2268 qui
1749 2221 1962 2257 sanctitate
1991 2222 2030 2257 et
2053 2217 2102 2270 fi-

1137 2278 1203 2318 dei
1228 2277 1492 2318 aemulatione
1527 2277 1744 2332 ferventem
1788 2281 1937 2331 injuste
1968 2293 1990 2319 a
2029 2282 2103 2320 Da-

1140 2353 1251 2381 maso
1280 2353 1469 2393 pressum
1498 2346 1539 2380 et
1563 2344 1808 2393 exagitatum
1833 2343 2101 2382 contendunt.

1137 2404 1234 2443 Vide
1264 2405 1454 2443 Jacobum
1485 2404 1770 2444 Gothofredum
1807 2410 1902 2444 tom.
1943 2407 1978 2443 6.
2011 2417 2100 2456 pag.

1141 2466 1231 2506 447.
1255 2467 1555 2504 Tillemontium
1576 2471 1671 2505 tom.
1692 2467 1793 2506 VIII.
1822 2479 1908 2518 pag.
1943 2469 2030 2507 449.
2061 2473 2101 2506 et

1139 2530 1302 2579 Pagium
1346 2530 1384 2566 in
1429 2529 1566 2567 limine
1609 2534 1704 2567 tom.
1736 2531 1760 2568 2
1788 2529 2007 2568 Annalium
2051 2531 2097 2569 ad

1140 2590 1302 2629 Annum
1332 2591 1422 2629 395.
1454 2602 1566 2629 num.
1593 2592 1628 2629 5.
1659 2602 1742 2641 seq.

1194 2652 1444 2691 EUSEBIUS
1468 2653 1695 2703 Episcopus
1719 2653 1979 2693 Bononiensis
1995 2686 2005 2703 ,
2031 2657 2098 2705 qui

1139 2714 1176 2752 S.
1206 2713 1460 2753 Ambrosium
1483 2713 1688 2753 Mediolani
1714 2715 1867 2754 audivit
1898 2717 2018 2755 verba
2042 2717 2097 2756 fa-

1139 2777 1311 2814 cientem
1341 2775 1389 2814 de
1419 2776 1664 2826 virginitate.
1707 2778 1762 2815 De
1810 2788 1855 2816 co
1899 2780 2093 2818 Baronius

1194 2895 1228 2934 a)
1241 2896 1346 2927 Verba
1363 2896 1464 2929 edicti
1483 2898 1746 2931 aiiAui-elianum
1756 2899 1993 2931 Proconsulem
2004 2903 2101 2933 Asiae

1132 2946 1213 2978 liaeo
1229 2951 1308 2978 sunt
1324 2961 1331 2979 :
1350 2949 1641 2980 HAERETICORUM
1659 2949 1830 2980 vocabulo
1849 2949 2077 2981 continentur
2092 2977 2101 2989 ,

1132 2999 1164 3026 et
1182 2996 1269 3027 latis
1285 2997 1456 3029 adversus
1472 3006 1531 3028 eos
1547 2998 1792 3030 sanctionibus
1805 2999 1929 3031 debent
1946 3009 2104 3032 succum-

1134 3045 1229 3084 bere,
1243 3047 1303 3086 qui
1321 3047 1373 3077 vel
1392 3045 1458 3078 lev'z
1471 3053 1679 3088 aryumento
1698 3058 1718 3079 a
1732 3049 1876 3088 judicto
1898 3050 2100 3082 Catholicae

1132 3095 1330 3135 Religionis
1345 3100 1378 3127 et
1393 3099 1536 3129 tramite
1551 3099 1679 3129 detecti·
1694 3098 1828 3138 fuerint
1838 3100 1993 3132 deviare.
2005 3102 2102 3132 Ideo-

1134 3153 1196 3184 que
1214 3146 1440 3185 experientia
1458 3152 1518 3178 tua
1536 3150 1710 3180 Evresium
1737 3149 1952 3181 haereticum
1981 3161 2044 3182 nec
2063 3153 2100 3183 in

1135 3204 1278 3226 numero
1295 3197 1605 3228 sanctissimorum
1615 3199 1824 3230 Antistitum
1835 3200 2030 3233 habendum
2043 3211 2094 3233 es-

1136 3254 1172 3276 se
1190 3250 1393 3285 coquoscat.
1424 3247 1472 3278 Ad
1489 3248 1575 3279 hanc
1594 3249 1821 3282 definitionem
1841 3250 1997 3284 haeretici
2016 3262 2095 3293 ope-

1137 3304 1189 3327 rae
1206 3297 1349 3334 pretium
1367 3301 1416 3327 est
1435 3298 1599 3336 conferre,
1619 3307 1703 3338 quae
1722 3302 1853 3332 monuit
1870 3301 2023 3334 laudatus
2042 3307 2095 3334 Ja-

1137 3344 1238 3375 cobus
1256 3346 1484 3377 Gothol'redus.
