<?xml version="1.0" encoding="UTF-8"?>
<!DOCTYPE html PUBLIC "-//W3C//DTD XHTML 1.0 Transitional//EN"
    "http://www.w3.org/TR/xhtml1/DTD/xhtml1-transitional.dtd">
<html xmlns="http://www.w3.org/1999/xhtml" xml:lang="en" lang="en">
 <head>
  <title>
</title>
<meta http-equiv="Content-Type" content="text/html;charset=utf-8" />
  <meta name='ocr-system' content='tesseract 3.04.00' />
  <meta name='ocr-capabilities' content='ocr_page ocr_carea ocr_par ocr_line ocrx_word'/>
</head>
<body>
  <div class='ocr_page' id='page_1' title='image "./bibliothecalatin01fabruoft_0370.png"; bbox 0 0 2500 4009; ppageno 0'>
   <div class='ocr_carea' id='block_1_1' title="bbox 439 234 1406 3195">
    <p class='ocr_par' dir='ltr' id='par_1_1' title="bbox 462 234 1406 977">
     <span class='ocr_line' id='line_1_1' title="bbox 465 234 541 274; baseline 0 0"><span class='ocrx_word' id='word_1_1' title='bbox 465 234 541 274; x_wconf 75' lang='lat'>332</span> 
     </span>
     <span class='ocr_line' id='line_1_2' title="bbox 465 296 1404 356; baseline -0.007 -13"><span class='ocrx_word' id='word_1_2' title='bbox 465 306 595 356; x_wconf 86' lang='lat' dir='ltr'>liquiis</span> <span class='ocrx_word' id='word_1_3' title='bbox 625 308 661 344; x_wconf 89' lang='lat' dir='ltr'>in</span> <span class='ocrx_word' id='word_1_4' title='bbox 691 316 735 343; x_wconf 80' lang='lat' dir='ltr'>ca</span> <span class='ocrx_word' id='word_1_5' title='bbox 763 301 988 341; x_wconf 71' lang='lat' dir='ltr'><strong>asservatis.</strong></span> <span class='ocrx_word' id='word_1_6' title='bbox 1022 296 1234 338; x_wconf 72' lang='lat' dir='ltr'>Oratco&#39;ad</span> <span class='ocrx_word' id='word_1_7' title='bbox 1264 298 1404 337; x_wconf 81' lang='lat' dir='ltr'>fratres</span> 
     </span>
     <span class='ocr_line' id='line_1_3' title="bbox 466 360 1402 411; baseline -0.011 -3"><span class='ocrx_word' id='word_1_8' title='bbox 466 369 643 408; x_wconf 69' lang='lat' dir='ltr'>Mmlicos.</span> <span class='ocrx_word' id='word_1_9' title='bbox 688 363 877 404; x_wconf 77' lang='lat' dir='ltr'><strong><em>Carmina</em></strong></span> <span class='ocrx_word' id='word_1_10' title='bbox 909 361 956 400; x_wconf 85' lang='lat' dir='ltr'>ad</span> <span class='ocrx_word' id='word_1_11' title='bbox 991 360 1243 411; x_wconf 80' lang='lat' dir='ltr'>magnificum</span> <span class='ocrx_word' id='word_1_12' title='bbox 1271 362 1402 400; x_wconf 87' lang='lat' dir='ltr'>virum</span> 
     </span>
     <span class='ocr_line' id='line_1_4' title="bbox 465 422 1403 473; baseline -0.01 -4"><span class='ocrx_word' id='word_1_13' title='bbox 465 432 653 469; x_wconf 76' lang='lat' dir='ltr'>Cosmum</span> <span class='ocrx_word' id='word_1_14' title='bbox 676 425 863 465; x_wconf 79' lang='lat' dir='ltr'>Mediccm</span> <span class='ocrx_word' id='word_1_15' title='bbox 892 429 932 462; x_wconf 81' lang='lat' dir='ltr'>ct</span> <span class='ocrx_word' id='word_1_16' title='bbox 959 423 1007 462; x_wconf 86' lang='lat' dir='ltr'>ad</span> <span class='ocrx_word' id='word_1_17' title='bbox 1044 422 1131 472; x_wconf 76' lang='lat' dir='ltr'>ejus</span> <span class='ocrx_word' id='word_1_18' title='bbox 1167 422 1279 461; x_wconf 86' lang='lat' dir='ltr'>filios.</span> <span class='ocrx_word' id='word_1_19' title='bbox 1314 422 1403 473; x_wconf 87' lang='lat' dir='ltr'>Epi-</span> 
     </span>
     <span class='ocr_line' id='line_1_5' title="bbox 467 483 1404 541; baseline -0.007 -12"><span class='ocrx_word' id='word_1_20' title='bbox 467 501 640 541; x_wconf 65' lang='lat' dir='ltr'>gramma</span> <span class='ocrx_word' id='word_1_21' title='bbox 669 490 707 526; x_wconf 92' lang='lat' dir='ltr'>in</span> <span class='ocrx_word' id='word_1_22' title='bbox 736 487 843 526; x_wconf 90' lang='lat' dir='ltr'>obitu</span> <span class='ocrx_word' id='word_1_23' title='bbox 881 487 1012 526; x_wconf 89' lang='lat' dir='ltr'>Cosmi</span> <span class='ocrx_word' id='word_1_24' title='bbox 1043 485 1211 524; x_wconf 75' lang='lat' dir='ltr'>Medicas</span> <span class='ocrx_word' id='word_1_25' title='bbox 1239 484 1287 523; x_wconf 91' lang='lat' dir='ltr'>ad</span> <span class='ocrx_word' id='word_1_26' title='bbox 1315 483 1404 523; x_wconf 83' lang='lat' dir='ltr'>Ale-</span> 
     </span>
     <span class='ocr_line' id='line_1_6' title="bbox 468 547 1402 599; baseline -0.005 -9"><span class='ocrx_word' id='word_1_27' title='bbox 468 552 659 590; x_wconf 69' lang='lat' dir='ltr'>xandrum</span> <span class='ocrx_word' id='word_1_28' title='bbox 682 551 906 599; x_wconf 79' lang='lat' dir='ltr'>Gonzagam</span> <span class='ocrx_word' id='word_1_29' title='bbox 925 579 932 598; x_wconf 90' lang='lat'>,</span> <span class='ocrx_word' id='word_1_30' title='bbox 952 552 993 587; x_wconf 84' lang='lat' dir='ltr'>et</span> <span class='ocrx_word' id='word_1_31' title='bbox 1012 549 1050 586; x_wconf 89' lang='lat' dir='ltr'>in</span> <span class='ocrx_word' id='word_1_32' title='bbox 1071 547 1180 595; x_wconf 85' lang='lat' dir='ltr'>obitu</span> <span class='ocrx_word' id='word_1_33' title='bbox 1200 547 1402 586; x_wconf 81' lang='lat' dir='ltr'>Lucretiae</span> 
     </span>
     <span class='ocr_line' id='line_1_7' title="bbox 467 607 1402 661; baseline -0.009 -8"><span class='ocrx_word' id='word_1_34' title='bbox 467 616 602 653; x_wconf 84' lang='lat' dir='ltr'>matris</span> <span class='ocrx_word' id='word_1_35' title='bbox 644 613 841 652; x_wconf 84' lang='lat' dir='ltr'>Laurentii</span> <span class='ocrx_word' id='word_1_36' title='bbox 880 610 1060 650; x_wconf 78' lang='lat' dir='ltr'>Mediccs.</span> <span class='ocrx_word' id='word_1_37' title='bbox 1113 607 1310 661; x_wconf 75' lang='lat' dir='ltr'>Epi&#39;stolac</span> <span class='ocrx_word' id='word_1_38' title='bbox 1354 608 1402 646; x_wconf 91' lang='lat' dir='ltr'>ad</span> 
     </span>
     <span class='ocr_line' id='line_1_8' title="bbox 464 672 1404 725; baseline -0.01 -8"><span class='ocrx_word' id='word_1_39' title='bbox 464 677 732 717; x_wconf 68' lang='lat' dir='ltr'>Alexandrum</span> <span class='ocrx_word' id='word_1_40' title='bbox 761 676 1010 725; x_wconf 80' lang='lat' dir='ltr'>Gonzagam,</span> <span class='ocrx_word' id='word_1_41' title='bbox 1035 672 1083 711; x_wconf 88' lang='lat' dir='ltr'>ad</span> <span class='ocrx_word' id='word_1_42' title='bbox 1107 673 1296 711; x_wconf 89' lang='lat' dir='ltr'>Cosmum</span> <span class='ocrx_word' id='word_1_43' title='bbox 1327 672 1404 710; x_wconf 85' lang='lat' dir='ltr'>Me-</span> 
     </span>
     <span class='ocr_line' id='line_1_9' title="bbox 463 733 1405 778; baseline -0.007 0"><span class='ocrx_word' id='word_1_44' title='bbox 463 740 590 778; x_wconf 86' lang='lat' dir='ltr'>diccm</span> <span class='ocrx_word' id='word_1_45' title='bbox 612 741 767 778; x_wconf 85' lang='lat' dir='ltr'>Patrem</span> <span class='ocrx_word' id='word_1_46' title='bbox 792 737 839 775; x_wconf 85' lang='lat' dir='ltr'>de</span> <span class='ocrx_word' id='word_1_47' title='bbox 867 740 992 774; x_wconf 80' lang='lat' dir='ltr'>morte</span> <span class='ocrx_word' id='word_1_48' title='bbox 1021 735 1208 773; x_wconf 79' lang='lat' dir='ltr'>Joannis:</span> <span class='ocrx_word' id='word_1_49' title='bbox 1233 733 1282 772; x_wconf 86' lang='lat' dir='ltr'>ad</span> <span class='ocrx_word' id='word_1_50' title='bbox 1306 734 1405 772; x_wconf 91' lang='lat' dir='ltr'>Lau-</span> 
     </span>
     <span class='ocr_line' id='line_1_10' title="bbox 462 796 1406 841; baseline -0.006 -1"><span class='ocrx_word' id='word_1_51' title='bbox 462 803 632 841; x_wconf 80' lang='lat' dir='ltr'>rentium</span> <span class='ocrx_word' id='word_1_52' title='bbox 653 806 692 838; x_wconf 76' lang='lat' dir='ltr'>et</span> <span class='ocrx_word' id='word_1_53' title='bbox 711 800 911 838; x_wconf 87' lang='lat' dir='ltr'>Julianum</span> <span class='ocrx_word' id='word_1_54' title='bbox 935 797 1103 836; x_wconf 79' lang='lat' dir='ltr'>Medices</span> <span class='ocrx_word' id='word_1_55' title='bbox 1126 797 1164 834; x_wconf 92' lang='lat' dir='ltr'>in</span> <span class='ocrx_word' id='word_1_56' title='bbox 1189 799 1315 834; x_wconf 90' lang='lat' dir='ltr'>morte</span> <span class='ocrx_word' id='word_1_57' title='bbox 1338 796 1406 834; x_wconf 84' lang='lat' dir='ltr'>Pe-</span> 
     </span>
     <span class='ocr_line' id='line_1_11' title="bbox 462 856 1402 912; baseline -0.006 -10"><span class='ocrx_word' id='word_1_58' title='bbox 462 866 510 903; x_wconf 85' lang='lat' dir='ltr'>tri</span> <span class='ocrx_word' id='word_1_59' title='bbox 545 864 734 904; x_wconf 80' lang='lat' dir='ltr'>Medices:</span> <span class='ocrx_word' id='word_1_60' title='bbox 767 867 807 899; x_wconf 82' lang='lat' dir='ltr'>ct</span> <span class='ocrx_word' id='word_1_61' title='bbox 848 859 1124 912; x_wconf 64' lang='lat' dir='ltr'>Emposite&#39;oncs</span> <span class='ocrx_word' id='word_1_62' title='bbox 1160 858 1199 896; x_wconf 77' lang='lat' dir='ltr'>in</span> <span class='ocrx_word' id='word_1_63' title='bbox 1238 856 1402 896; x_wconf 74' lang='lat' dir='ltr'>Davzdt&#39;s</span> 
     </span>
     <span class='ocr_line' id='line_1_12' title="bbox 466 924 910 977; baseline -0.009 -12"><span class='ocrx_word' id='word_1_64' title='bbox 466 926 679 977; x_wconf 78' lang='lat' dir='ltr'><em>Prophetae</em></span> <span class='ocrx_word' id='word_1_65' title='bbox 707 924 910 976; x_wconf 70' lang='lat' dir='ltr'>,llystericL</span> 
     </span>
    </p>

    <p class='ocr_par' dir='ltr' id='par_1_2' title="bbox 454 983 1404 1648">
     <span class='ocr_line' id='line_1_13' title="bbox 520 983 1400 1037; baseline -0.008 -10"><span class='ocrx_word' id='word_1_66' title='bbox 520 990 535 1010; x_wconf 66' lang='lat'>⁴*</span> <span class='ocrx_word' id='word_1_67' title='bbox 555 990 615 1027; x_wconf 57' lang='lat' dir='ltr'>Ex</span> <span class='ocrx_word' id='word_1_68' title='bbox 635 990 722 1027; x_wconf 81' lang='lat' dir='ltr'>cius</span> <span class='ocrx_word' id='word_1_69' title='bbox 745 986 919 1037; x_wconf 78' lang='lat' dir='ltr'>Epistola</span> <span class='ocrx_word' id='word_1_70' title='bbox 942 985 988 1024; x_wconf 89' lang='lat' dir='ltr'>ad</span> <span class='ocrx_word' id='word_1_71' title='bbox 1014 985 1237 1036; x_wconf 72' lang='lat' dir='ltr'>llicronym.</span> <span class='ocrx_word' id='word_1_72' title='bbox 1274 983 1400 1021; x_wconf 84' lang='lat' dir='ltr'>Aliota</span> 
     </span>
     <span class='ocr_line' id='line_1_14' title="bbox 459 1045 1401 1095; baseline -0.008 -5"><span class='ocrx_word' id='word_1_73' title='bbox 459 1057 544 1090; x_wconf 88' lang='lat' dir='ltr'>tum</span> <span class='ocrx_word' id='word_1_74' title='bbox 562 1048 759 1089; x_wconf 71' lang='lat' dir='ltr'>AbhOrd.</span> <span class='ocrx_word' id='word_1_75' title='bbox 776 1050 813 1086; x_wconf 92' lang='lat' dir='ltr'>S.</span> <span class='ocrx_word' id='word_1_76' title='bbox 830 1047 1030 1086; x_wconf 79' lang='lat' dir='ltr'>Benedicti</span> <span class='ocrx_word' id='word_1_77' title='bbox 1048 1047 1238 1095; x_wconf 87' lang='lat' dir='ltr'>scriptum</span> <span class='ocrx_word' id='word_1_78' title='bbox 1254 1045 1302 1083; x_wconf 88' lang='lat' dir='ltr'>ab</span> <span class='ocrx_word' id='word_1_79' title='bbox 1320 1046 1401 1095; x_wconf 90' lang='lat' dir='ltr'>ipso</span> 
     </span>
     <span class='ocr_line' id='line_1_15' title="bbox 458 1108 1402 1157; baseline -0.007 -5"><span class='ocrx_word' id='word_1_80' title='bbox 458 1115 664 1152; x_wconf 78' lang='lat' dir='ltr'>Francisco</span> <span class='ocrx_word' id='word_1_81' title='bbox 681 1111 870 1149; x_wconf 83' lang='lat' dir='ltr'>discimus</span> <span class='ocrx_word' id='word_1_82' title='bbox 886 1110 1060 1147; x_wconf 76' lang='lat' dir='ltr'>libellum</span> <span class='ocrx_word' id='word_1_83' title='bbox 1071 1111 1099 1147; x_wconf 89' lang='lat' dir='ltr'><strong>T</strong></span> <span class='ocrx_word' id='word_1_84' title='bbox 1104 1109 1344 1157; x_wconf 72' lang='lat' dir='ltr'>heologicum</span> <span class='ocrx_word' id='word_1_85' title='bbox 1364 1108 1402 1145; x_wconf 76' lang='lat' dir='ltr'>in</span> 
     </span>
     <span class='ocr_line' id='line_1_16' title="bbox 459 1168 1402 1227; baseline -0.006 -14"><span class='ocrx_word' id='word_1_86' title='bbox 459 1187 534 1227; x_wconf 79' lang='lat' dir='ltr'>quo</span> <span class='ocrx_word' id='word_1_87' title='bbox 560 1173 681 1212; x_wconf 79' lang='lat' dir='ltr'>multa</span> <span class='ocrx_word' id='word_1_88' title='bbox 715 1172 832 1210; x_wconf 75' lang='lat' dir='ltr'>ctiam</span> <span class='ocrx_word' id='word_1_89' title='bbox 861 1171 1030 1222; x_wconf 76' lang='lat' dir='ltr'>Physica</span> <span class='ocrx_word' id='word_1_90' title='bbox 1063 1173 1100 1208; x_wconf 74' lang='lat' dir='ltr'>ct</span> <span class='ocrx_word' id='word_1_91' title='bbox 1125 1168 1402 1209; x_wconf 78' lang='lat' dir='ltr'>Matlzcmati&#39;ca</span> 
     </span>
     <span class='ocr_line' id='line_1_17' title="bbox 458 1232 1404 1286; baseline -0.007 -10"><span class='ocrx_word' id='word_1_92' title='bbox 458 1239 571 1276; x_wconf 77' lang='lat' dir='ltr'>etiam</span> <span class='ocrx_word' id='word_1_93' title='bbox 610 1234 795 1274; x_wconf 74' lang='lat' dir='ltr'>nonnulla</span> <span class='ocrx_word' id='word_1_94' title='bbox 826 1233 1033 1286; x_wconf 68' lang='lat' dir='ltr'>pcrmioeta</span> <span class='ocrx_word' id='word_1_95' title='bbox 1058 1235 1199 1280; x_wconf 45' lang='lat' dir='ltr'>eran&amp;</span> <span class='ocrx_word' id='word_1_96' title='bbox 1218 1244 1336 1282; x_wconf 88' lang='lat' dir='ltr'>quem</span> <span class='ocrx_word' id='word_1_97' title='bbox 1360 1232 1404 1270; x_wconf 87' lang='lat' dir='ltr'>li-</span> 
     </span>
     <span class='ocr_line' id='line_1_18' title="bbox 457 1295 1400 1349; baseline -0.006 -11"><span class='ocrx_word' id='word_1_98' title='bbox 457 1301 603 1339; x_wconf 77' lang='lat' dir='ltr'>hcllum</span> <span class='ocrx_word' id='word_1_99' title='bbox 628 1299 709 1349; x_wconf 82' lang='lat' dir='ltr'>ipsc</span> <span class='ocrx_word' id='word_1_100' title='bbox 734 1298 781 1337; x_wconf 88' lang='lat' dir='ltr'>ad</span> <span class='ocrx_word' id='word_1_101' title='bbox 805 1298 996 1336; x_wconf 80' lang='lat' dir='ltr'>Aliottum</span> <span class='ocrx_word' id='word_1_102' title='bbox 1025 1295 1098 1335; x_wconf 89' lang='lat' dir='ltr'>hac</span> <span class='ocrx_word' id='word_1_103' title='bbox 1127 1296 1210 1346; x_wconf 91' lang='lat' dir='ltr'>ipsa</span> <span class='ocrx_word' id='word_1_104' title='bbox 1239 1295 1400 1345; x_wconf 80' lang='lat' dir='ltr'>epistola</span> 
     </span>
     <span class='ocr_line' id='line_1_19' title="bbox 455 1357 1401 1410; baseline -0.005 -12"><span class='ocrx_word' id='word_1_105' title='bbox 455 1361 772 1409; x_wconf 65' lang='lat' dir='ltr'>emendandum,</span> <span class='ocrx_word' id='word_1_106' title='bbox 793 1364 833 1399; x_wconf 86' lang='lat' dir='ltr'>ct</span> <span class='ocrx_word' id='word_1_107' title='bbox 860 1358 1156 1410; x_wconf 83' lang='lat' dir='ltr'>approbandum</span> <span class='ocrx_word' id='word_1_108' title='bbox 1186 1357 1304 1394; x_wconf 81' lang='lat' dir='ltr'><strong>misit.</strong></span> <span class='ocrx_word' id='word_1_109' title='bbox 1328 1358 1401 1395; x_wconf 86' lang='lat' dir='ltr'>Da-</span> 
     </span>
     <span class='ocr_line' id='line_1_20' title="bbox 455 1419 1398 1462; baseline -0.003 -2"><span class='ocrx_word' id='word_1_110' title='bbox 455 1429 517 1462; x_wconf 83' lang='lat' dir='ltr'>tac</span> <span class='ocrx_word' id='word_1_111' title='bbox 542 1427 635 1462; x_wconf 86' lang='lat' dir='ltr'>sunt</span> <span class='ocrx_word' id='word_1_112' title='bbox 660 1423 794 1461; x_wconf 75' lang='lat' dir='ltr'>litcnac</span> <span class='ocrx_word' id='word_1_113' title='bbox 818 1422 904 1460; x_wconf 87' lang='lat' dir='ltr'>illae</span> <span class='ocrx_word' id='word_1_114' title='bbox 931 1421 1148 1459; x_wconf 81' lang='lat' dir='ltr'>Florentiae</span> <span class='ocrx_word' id='word_1_115' title='bbox 1173 1419 1233 1457; x_wconf 92' lang='lat' dir='ltr'>die</span> <span class='ocrx_word' id='word_1_116' title='bbox 1259 1419 1282 1457; x_wconf 93' lang='lat'><strong>7</strong></span> <span class='ocrx_word' id='word_1_117' title='bbox 1309 1420 1398 1458; x_wconf 88' lang='lat' dir='ltr'>Julii</span> 
     </span>
     <span class='ocr_line' id='line_1_21' title="bbox 455 1482 1397 1535; baseline -0.005 -12"><span class='ocrx_word' id='word_1_118' title='bbox 455 1486 568 1524; x_wconf 69' lang='lat'><strong>4452.</strong></span> <span class='ocrx_word' id='word_1_119' title='bbox 600 1485 857 1535; x_wconf 71' lang='lat' dir='ltr'>vulgavitque</span> <span class='ocrx_word' id='word_1_120' title='bbox 890 1494 939 1521; x_wconf 79' lang='lat' dir='ltr'>ex</span> <span class='ocrx_word' id='word_1_121' title='bbox 977 1482 1051 1520; x_wconf 87' lang='lat' dir='ltr'>illis</span> <span class='ocrx_word' id='word_1_122' title='bbox 1086 1483 1256 1520; x_wconf 85' lang='lat' dir='ltr'>frustum</span> <span class='ocrx_word' id='word_1_123' title='bbox 1286 1482 1324 1519; x_wconf 91' lang='lat' dir='ltr'>P.</span> <span class='ocrx_word' id='word_1_124' title='bbox 1355 1482 1397 1519; x_wconf 89' lang='lat' dir='ltr'>D.</span> 
     </span>
     <span class='ocr_line' id='line_1_22' title="bbox 454 1542 1398 1585; baseline -0.004 0"><span class='ocrx_word' id='word_1_125' title='bbox 454 1548 650 1585; x_wconf 84' lang='lat' dir='ltr'>Marianus</span> <span class='ocrx_word' id='word_1_126' title='bbox 668 1545 871 1584; x_wconf 77' lang='lat' dir='ltr'>Armcllini</span> <span class='ocrx_word' id='word_1_127' title='bbox 896 1546 932 1582; x_wconf 94' lang='lat' dir='ltr'>in</span> <span class='ocrx_word' id='word_1_128' title='bbox 951 1544 1131 1583; x_wconf 85' lang='lat' dir='ltr'>Biblioth.</span> <span class='ocrx_word' id='word_1_129' title='bbox 1147 1542 1398 1582; x_wconf 85' lang='lat' dir='ltr'>Benedictino</span> 
     </span>
     <span class='ocr_line' id='line_1_23' title="bbox 454 1608 855 1648; baseline -0.007 0"><span class='ocrx_word' id='word_1_130' title='bbox 454 1609 679 1648; x_wconf 77' lang='lat' dir='ltr'>Cassinensi</span> <span class='ocrx_word' id='word_1_131' title='bbox 707 1610 739 1646; x_wconf 87' lang='grc'>4.</span> <span class='ocrx_word' id='word_1_132' title='bbox 766 1608 855 1645; x_wconf 67' lang='lat'><strong>207.</strong></span> 
     </span>
    </p>

    <p class='ocr_par' dir='ltr' id='par_1_3' title="bbox 451 1667 1403 1968">
     <span class='ocr_line' id='line_1_24' title="bbox 507 1667 1399 1720; baseline -0.006 -11"><span class='ocrx_word' id='word_1_133' title='bbox 507 1672 736 1720; x_wconf 79' lang='lat' dir='ltr'>Martyrium</span> <span class='ocrx_word' id='word_1_134' title='bbox 771 1670 1064 1715; x_wconf 73' lang='lat' dir='ltr'>Antonianum,</span> <span class='ocrx_word' id='word_1_135' title='bbox 1110 1669 1193 1706; x_wconf 86' lang='lat' dir='ltr'>sive</span> <span class='ocrx_word' id='word_1_136' title='bbox 1243 1667 1399 1706; x_wconf 80' lang='lat' dir='ltr'>Antonii</span> 
     </span>
     <span class='ocr_line' id='line_1_25' title="bbox 454 1731 1400 1783; baseline -0.004 -13"><span class='ocrx_word' id='word_1_137' title='bbox 454 1734 507 1771; x_wconf 89' lang='lat' dir='ltr'>De</span> <span class='ocrx_word' id='word_1_138' title='bbox 531 1733 676 1783; x_wconf 84' lang='lat' dir='ltr'>Ripolis</span> <span class='ocrx_word' id='word_1_139' title='bbox 705 1733 753 1771; x_wconf 81' lang='lat' dir='ltr'>al)</span> <span class='ocrx_word' id='word_1_140' title='bbox 781 1732 918 1770; x_wconf 82' lang='lat' dir='ltr'>codem</span> <span class='ocrx_word' id='word_1_141' title='bbox 950 1731 1156 1769; x_wconf 80' lang='lat' dir='ltr'>Francisco</span> <span class='ocrx_word' id='word_1_142' title='bbox 1185 1731 1400 1779; x_wconf 89' lang='lat' dir='ltr'>scriptum,</span> 
     </span>
     <span class='ocr_line' id='line_1_26' title="bbox 451 1791 1403 1841; baseline -0.005 -8"><span class='ocrx_word' id='word_1_143' title='bbox 451 1799 491 1832; x_wconf 85' lang='lat' dir='ltr'>ct</span> <span class='ocrx_word' id='word_1_144' title='bbox 515 1795 562 1833; x_wconf 89' lang='lat' dir='ltr'>ad</span> <span class='ocrx_word' id='word_1_145' title='bbox 586 1796 692 1833; x_wconf 81' lang='lat' dir='ltr'><strong>MSS.</strong></span> <span class='ocrx_word' id='word_1_146' title='bbox 721 1794 884 1833; x_wconf 83' lang='lat' dir='ltr'>Codices</span> <span class='ocrx_word' id='word_1_147' title='bbox 913 1793 1156 1831; x_wconf 87' lang='lat' dir='ltr'>recensitum</span> <span class='ocrx_word' id='word_1_148' title='bbox 1185 1791 1290 1841; x_wconf 79' lang='lat' dir='ltr'>typis</span> <span class='ocrx_word' id='word_1_149' title='bbox 1319 1791 1403 1828; x_wconf 91' lang='lat' dir='ltr'>Flo-</span> 
     </span>
     <span class='ocr_line' id='line_1_27' title="bbox 455 1851 1398 1906; baseline -0.005 -12"><span class='ocrx_word' id='word_1_150' title='bbox 455 1858 621 1894; x_wconf 79' lang='lat' dir='ltr'>rentinis</span> <span class='ocrx_word' id='word_1_151' title='bbox 641 1856 820 1906; x_wconf 69' lang='lat' dir='ltr'>vulgavit</span> <span class='ocrx_word' id='word_1_152' title='bbox 850 1857 886 1893; x_wconf 82' lang='lat' dir='ltr'>P.</span> <span class='ocrx_word' id='word_1_153' title='bbox 917 1856 995 1892; x_wconf 87' lang='lat' dir='ltr'>Jos.</span> <span class='ocrx_word' id='word_1_154' title='bbox 1025 1854 1116 1892; x_wconf 85' lang='lat' dir='ltr'>Orsi</span> <span class='ocrx_word' id='word_1_155' title='bbox 1144 1851 1398 1901; x_wconf 13' lang='lat' dir='ltr'>Ord.¹Praed.</span> 
     </span>
     <span class='ocr_line' id='line_1_28' title="bbox 451 1917 1146 1968; baseline -0.003 -12"><span class='ocrx_word' id='word_1_156' title='bbox 451 1919 516 1968; x_wconf 91' lang='lat' dir='ltr'>qui</span> <span class='ocrx_word' id='word_1_157' title='bbox 542 1923 580 1956; x_wconf 73' lang='lat' dir='ltr'>et</span> <span class='ocrx_word' id='word_1_158' title='bbox 604 1922 719 1956; x_wconf 88' lang='lat' dir='ltr'>notas</span> <span class='ocrx_word' id='word_1_159' title='bbox 743 1917 884 1956; x_wconf 77' lang='lat' dir='ltr'>adiecit</span> <span class='ocrx_word' id='word_1_160' title='bbox 909 1918 946 1954; x_wconf 91' lang='lat' dir='ltr'>in</span> <span class='ocrx_word' id='word_1_161' title='bbox 973 1917 1006 1954; x_wconf 73' lang='grc'>4.</span> <span class='ocrx_word' id='word_1_162' title='bbox 1034 1917 1146 1955; x_wconf 67' lang='lat'><strong>4729.</strong></span> 
     </span>
    </p>

    <p class='ocr_par' dir='ltr' id='par_1_4' title="bbox 448 1978 1399 2522">
     <span class='ocr_line' id='line_1_29' title="bbox 500 1978 1395 2030; baseline -0.004 -11"><span class='ocrx_word' id='word_1_163' title='bbox 500 1980 694 2019; x_wconf 69' lang='lat' dir='ltr'><strong>CASTOR</strong></span> <span class='ocrx_word' id='word_1_164' title='bbox 718 1980 931 2030; x_wconf 70' lang='lat' dir='ltr'>Aptansis,</span> <span class='ocrx_word' id='word_1_165' title='bbox 954 1980 1039 2017; x_wconf 90' lang='lat' dir='ltr'>sive</span> <span class='ocrx_word' id='word_1_166' title='bbox 1060 1978 1185 2028; x_wconf 84' lang='lat' dir='ltr'>Aptae</span> <span class='ocrx_word' id='word_1_167' title='bbox 1209 1978 1334 2017; x_wconf 87' lang='lat' dir='ltr'>Juliae</span> <span class='ocrx_word' id='word_1_168' title='bbox 1359 1979 1395 2015; x_wconf 93' lang='lat' dir='ltr'>in</span> 
     </span>
     <span class='ocr_line' id='line_1_30' title="bbox 449 2039 1398 2092; baseline -0.004 -11"><span class='ocrx_word' id='word_1_169' title='bbox 449 2043 570 2082; x_wconf 87' lang='lat' dir='ltr'>Gallia</span> <span class='ocrx_word' id='word_1_170' title='bbox 587 2043 805 2092; x_wconf 74' lang='lat' dir='ltr'>Episcopus</span> <span class='ocrx_word' id='word_1_171' title='bbox 820 2042 868 2079; x_wconf 88' lang='lat' dir='ltr'>ab</span> <span class='ocrx_word' id='word_1_172' title='bbox 887 2040 1000 2078; x_wconf 85' lang='lat' dir='ltr'>Anno</span> <span class='ocrx_word' id='word_1_173' title='bbox 1026 2041 1114 2079; x_wconf 68' lang='grc'>449.</span> <span class='ocrx_word' id='word_1_174' title='bbox 1130 2040 1178 2079; x_wconf 90' lang='lat' dir='ltr'>ad</span> <span class='ocrx_word' id='word_1_175' title='bbox 1197 2041 1283 2079; x_wconf 76' lang='grc'>434.</span> <span class='ocrx_word' id='word_1_176' title='bbox 1300 2039 1398 2089; x_wconf 85' lang='lat' dir='ltr'>Ejus</span> 
     </span>
     <span class='ocr_line' id='line_1_31' title="bbox 450 2102 1399 2154; baseline -0.004 -12"><span class='ocrx_word' id='word_1_177' title='bbox 450 2105 625 2154; x_wconf 74' lang='lat' dir='ltr'>Epistola</span> <span class='ocrx_word' id='word_1_178' title='bbox 649 2104 694 2141; x_wconf 88' lang='lat' dir='ltr'>ad</span> <span class='ocrx_word' id='word_1_179' title='bbox 717 2105 949 2142; x_wconf 81' lang='lat' dir='ltr'>Cassianum</span> <span class='ocrx_word' id='word_1_180' title='bbox 971 2102 1163 2140; x_wconf 82' lang='lat' dir='ltr'>Abbatem</span> <span class='ocrx_word' id='word_1_181' title='bbox 1184 2102 1399 2140; x_wconf 74' lang='lat' dir='ltr'>Massilien-</span> 
     </span>
     <span class='ocr_line' id='line_1_32' title="bbox 452 2163 1397 2212; baseline -0.004 -10"><span class='ocrx_word' id='word_1_182' title='bbox 452 2176 535 2203; x_wconf 84' lang='lat' dir='ltr'>scm</span> <span class='ocrx_word' id='word_1_183' title='bbox 558 2167 659 2203; x_wconf 73' lang='lat' dir='ltr'>inter</span> <span class='ocrx_word' id='word_1_184' title='bbox 681 2165 785 2203; x_wconf 83' lang='lat' dir='ltr'>MSta</span> <span class='ocrx_word' id='word_1_185' title='bbox 802 2164 1059 2202; x_wconf 67' lang='lat' dir='ltr'>Bibliothecae</span> <span class='ocrx_word' id='word_1_186' title='bbox 1076 2163 1258 2200; x_wconf 81' lang='lat' dir='ltr'>Paulinae</span> <span class='ocrx_word' id='word_1_187' title='bbox 1275 2163 1397 2212; x_wconf 82' lang='lat' dir='ltr'>Lipsi—</span> 
     </span>
     <span class='ocr_line' id='line_1_33' title="bbox 451 2223 1397 2276; baseline -0.001 -14"><span class='ocrx_word' id='word_1_188' title='bbox 451 2228 558 2263; x_wconf 64' lang='lat' dir='ltr'>ensis</span> <span class='ocrx_word' id='word_1_189' title='bbox 578 2238 661 2276; x_wconf 70' lang='lat' dir='ltr'>pag.</span> <span class='ocrx_word' id='word_1_190' title='bbox 690 2227 775 2264; x_wconf 68' lang='lat'><strong>4533.</strong></span> <span class='ocrx_word' id='word_1_191' title='bbox 800 2225 935 2263; x_wconf 77' lang='lat' dir='ltr'>cadem</span> <span class='ocrx_word' id='word_1_192' title='bbox 954 2254 962 2270; x_wconf 87' lang='lat'>,</span> <span class='ocrx_word' id='word_1_193' title='bbox 988 2236 1107 2274; x_wconf 88' lang='lat' dir='ltr'>quam</span> <span class='ocrx_word' id='word_1_194' title='bbox 1130 2223 1298 2262; x_wconf 79' lang='lat' dir='ltr'>Alardus</span> <span class='ocrx_word' id='word_1_195' title='bbox 1322 2224 1397 2261; x_wconf 87' lang='lat' dir='ltr'>Ga-</span> 
     </span>
     <span class='ocr_line' id='line_1_34' title="bbox 450 2287 1393 2326; baseline -0.004 0"><span class='ocrx_word' id='word_1_196' title='bbox 450 2299 566 2326; x_wconf 74' lang='lat' dir='ltr'>zacus</span> <span class='ocrx_word' id='word_1_197' title='bbox 595 2299 642 2325; x_wconf 78' lang='lat' dir='ltr'>ex</span> <span class='ocrx_word' id='word_1_198' title='bbox 668 2287 808 2325; x_wconf 82' lang='lat' dir='ltr'>Codice</span> <span class='ocrx_word' id='word_1_199' title='bbox 834 2288 1070 2324; x_wconf 77' lang='lat' dir='ltr'>Elnoncnsis</span> <span class='ocrx_word' id='word_1_200' title='bbox 1100 2287 1322 2324; x_wconf 80' lang='lat' dir='ltr'>Monastcrii</span> <span class='ocrx_word' id='word_1_201' title='bbox 1354 2287 1393 2324; x_wconf 97' lang='lat' dir='ltr'>S.</span> 
     </span>
     <span class='ocr_line' id='line_1_35' title="bbox 448 2348 1389 2399; baseline -0.004 -12"><span class='ocrx_word' id='word_1_202' title='bbox 448 2349 612 2387; x_wconf 65' lang='lat' dir='ltr'>Amandi</span> <span class='ocrx_word' id='word_1_203' title='bbox 637 2350 839 2399; x_wconf 73' lang='lat' dir='ltr'>praemisit</span> <span class='ocrx_word' id='word_1_204' title='bbox 863 2348 971 2386; x_wconf 83' lang='lat' dir='ltr'>libris</span> <span class='ocrx_word' id='word_1_205' title='bbox 994 2348 1184 2386; x_wconf 70' lang='lat' dir='ltr'>johannis</span> <span class='ocrx_word' id='word_1_206' title='bbox 1214 2348 1389 2386; x_wconf 85' lang='lat' dir='ltr'>Cassiani</span> 
     </span>
     <span class='ocr_line' id='line_1_36' title="bbox 449 2410 1398 2461; baseline -0.003 -12"><span class='ocrx_word' id='word_1_207' title='bbox 449 2412 520 2449; x_wconf 86' lang='lat' dir='ltr'>&#39;de</span> <span class='ocrx_word' id='word_1_208' title='bbox 550 2422 626 2461; x_wconf 85' lang='lat' dir='ltr'>quo</span> <span class='ocrx_word' id='word_1_209' title='bbox 656 2413 798 2461; x_wconf 84' lang='lat' dir='ltr'>supra)</span> <span class='ocrx_word' id='word_1_210' title='bbox 832 2411 879 2449; x_wconf 83' lang='lat' dir='ltr'>dc.</span> <span class='ocrx_word' id='word_1_211' title='bbox 910 2411 1154 2449; x_wconf 86' lang='lat' dir='ltr'>institutione</span> <span class='ocrx_word' id='word_1_212' title='bbox 1184 2410 1398 2448; x_wconf 87' lang='lat' dir='ltr'>Coenobio-</span> 
     </span>
     <span class='ocr_line' id='line_1_37' title="bbox 448 2471 1397 2522; baseline -0.003 -11"><span class='ocrx_word' id='word_1_213' title='bbox 448 2485 552 2522; x_wconf 90' lang='lat' dir='ltr'>rum,</span> <span class='ocrx_word' id='word_1_214' title='bbox 570 2483 669 2522; x_wconf 88' lang='lat' dir='ltr'>quos</span> <span class='ocrx_word' id='word_1_215' title='bbox 694 2474 797 2522; x_wconf 86' lang='lat' dir='ltr'>ipsos</span> <span class='ocrx_word' id='word_1_216' title='bbox 820 2473 881 2511; x_wconf 90' lang='lat' dir='ltr'>ille</span> <span class='ocrx_word' id='word_1_217' title='bbox 903 2473 1053 2511; x_wconf 87' lang='lat' dir='ltr'>Castori</span> <span class='ocrx_word' id='word_1_218' title='bbox 1076 2472 1165 2511; x_wconf 91' lang='lat' dir='ltr'>huic</span> <span class='ocrx_word' id='word_1_219' title='bbox 1189 2471 1397 2509; x_wconf 77' lang='lat' dir='ltr'>dedicavit.</span> 
     </span>
    </p>

    <p class='ocr_par' dir='ltr' id='par_1_5' title="bbox 439 2533 1396 3195">
     <span class='ocr_line' id='line_1_38' title="bbox 497 2533 1396 2582; baseline -0.001 -10"><span class='ocrx_word' id='word_1_220' title='bbox 497 2536 666 2573; x_wconf 79' lang='lat' dir='ltr'>Joumzes</span> <span class='ocrx_word' id='word_1_221' title='bbox 681 2534 743 2573; x_wconf 76' lang='lat' dir='ltr'>CA</span> <span class='ocrx_word' id='word_1_222' title='bbox 752 2535 888 2578; x_wconf 78' lang='lat' dir='ltr'><strong>STOR,</strong></span> <span class='ocrx_word' id='word_1_223' title='bbox 905 2536 988 2573; x_wconf 78' lang='lat' dir='ltr'>sive</span> <span class='ocrx_word' id='word_1_224' title='bbox 1005 2534 1293 2582; x_wconf 74' lang='lat' dir='ltr'><strong>CASTORIUS,</strong></span> <span class='ocrx_word' id='word_1_225' title='bbox 1307 2533 1396 2572; x_wconf 89' lang='lat' dir='ltr'>vul-</span> 
     </span>
     <span class='ocr_line' id='line_1_39' title="bbox 447 2595 1394 2647; baseline -0.002 -12"><span class='ocrx_word' id='word_1_226' title='bbox 447 2609 493 2647; x_wconf 69' lang='lat' dir='ltr'>go</span> <span class='ocrx_word' id='word_1_227' title='bbox 509 2608 541 2645; x_wconf 65' lang='lat' dir='ltr'>a)</span> <span class='ocrx_word' id='word_1_228' title='bbox 560 2598 694 2644; x_wconf 83' lang='lat' dir='ltr'>Bcver,</span> <span class='ocrx_word' id='word_1_229' title='bbox 720 2598 804 2635; x_wconf 89' lang='lat' dir='ltr'>sive</span> <span class='ocrx_word' id='word_1_230' title='bbox 828 2595 963 2645; x_wconf 85' lang='lat' dir='ltr'>Fiber,</span> <span class='ocrx_word' id='word_1_231' title='bbox 988 2596 1201 2635; x_wconf 82' lang='lat' dir='ltr'>Monachus</span> <span class='ocrx_word' id='word_1_232' title='bbox 1225 2595 1300 2634; x_wconf 90' lang='lat' dir='ltr'>sub</span> <span class='ocrx_word' id='word_1_233' title='bbox 1322 2597 1394 2634; x_wconf 86' lang='lat' dir='ltr'>Be-</span> 
     </span>
     <span class='ocr_line' id='line_1_40' title="bbox 449 2658 1394 2708; baseline -0.002 -12"><span class='ocrx_word' id='word_1_234' title='bbox 449 2660 601 2697; x_wconf 81' lang='lat' dir='ltr'>nedicto</span> <span class='ocrx_word' id='word_1_235' title='bbox 635 2661 801 2698; x_wconf 83' lang='lat' dir='ltr'>Bursino</span> <span class='ocrx_word' id='word_1_236' title='bbox 842 2660 1186 2707; x_wconf 83' lang='lat' dir='ltr'>Monastcriensis,</span> <span class='ocrx_word' id='word_1_237' title='bbox 1229 2658 1394 2708; x_wconf 84' lang='lat' dir='ltr'>scriptor</span> 
     </span>
     <span class='ocr_line' id='line_1_41' title="bbox 445 2721 1388 2771; baseline -0.004 -10"><span class='ocrx_word' id='word_1_238' title='bbox 445 2721 651 2770; x_wconf 76' lang='lat' dir='ltr'>Chronici,</span> <span class='ocrx_word' id='word_1_239' title='bbox 676 2721 779 2771; x_wconf 88' lang='lat' dir='ltr'>quod</span> <span class='ocrx_word' id='word_1_240' title='bbox 805 2733 925 2761; x_wconf 90' lang='lat' dir='ltr'>manu</span> <span class='ocrx_word' id='word_1_241' title='bbox 949 2726 1154 2760; x_wconf 82' lang='lat' dir='ltr'>exaratum</span> <span class='ocrx_word' id='word_1_242' title='bbox 1187 2723 1223 2759; x_wconf 89' lang='lat' dir='ltr'>in</span> <span class='ocrx_word' id='word_1_243' title='bbox 1253 2721 1388 2759; x_wconf 86' lang='lat' dir='ltr'>Cotto-</span> 
     </span>
     <span class='ocr_line' id='line_1_42' title="bbox 446 2781 1386 2833; baseline -0.002 -12"><span class='ocrx_word' id='word_1_244' title='bbox 446 2785 555 2823; x_wconf 84' lang='lat' dir='ltr'>niana</span> <span class='ocrx_word' id='word_1_245' title='bbox 573 2790 610 2822; x_wconf 80' lang='lat' dir='ltr'>et</span> <span class='ocrx_word' id='word_1_246' title='bbox 632 2785 717 2822; x_wconf 87' lang='lat' dir='ltr'>aliis</span> <span class='ocrx_word' id='word_1_247' title='bbox 740 2784 901 2833; x_wconf 69' lang='lat' dir='ltr'>Angliae</span> <span class='ocrx_word' id='word_1_248' title='bbox 923 2783 1173 2823; x_wconf 87' lang='lat' dir='ltr'>Bibliothecis</span> <span class='ocrx_word' id='word_1_249' title='bbox 1189 2781 1240 2821; x_wconf 82' lang='lat' dir='ltr'>ab</span> <span class='ocrx_word' id='word_1_250' title='bbox 1258 2782 1386 2821; x_wconf 84' lang='lat' dir='ltr'>AEnea</span> 
     </span>
     <span class='ocr_line' id='line_1_43' title="bbox 446 2845 1387 2885; baseline -0.002 -2"><span class='ocrx_word' id='word_1_251' title='bbox 446 2845 498 2884; x_wconf 73' lang='lat' dir='ltr'>orl</span> <span class='ocrx_word' id='word_1_252' title='bbox 519 2846 733 2884; x_wconf 78' lang='lat' dir='ltr'>Ilenrz&#39;cum</span> <span class='ocrx_word' id='word_1_253' title='bbox 763 2847 828 2884; x_wconf 93' lang='lat' dir='ltr'>III</span> <span class='ocrx_word' id='word_1_254' title='bbox 854 2848 937 2885; x_wconf 87' lang='lat' dir='ltr'>sive</span> <span class='ocrx_word' id='word_1_255' title='bbox 971 2847 1017 2885; x_wconf 83' lang='lat' dir='ltr'>ad</span> <span class='ocrx_word' id='word_1_256' title='bbox 1047 2846 1207 2885; x_wconf 86' lang='lat' dir='ltr'>Annum</span> <span class='ocrx_word' id='word_1_257' title='bbox 1237 2846 1387 2885; x_wconf 87' lang='lat' dir='ltr'>Cllristi</span> 
     </span>
     <span class='ocr_line' id='line_1_44' title="bbox 444 2907 1388 2959; baseline -0.001 -14"><span class='ocrx_word' id='word_1_258' title='bbox 444 2910 457 2945; x_wconf 88' lang='grc'>4</span> <span class='ocrx_word' id='word_1_259' title='bbox 469 2909 556 2946; x_wconf 71' lang='grc'>216.</span> <span class='ocrx_word' id='word_1_260' title='bbox 591 2909 777 2957; x_wconf 65' lang='lat' dir='ltr'>Vossius,</span> <span class='ocrx_word' id='word_1_261' title='bbox 807 2911 871 2959; x_wconf 91' lang='lat' dir='ltr'>qui</span> <span class='ocrx_word' id='word_1_262' title='bbox 905 2911 1021 2948; x_wconf 79' lang='lat' dir='ltr'>ctiam</span> <span class='ocrx_word' id='word_1_263' title='bbox 1055 2907 1388 2948; x_wconf 74' lang='lat' dir='ltr'>Commentarium</span> 
     </span>
     <span class='ocr_line' id='line_1_45' title="bbox 439 2968 1386 3018; baseline 0.003 -14"><span class='ocrx_word' id='word_1_264' title='bbox 439 2970 523 3018; x_wconf 73' lang='lat' dir='ltr'>ojus</span> <span class='ocrx_word' id='word_1_265' title='bbox 545 2969 590 3007; x_wconf 71' lang='lat' dir='ltr'>cle</span> <span class='ocrx_word' id='word_1_266' title='bbox 613 2968 733 3008; x_wconf 81' lang='lat' dir='ltr'>rebus</span> <span class='ocrx_word' id='word_1_267' title='bbox 764 2968 1262 3010; x_wconf 61' lang='lat' dir='ltr'>West-illoncisterz&#39;ensz&#39;bus</span> <span class='ocrx_word' id='word_1_268' title='bbox 1282 2981 1386 3007; x_wconf 76' lang='lat' dir='ltr'>com-</span> 
     </span>
     <span class='ocr_line' id='line_1_46' title="bbox 442 3032 1387 3084; baseline 0 -14"><span class='ocrx_word' id='word_1_269' title='bbox 442 3037 650 3080; x_wconf 79' lang='lat' dir='ltr'>memorat,</span> <span class='ocrx_word' id='word_1_270' title='bbox 671 3034 724 3071; x_wconf 90' lang='lat' dir='ltr'>ait</span> <span class='ocrx_word' id='word_1_271' title='bbox 740 3032 930 3071; x_wconf 83' lang='lat' dir='ltr'>Chronica</span> <span class='ocrx_word' id='word_1_272' title='bbox 948 3033 979 3080; x_wconf 76' lang='lat' dir='ltr'>ej</span> <span class='ocrx_word' id='word_1_273' title='bbox 989 3045 1033 3072; x_wconf 87' lang='lat' dir='ltr'>us</span> <span class='ocrx_word' id='word_1_274' title='bbox 1054 3033 1214 3084; x_wconf 79' lang='lat' dir='ltr'>produci</span> <span class='ocrx_word' id='word_1_275' title='bbox 1233 3044 1255 3071; x_wconf 86' lang='lat' dir='ltr'>a</span> <span class='ocrx_word' id='word_1_276' title='bbox 1280 3032 1387 3070; x_wconf 80' lang='lat' dir='ltr'>fabu—</span> 
     </span>
     <span class='ocr_line' id='line_1_47' title="bbox 442 3093 1385 3145; baseline 0.001 -15"><span class='ocrx_word' id='word_1_277' title='bbox 442 3094 520 3131; x_wconf 79' lang='lat' dir='ltr'>loso</span> <span class='ocrx_word' id='word_1_278' title='bbox 552 3096 655 3132; x_wconf 79' lang='lat' dir='ltr'>Bruti</span> <span class='ocrx_word' id='word_1_279' title='bbox 687 3096 723 3132; x_wconf 92' lang='lat' dir='ltr'>in</span> <span class='ocrx_word' id='word_1_280' title='bbox 755 3094 933 3145; x_wconf 70' lang='lat' dir='ltr'>Angliam</span> <span class='ocrx_word' id='word_1_281' title='bbox 968 3096 1143 3134; x_wconf 83' lang='lat' dir='ltr'>adventu</span> <span class='ocrx_word' id='word_1_282' title='bbox 1174 3106 1298 3145; x_wconf 89' lang='lat' dir='ltr'>usquc</span> <span class='ocrx_word' id='word_1_283' title='bbox 1338 3093 1385 3132; x_wconf 91' lang='lat' dir='ltr'>ad</span> 
     </span>
     <span class='ocr_line' id='line_1_48' title="bbox 443 3154 735 3195; baseline 0.01 -4"><span class='ocrx_word' id='word_1_284' title='bbox 443 3154 599 3194; x_wconf 75' lang='lat' dir='ltr'>Annum</span> <span class='ocrx_word' id='word_1_285' title='bbox 624 3157 735 3195; x_wconf 81' lang='grc'>4306.</span> 
     </span>
    </p>
   </div>
   <div class='ocr_carea' id='block_1_2' title="bbox 495 3251 1394 3287">
    <p class='ocr_par' dir='ltr' id='par_1_6' title="bbox 495 3251 1394 3287">
     <span class='ocr_line' id='line_1_49' title="bbox 495 3251 1394 3287; baseline 0.009 -10"><span class='ocrx_word' id='word_1_286' title='bbox 495 3257 525 3284; x_wconf 67' lang='lat' dir='ltr'>a,</span> <span class='ocrx_word' id='word_1_287' title='bbox 549 3251 652 3282; x_wconf 78' lang='lat' dir='ltr'>schol.</span> <span class='ocrx_word' id='word_1_288' title='bbox 679 3255 824 3285; x_wconf 71' lang='lat' dir='ltr'>Juvenal.</span> <span class='ocrx_word' id='word_1_289' title='bbox 847 3257 900 3285; x_wconf 78' lang='grc' dir='ltr'>ΧΗ</span> <span class='ocrx_word' id='word_1_290' title='bbox 917 3279 925 3286; x_wconf 94' lang='grc'>.</span> <span class='ocrx_word' id='word_1_291' title='bbox 941 3256 991 3286; x_wconf 67' lang='lat'><strong>52.</strong></span> <span class='ocrx_word' id='word_1_292' title='bbox 1029 3258 1209 3287; x_wconf 74' lang='lat' dir='ltr'>Castorem</span> <span class='ocrx_word' id='word_1_293' title='bbox 1247 3255 1394 3287; x_wconf 65' lang='lat' dir='ltr'>Rebi-um</span> 
     </span>
    </p>
   </div>
   <div class='ocr_carea' id='block_1_3' title="bbox 436 3297 1394 3379">
    <p class='ocr_par' dir='ltr' id='par_1_7' title="bbox 436 3297 1394 3379">
     <span class='ocr_line' id='line_1_50' title="bbox 436 3297 1394 3377; baseline 0.009 -50"><span class='ocrx_word' id='word_1_294' title='bbox 436 3297 532 3377; x_wconf 58' lang='lat' dir='ltr'>sliriec.</span> <span class='ocrx_word' id='word_1_295' title='bbox 571 3300 642 3330; x_wconf 70' lang='lat' dir='ltr'>viile</span> <span class='ocrx_word' id='word_1_296' title='bbox 666 3306 697 3332; x_wconf 81' lang='lat' dir='ltr'>et</span> <span class='ocrx_word' id='word_1_297' title='bbox 719 3305 758 3335; x_wconf 85' lang='lat' dir='ltr'>ad</span> <span class='ocrx_word' id='word_1_298' title='bbox 798 3307 834 3335; x_wconf 90' lang='grc' dir='ltr'>ΙΙ.</span> <span class='ocrx_word' id='word_1_299' title='bbox 862 3305 931 3337; x_wconf 70' lang='lat' dir='ltr'>loo.</span> <span class='ocrx_word' id='word_1_300' title='bbox 956 3311 983 3337; x_wconf 80' lang='lat' dir='ltr'>ct</span> <span class='ocrx_word' id='word_1_301' title='bbox 1011 3309 1114 3338; x_wconf 66' lang='lat' dir='ltr'>vossii</span> <span class='ocrx_word' id='word_1_302' title='bbox 1139 3307 1394 3346; x_wconf 81' lang='lat' dir='ltr'>etymologicum</span> 
     </span>
     <span class='ocr_line' id='line_1_51' title="bbox 437 3352 645 3379; baseline 0.01 -2"><span class='ocrx_word' id='word_1_303' title='bbox 437 3355 470 3377; x_wconf 72' lang='lat' dir='ltr'>nn</span> <span class='ocrx_word' id='word_1_304' title='bbox 536 3352 645 3379; x_wconf 72' lang='lat' dir='ltr'>(istor.</span> 
     </span>
    </p>
   </div>
   <div class='ocr_carea' id='block_1_4' title="bbox 1296 228 1587 268">
    <p class='ocr_par' dir='ltr' id='par_1_8' title="bbox 1296 228 1587 268">
     <span class='ocr_line' id='line_1_52' title="bbox 1296 228 1587 268; baseline 0.003 -3"><span class='ocrx_word' id='word_1_305' title='bbox 1296 228 1587 268; x_wconf 81' lang='lat' dir='ltr'><strong>CASTOR</strong></span> 
     </span>
    </p>
   </div>
   <div class='ocr_carea' id='block_1_5' title="bbox 1458 296 2423 3389">
    <p class='ocr_par' dir='ltr' id='par_1_9' title="bbox 1473 296 2421 836">
     <span class='ocr_line' id='line_1_53' title="bbox 1531 296 2418 351; baseline 0.003 -15"><span class='ocrx_word' id='word_1_306' title='bbox 1531 296 1656 336; x_wconf 70' lang='lat' dir='ltr'>Guiclo</span> <span class='ocrx_word' id='word_1_307' title='bbox 1685 296 1731 336; x_wconf 80' lang='lat' dir='ltr'>de</span> <span class='ocrx_word' id='word_1_308' title='bbox 1758 297 1966 338; x_wconf 82' lang='lat' dir='ltr'><strong>CASTRIS</strong></span> <span class='ocrx_word' id='word_1_309' title='bbox 1988 299 2118 339; x_wconf 81' lang='lat' dir='ltr'>Abbas</span> <span class='ocrx_word' id='word_1_310' title='bbox 2147 300 2188 338; x_wconf 89' lang='lat' dir='ltr'><strong>S.</strong></span> <span class='ocrx_word' id='word_1_311' title='bbox 2216 300 2418 351; x_wconf 80' lang='lat' dir='ltr'>Dionysii,</span> 
     </span>
     <span class='ocr_line' id='line_1_54' title="bbox 1476 360 2417 404; baseline 0.001 -3"><span class='ocrx_word' id='word_1_312' title='bbox 1476 360 1633 401; x_wconf 90' lang='lat' dir='ltr'>Ordinis</span> <span class='ocrx_word' id='word_1_313' title='bbox 1649 360 1888 400; x_wconf 86' lang='lat' dir='ltr'>Benedictini</span> <span class='ocrx_word' id='word_1_314' title='bbox 1906 363 1944 401; x_wconf 90' lang='lat' dir='ltr'>in</span> <span class='ocrx_word' id='word_1_315' title='bbox 1965 362 2089 402; x_wconf 87' lang='lat' dir='ltr'>Gallia</span> <span class='ocrx_word' id='word_1_316' title='bbox 2105 362 2152 402; x_wconf 89' lang='lat' dir='ltr'>ab</span> <span class='ocrx_word' id='word_1_317' title='bbox 2167 361 2282 402; x_wconf 84' lang='lat' dir='ltr'>Anno</span> <span class='ocrx_word' id='word_1_318' title='bbox 2303 363 2417 404; x_wconf 71' lang='lat'><strong>⁴294.</strong></span> 
     </span>
     <span class='ocr_line' id='line_1_55' title="bbox 1473 422 2417 476; baseline 0.004 -15"><span class='ocrx_word' id='word_1_319' title='bbox 1473 422 1521 461; x_wconf 90' lang='lat' dir='ltr'>ad</span> <span class='ocrx_word' id='word_1_320' title='bbox 1540 424 1651 462; x_wconf 89' lang='grc'>4340.</span> <span class='ocrx_word' id='word_1_321' title='bbox 1669 423 1896 473; x_wconf 86' lang='lat' dir='ltr'>Composuit</span> <span class='ocrx_word' id='word_1_322' title='bbox 1918 424 2215 476; x_wconf 72' lang='lat' dir='ltr'>Sanctiloyium,</span> <span class='ocrx_word' id='word_1_323' title='bbox 2239 425 2325 464; x_wconf 86' lang='lat' dir='ltr'>sive</span> <span class='ocrx_word' id='word_1_324' title='bbox 2340 425 2417 465; x_wconf 90' lang='lat' dir='ltr'>duo</span> 
     </span>
     <span class='ocr_line' id='line_1_56' title="bbox 1475 483 2421 538; baseline 0.003 -14"><span class='ocrx_word' id='word_1_325' title='bbox 1475 485 1681 524; x_wconf 88' lang='lat' dir='ltr'>Volumina</span> <span class='ocrx_word' id='word_1_326' title='bbox 1690 483 1738 522; x_wconf 87' lang='lat' dir='ltr'>de</span> <span class='ocrx_word' id='word_1_327' title='bbox 1754 485 1908 524; x_wconf 85' lang='lat' dir='ltr'>Sanctis</span> <span class='ocrx_word' id='word_1_328' title='bbox 1917 498 1985 537; x_wconf 88' lang='lat' dir='ltr'>per</span> <span class='ocrx_word' id='word_1_329' title='bbox 1994 489 2085 526; x_wconf 88' lang='lat' dir='ltr'>anni</span> <span class='ocrx_word' id='word_1_330' title='bbox 2100 488 2306 536; x_wconf 88' lang='lat' dir='ltr'>circulum,</span> <span class='ocrx_word' id='word_1_331' title='bbox 2319 499 2421 538; x_wconf 85' lang='lat' dir='ltr'>quae</span> 
     </span>
     <span class='ocr_line' id='line_1_57' title="bbox 1477 547 2420 601; baseline 0.002 -15"><span class='ocrx_word' id='word_1_332' title='bbox 1477 547 1643 586; x_wconf 84' lang='lat' dir='ltr'>Usuardi</span> <span class='ocrx_word' id='word_1_333' title='bbox 1665 548 1984 599; x_wconf 80' lang='lat' dir='ltr'>Martyrologium</span> <span class='ocrx_word' id='word_1_334' title='bbox 2007 550 2225 600; x_wconf 80' lang='lat' dir='ltr'>glossatum</span> <span class='ocrx_word' id='word_1_335' title='bbox 2249 549 2420 601; x_wconf 89' lang='lat' dir='ltr'>comple-</span> 
     </span>
     <span class='ocr_line' id='line_1_58' title="bbox 1473 609 2417 662; baseline 0.003 -14"><span class='ocrx_word' id='word_1_336' title='bbox 1473 613 1647 648; x_wconf 85' lang='lat' dir='ltr'>ctuntur.</span> <span class='ocrx_word' id='word_1_337' title='bbox 1671 609 1749 648; x_wconf 89' lang='lat' dir='ltr'><strong>MS.</strong></span> <span class='ocrx_word' id='word_1_338' title='bbox 1779 611 1817 647; x_wconf 91' lang='lat' dir='ltr'>in</span> <span class='ocrx_word' id='word_1_339' title='bbox 1837 611 1956 650; x_wconf 88' lang='lat' dir='ltr'>variis</span> <span class='ocrx_word' id='word_1_340' title='bbox 1982 612 2232 651; x_wconf 87' lang='lat' dir='ltr'>Bibliothecis</span> <span class='ocrx_word' id='word_1_341' title='bbox 2254 611 2417 662; x_wconf 82' lang='lat' dir='ltr'>Angliae</span> 
     </span>
     <span class='ocr_line' id='line_1_59' title="bbox 1474 671 2418 725; baseline 0.004 -16"><span class='ocrx_word' id='word_1_342' title='bbox 1474 671 1711 721; x_wconf 78' lang='lat' dir='ltr'>Galliaeque.</span> <span class='ocrx_word' id='word_1_343' title='bbox 1728 671 1823 710; x_wconf 88' lang='lat' dir='ltr'>Vide</span> <span class='ocrx_word' id='word_1_344' title='bbox 1837 672 2036 713; x_wconf 91' lang='lat' dir='ltr'>Oudinum</span> <span class='ocrx_word' id='word_1_345' title='bbox 2051 678 2143 712; x_wconf 89' lang='lat' dir='ltr'>tom.</span> <span class='ocrx_word' id='word_1_346' title='bbox 2156 675 2207 713; x_wconf 86' lang='lat'>111</span> <span class='ocrx_word' id='word_1_347' title='bbox 2223 685 2310 725; x_wconf 82' lang='lat' dir='ltr'>pag.</span> <span class='ocrx_word' id='word_1_348' title='bbox 2328 675 2418 714; x_wconf 74' lang='lat'><strong>652.</strong></span> 
     </span>
     <span class='ocr_line' id='line_1_60' title="bbox 1476 733 2421 786; baseline 0.004 -14"><span class='ocrx_word' id='word_1_349' title='bbox 1476 734 1542 784; x_wconf 91' lang='lat' dir='ltr'>qui</span> <span class='ocrx_word' id='word_1_350' title='bbox 1566 734 1715 772; x_wconf 87' lang='lat' dir='ltr'>cvolvit</span> <span class='ocrx_word' id='word_1_351' title='bbox 1737 733 1809 773; x_wconf 89' lang='lat' dir='ltr'>hoc</span> <span class='ocrx_word' id='word_1_352' title='bbox 1832 746 1929 786; x_wconf 88' lang='lat' dir='ltr'>opus</span> <span class='ocrx_word' id='word_1_353' title='bbox 1947 737 2101 775; x_wconf 88' lang='lat' dir='ltr'>MStum</span> <span class='ocrx_word' id='word_1_354' title='bbox 2122 736 2160 774; x_wconf 93' lang='lat' dir='ltr'>in</span> <span class='ocrx_word' id='word_1_355' title='bbox 2183 736 2421 776; x_wconf 83' lang='lat' dir='ltr'>Bibliotheca</span> 
     </span>
     <span class='ocr_line' id='line_1_61' title="bbox 1476 797 1965 836; baseline 0.002 -1"><span class='ocrx_word' id='word_1_356' title='bbox 1476 797 1515 835; x_wconf 91' lang='lat' dir='ltr'>S.</span> <span class='ocrx_word' id='word_1_357' title='bbox 1535 797 1700 835; x_wconf 88' lang='lat' dir='ltr'>Victoris</span> <span class='ocrx_word' id='word_1_358' title='bbox 1724 797 1965 836; x_wconf 77' lang='lat' dir='ltr'>parisiensis,</span> 
     </span>
    </p>

    <p class='ocr_par' dir='ltr' id='par_1_10' title="bbox 1471 858 2423 1096">
     <span class='ocr_line' id='line_1_62' title="bbox 1527 858 2422 899; baseline 0.002 -2"><span class='ocrx_word' id='word_1_359' title='bbox 1527 858 1746 897; x_wconf 90' lang='lat' dir='ltr'>Chronicon</span> <span class='ocrx_word' id='word_1_360' title='bbox 1762 858 1882 897; x_wconf 85' lang='lat' dir='ltr'>breve</span> <span class='ocrx_word' id='word_1_361' title='bbox 1898 859 2082 899; x_wconf 89' lang='lat' dir='ltr'>Coenobii</span> <span class='ocrx_word' id='word_1_362' title='bbox 2099 859 2138 898; x_wconf 88' lang='lat' dir='ltr'><strong>S.</strong></span> <span class='ocrx_word' id='word_1_363' title='bbox 2155 859 2422 899; x_wconf 85' lang='lat' dir='ltr'>PetriCATA-</span> 
     </span>
     <span class='ocr_line' id='line_1_63' title="bbox 1471 918 2422 972; baseline 0.002 -14"><span class='ocrx_word' id='word_1_364' title='bbox 1471 918 1745 958; x_wconf 73' lang='lat' dir='ltr'><strong>LAUNENSIS</strong></span> <span class='ocrx_word' id='word_1_365' title='bbox 1767 919 1814 958; x_wconf 89' lang='lat' dir='ltr'>ad</span> <span class='ocrx_word' id='word_1_366' title='bbox 1837 921 2052 959; x_wconf 84' lang='lat' dir='ltr'>Matronam</span> <span class='ocrx_word' id='word_1_367' title='bbox 2074 921 2113 958; x_wconf 91' lang='lat' dir='ltr'>in</span> <span class='ocrx_word' id='word_1_368' title='bbox 2138 921 2352 972; x_wconf 84' lang='lat' dir='ltr'>Campania</span> <span class='ocrx_word' id='word_1_369' title='bbox 2373 923 2422 961; x_wconf 90' lang='lat' dir='ltr'>ab</span> 
     </span>
     <span class='ocr_line' id='line_1_64' title="bbox 1471 982 2423 1022; baseline 0 0"><span class='ocrx_word' id='word_1_370' title='bbox 1471 982 1585 1022; x_wconf 83' lang='lat' dir='ltr'>Anno</span> <span class='ocrx_word' id='word_1_371' title='bbox 1609 983 1759 1021; x_wconf 88' lang='lat' dir='ltr'>CHristi</span> <span class='ocrx_word' id='word_1_372' title='bbox 1781 983 1893 1022; x_wconf 86' lang='grc'>4009.</span> <span class='ocrx_word' id='word_1_373' title='bbox 1919 982 1966 1021; x_wconf 92' lang='lat' dir='ltr'>ad</span> <span class='ocrx_word' id='word_1_374' title='bbox 1994 982 2108 1021; x_wconf 73' lang='lat'><strong>4223.</strong></span> <span class='ocrx_word' id='word_1_375' title='bbox 2131 983 2170 1020; x_wconf 89' lang='lat' dir='ltr'>in</span> <span class='ocrx_word' id='word_1_376' title='bbox 2196 982 2336 1022; x_wconf 88' lang='lat' dir='ltr'>Labbei</span> <span class='ocrx_word' id='word_1_377' title='bbox 2365 989 2423 1022; x_wconf 89' lang='lat' dir='ltr'>to-</span> 
     </span>
     <span class='ocr_line' id='line_1_65' title="bbox 1475 1043 2418 1096; baseline 0.002 -14"><span class='ocrx_word' id='word_1_378' title='bbox 1475 1055 1536 1082; x_wconf 89' lang='lat' dir='ltr'>mo</span> <span class='ocrx_word' id='word_1_379' title='bbox 1553 1046 1566 1082; x_wconf 89' lang='lat'><em>1</em></span> <span class='ocrx_word' id='word_1_380' title='bbox 1583 1043 1842 1083; x_wconf 79' lang='lat' dir='ltr'>Bibliothecae</span> <span class='ocrx_word' id='word_1_381' title='bbox 1858 1055 1984 1082; x_wconf 84' lang='lat' dir='ltr'>novae</span> <span class='ocrx_word' id='word_1_382' title='bbox 1999 1043 2105 1083; x_wconf 87' lang='lat' dir='ltr'><strong>MSS.</strong></span> <span class='ocrx_word' id='word_1_383' title='bbox 2119 1054 2206 1096; x_wconf 83' lang='lat' dir='ltr'>pag.</span> <span class='ocrx_word' id='word_1_384' title='bbox 2224 1044 2313 1084; x_wconf 72' lang='lat'><strong>296.</strong></span> <span class='ocrx_word' id='word_1_385' title='bbox 2330 1045 2418 1086; x_wconf 74' lang='lat'><strong>297.</strong></span> 
     </span>
    </p>

    <p class='ocr_par' dir='ltr' id='par_1_11' title="bbox 1472 1104 2423 1468">
     <span class='ocr_line' id='line_1_66' title="bbox 1525 1104 2420 1158; baseline 0.002 -14"><span class='ocrx_word' id='word_1_386' title='bbox 1525 1104 1839 1146; x_wconf 76' lang='lat' dir='ltr'><strong>CATALDlNUS</strong></span> <span class='ocrx_word' id='word_1_387' title='bbox 1861 1104 1907 1143; x_wconf 82' lang='lat' dir='ltr'>de</span> <span class='ocrx_word' id='word_1_388' title='bbox 1922 1104 2040 1143; x_wconf 73' lang='lat' dir='ltr'>Bonis</span> <span class='ocrx_word' id='word_1_389' title='bbox 2064 1105 2311 1158; x_wconf 68' lang='grc' dir='ltr'>Οοηψαῃηίε,</span> <span class='ocrx_word' id='word_1_390' title='bbox 2335 1108 2420 1146; x_wconf 88' lang='lat' dir='ltr'>sive</span> 
     </span>
     <span class='ocr_line' id='line_1_67' title="bbox 1473 1168 2421 1219; baseline 0.004 -14"><span class='ocrx_word' id='word_1_391' title='bbox 1473 1168 1807 1219; x_wconf 68' lang='lat' dir='ltr'>Boncompaqm&#39;us</span> <span class='ocrx_word' id='word_1_392' title='bbox 1828 1168 1874 1207; x_wconf 83' lang='lat' dir='ltr'>de</span> <span class='ocrx_word' id='word_1_393' title='bbox 1901 1169 2032 1217; x_wconf 65' lang='lat' dir='ltr'>Visso,</span> <span class='ocrx_word' id='word_1_394' title='bbox 2057 1168 2189 1207; x_wconf 86' lang='lat' dir='ltr'>clarus</span> <span class='ocrx_word' id='word_1_395' title='bbox 2210 1170 2313 1208; x_wconf 88' lang='lat' dir='ltr'>circa</span> <span class='ocrx_word' id='word_1_396' title='bbox 2342 1169 2421 1208; x_wconf 90' lang='lat' dir='ltr'>An-</span> 
     </span>
     <span class='ocr_line' id='line_1_68' title="bbox 1477 1229 2423 1282; baseline 0.002 -13"><span class='ocrx_word' id='word_1_397' title='bbox 1477 1242 1572 1269; x_wconf 86' lang='lat' dir='ltr'>num</span> <span class='ocrx_word' id='word_1_398' title='bbox 1600 1233 1613 1269; x_wconf 90' lang='grc'>4</span> <span class='ocrx_word' id='word_1_399' title='bbox 1627 1231 1714 1269; x_wconf 78' lang='grc'>434.</span> <span class='ocrx_word' id='word_1_400' title='bbox 1738 1232 1854 1281; x_wconf 87' lang='lat' dir='ltr'>cujus</span> <span class='ocrx_word' id='word_1_401' title='bbox 1878 1233 2070 1282; x_wconf 87' lang='lat' dir='ltr'>scriptum</span> <span class='ocrx_word' id='word_1_402' title='bbox 2093 1229 2140 1269; x_wconf 85' lang='lat' dir='ltr'>de</span> <span class='ocrx_word' id='word_1_403' title='bbox 2168 1229 2423 1271; x_wconf 67' lang='lat' dir='ltr'>translatione</span> 
     </span>
     <span class='ocr_line' id='line_1_69' title="bbox 1475 1291 2420 1345; baseline 0 -13"><span class='ocrx_word' id='word_1_404' title='bbox 1475 1291 1639 1332; x_wconf 68' lang='lat' dir='ltr'>concilii</span> <span class='ocrx_word' id='word_1_405' title='bbox 1652 1291 1889 1332; x_wconf 72' lang='lat' dir='ltr'>Basileensz‘s</span> <span class='ocrx_word' id='word_1_406' title='bbox 1910 1296 2043 1332; x_wconf 86' lang='lat' dir='ltr'>exstat</span> <span class='ocrx_word' id='word_1_407' title='bbox 2066 1294 2106 1331; x_wconf 93' lang='lat' dir='ltr'>in</span> <span class='ocrx_word' id='word_1_408' title='bbox 2126 1292 2281 1332; x_wconf 83' lang='lat' dir='ltr'>Oceano</span> <span class='ocrx_word' id='word_1_409' title='bbox 2301 1295 2320 1331; x_wconf 84' lang='lat' dir='ltr'><em>J</em></span> <span class='ocrx_word' id='word_1_410' title='bbox 2327 1295 2420 1345; x_wconf 90' lang='lat' dir='ltr'>uris,</span> 
     </span>
     <span class='ocr_line' id='line_1_70' title="bbox 1473 1354 2422 1404; baseline 0.002 -12"><span class='ocrx_word' id='word_1_411' title='bbox 1473 1356 1556 1393; x_wconf 82' lang='lat' dir='ltr'>sive</span> <span class='ocrx_word' id='word_1_412' title='bbox 1580 1359 1751 1394; x_wconf 87' lang='lat' dir='ltr'>tractatu</span> <span class='ocrx_word' id='word_1_413' title='bbox 1767 1359 2035 1404; x_wconf 83' lang='lat' dir='ltr'>tractatuum,</span> <span class='ocrx_word' id='word_1_414' title='bbox 2059 1355 2198 1395; x_wconf 88' lang='lat' dir='ltr'>Venet.</span> <span class='ocrx_word' id='word_1_415' title='bbox 2225 1354 2338 1394; x_wconf 74' lang='grc'>4584.</span> <span class='ocrx_word' id='word_1_416' title='bbox 2363 1360 2422 1394; x_wconf 87' lang='lat' dir='ltr'>to·</span> 
     </span>
     <span class='ocr_line' id='line_1_71' title="bbox 1472 1418 1932 1468; baseline 0.002 -13"><span class='ocrx_word' id='word_1_417' title='bbox 1472 1429 1534 1455; x_wconf 90' lang='lat' dir='ltr'>mo</span> <span class='ocrx_word' id='word_1_418' title='bbox 1559 1419 1647 1455; x_wconf 84' lang='lat' dir='ltr'>Xlll</span> <span class='ocrx_word' id='word_1_419' title='bbox 1670 1430 1755 1468; x_wconf 72' lang='lat' dir='ltr'>pag.</span> <span class='ocrx_word' id='word_1_420' title='bbox 1783 1419 1845 1456; x_wconf 76' lang='grc'>45.</span> <span class='ocrx_word' id='word_1_421' title='bbox 1868 1418 1932 1458; x_wconf 68' lang='grc'>24.</span> 
     </span>
    </p>

    <p class='ocr_par' dir='ltr' id='par_1_12' title="bbox 1466 1480 2423 2200">
     <span class='ocr_line' id='line_1_72' title="bbox 1525 1480 2421 1531; baseline -0.001 -14"><span class='ocrx_word' id='word_1_422' title='bbox 1525 1480 1545 1502; x_wconf 76' lang='lat'><em>*</em></span> <span class='ocrx_word' id='word_1_423' title='bbox 1569 1481 1612 1517; x_wconf 91' lang='lat' dir='ltr'>ln</span> <span class='ocrx_word' id='word_1_424' title='bbox 1636 1480 1815 1518; x_wconf 80' lang='lat' dir='ltr'>Biblioth.</span> <span class='ocrx_word' id='word_1_425' title='bbox 1839 1481 1962 1519; x_wconf 90' lang='lat' dir='ltr'>Felini</span> <span class='ocrx_word' id='word_1_426' title='bbox 1985 1483 2096 1519; x_wconf 84' lang='lat' dir='ltr'>extat</span> <span class='ocrx_word' id='word_1_427' title='bbox 2124 1480 2304 1530; x_wconf 84' lang='lat' dir='ltr'>repetitio</span> <span class='ocrx_word' id='word_1_428' title='bbox 2326 1490 2421 1531; x_wconf 83' lang='lat' dir='ltr'>pro-</span> 
     </span>
     <span class='ocr_line' id='line_1_73' title="bbox 1466 1540 2421 1593; baseline 0.001 -14"><span class='ocrx_word' id='word_1_429' title='bbox 1466 1541 1591 1593; x_wconf 75' lang='lat' dir='ltr'>ficisci</span> <span class='ocrx_word' id='word_1_430' title='bbox 1612 1544 1649 1580; x_wconf 89' lang='lat' dir='ltr'>in</span> <span class='ocrx_word' id='word_1_431' title='bbox 1671 1543 1711 1580; x_wconf 94' lang='lat' dir='ltr'><strong>L.</strong></span> <span class='ocrx_word' id='word_1_432' title='bbox 1731 1540 1953 1582; x_wconf 77' lang='lat' dir='ltr'>Observare</span> <span class='ocrx_word' id='word_1_433' title='bbox 1977 1542 2014 1582; x_wconf 77' lang='lat' dir='ltr'><strong>ff.</strong></span> <span class='ocrx_word' id='word_1_434' title='bbox 2036 1542 2085 1581; x_wconf 90' lang='lat' dir='ltr'>de</span> <span class='ocrx_word' id='word_1_435' title='bbox 2109 1542 2234 1581; x_wconf 87' lang='lat' dir='ltr'>officio</span> <span class='ocrx_word' id='word_1_436' title='bbox 2257 1553 2421 1592; x_wconf 88' lang='lat' dir='ltr'>procon-</span> 
     </span>
     <span class='ocr_line' id='line_1_74' title="bbox 1471 1603 2418 1654; baseline -0.001 -12"><span class='ocrx_word' id='word_1_437' title='bbox 1471 1605 1569 1643; x_wconf 90' lang='lat' dir='ltr'>sulis</span> <span class='ocrx_word' id='word_1_438' title='bbox 1604 1615 1672 1654; x_wconf 78' lang='lat' dir='ltr'>por</span> <span class='ocrx_word' id='word_1_439' title='bbox 1708 1606 1818 1643; x_wconf 80' lang='lat' dir='ltr'>Dom.</span> <span class='ocrx_word' id='word_1_440' title='bbox 1856 1604 2022 1643; x_wconf 90' lang='lat' dir='ltr'>Baldum</span> <span class='ocrx_word' id='word_1_441' title='bbox 2060 1603 2108 1642; x_wconf 90' lang='lat' dir='ltr'>de</span> <span class='ocrx_word' id='word_1_442' title='bbox 2138 1605 2298 1643; x_wconf 88' lang='lat' dir='ltr'>Perusio</span> <span class='ocrx_word' id='word_1_443' title='bbox 2327 1615 2418 1643; x_wconf 91' lang='lat' dir='ltr'>cum</span> 
     </span>
     <span class='ocr_line' id='line_1_75' title="bbox 1473 1666 2423 1707; baseline 0 -3"><span class='ocrx_word' id='word_1_444' title='bbox 1473 1671 1645 1705; x_wconf 85' lang='lat' dir='ltr'>tractatu</span> <span class='ocrx_word' id='word_1_445' title='bbox 1674 1666 1918 1705; x_wconf 87' lang='lat' dir='ltr'>additionum</span> <span class='ocrx_word' id='word_1_446' title='bbox 1949 1667 1993 1704; x_wconf 93' lang='lat' dir='ltr'><strong>D.</strong></span> <span class='ocrx_word' id='word_1_447' title='bbox 2023 1666 2215 1707; x_wconf 85' lang='lat' dir='ltr'>Cataldini</span> <span class='ocrx_word' id='word_1_448' title='bbox 2245 1666 2294 1705; x_wconf 90' lang='lat' dir='ltr'>de</span> <span class='ocrx_word' id='word_1_449' title='bbox 2321 1668 2423 1705; x_wconf 85' lang='lat' dir='ltr'>Bon-</span> 
     </span>
     <span class='ocr_line' id='line_1_76' title="bbox 1473 1728 2422 1779; baseline -0.001 -12"><span class='ocrx_word' id='word_1_450' title='bbox 1473 1729 1701 1779; x_wconf 78' lang='lat' dir='ltr'>compagnis</span> <span class='ocrx_word' id='word_1_451' title='bbox 1724 1729 1772 1767; x_wconf 87' lang='lat' dir='ltr'>de</span> <span class='ocrx_word' id='word_1_452' title='bbox 1796 1730 1909 1767; x_wconf 85' lang='lat' dir='ltr'>Visso</span> <span class='ocrx_word' id='word_1_453' title='bbox 1933 1733 1973 1767; x_wconf 85' lang='lat' dir='ltr'>ct</span> <span class='ocrx_word' id='word_1_454' title='bbox 1996 1739 2085 1768; x_wconf 88' lang='lat' dir='ltr'>cum</span> <span class='ocrx_word' id='word_1_455' title='bbox 2111 1728 2197 1767; x_wconf 87' lang='lat' dir='ltr'>aliis</span> <span class='ocrx_word' id='word_1_456' title='bbox 2217 1728 2422 1767; x_wconf 86' lang='lat' dir='ltr'>additioni-</span> 
     </span>
     <span class='ocr_line' id='line_1_77' title="bbox 1473 1789 2420 1840; baseline -0.001 -11"><span class='ocrx_word' id='word_1_457' title='bbox 1473 1792 1546 1830; x_wconf 90' lang='lat' dir='ltr'>bus</span> <span class='ocrx_word' id='word_1_458' title='bbox 1569 1792 1612 1829; x_wconf 91' lang='lat' dir='ltr'><strong>D.</strong></span> <span class='ocrx_word' id='word_1_459' title='bbox 1635 1790 1773 1840; x_wconf 79' lang='lat' dir='ltr'>Angeli</span> <span class='ocrx_word' id='word_1_460' title='bbox 1797 1790 1844 1829; x_wconf 89' lang='lat' dir='ltr'>de</span> <span class='ocrx_word' id='word_1_461' title='bbox 1868 1791 2040 1829; x_wconf 91' lang='lat' dir='ltr'>Perusio.</span> <span class='ocrx_word' id='word_1_462' title='bbox 2070 1790 2144 1829; x_wconf 87' lang='lat' dir='ltr'>Est</span> <span class='ocrx_word' id='word_1_463' title='bbox 2166 1793 2300 1829; x_wconf 90' lang='lat' dir='ltr'>autem</span> <span class='ocrx_word' id='word_1_464' title='bbox 2324 1789 2420 1829; x_wconf 85' lang='lat' dir='ltr'>liber</span> 
     </span>
     <span class='ocr_line' id='line_1_78' title="bbox 1474 1849 2422 1901; baseline 0 -12"><span class='ocrx_word' id='word_1_465' title='bbox 1474 1853 1693 1901; x_wconf 86' lang='lat' dir='ltr'>impressus</span> <span class='ocrx_word' id='word_1_466' title='bbox 1722 1853 1748 1889; x_wconf 87' lang='lat' dir='ltr'>F</span> <span class='ocrx_word' id='word_1_467' title='bbox 1753 1853 1921 1890; x_wconf 88' lang='lat' dir='ltr'>errariae</span> <span class='ocrx_word' id='word_1_468' title='bbox 1949 1862 2019 1901; x_wconf 85' lang='lat' dir='ltr'>por</span> <span class='ocrx_word' id='word_1_469' title='bbox 2048 1851 2285 1891; x_wconf 86' lang='lat' dir='ltr'>Sevecinum</span> <span class='ocrx_word' id='word_1_470' title='bbox 2308 1849 2422 1890; x_wconf 89' lang='lat' dir='ltr'>Anno</span> 
     </span>
     <span class='ocr_line' id='line_1_79' title="bbox 1474 1912 2419 1953; baseline -0.001 0"><span class='ocrx_word' id='word_1_471' title='bbox 1474 1912 1587 1953; x_wconf 79' lang='grc'>4476.</span> <span class='ocrx_word' id='word_1_472' title='bbox 1631 1912 1691 1951; x_wconf 84' lang='lat' dir='ltr'>Ad</span> <span class='ocrx_word' id='word_1_473' title='bbox 1729 1913 1834 1952; x_wconf 89' lang='lat' dir='ltr'>hunc</span> <span class='ocrx_word' id='word_1_474' title='bbox 1871 1913 2014 1952; x_wconf 87' lang='lat' dir='ltr'>librum</span> <span class='ocrx_word' id='word_1_475' title='bbox 2049 1916 2213 1952; x_wconf 89' lang='lat' dir='ltr'>annotat</span> <span class='ocrx_word' id='word_1_476' title='bbox 2248 1913 2419 1952; x_wconf 85' lang='lat' dir='ltr'>Felinus.</span> 
     </span>
     <span class='ocr_line' id='line_1_80' title="bbox 1472 1974 2422 2026; baseline 0.001 -12"><span class='ocrx_word' id='word_1_477' title='bbox 1472 1976 1574 2014; x_wconf 77' lang='lat' dir='ltr'>Nota</span> <span class='ocrx_word' id='word_1_478' title='bbox 1597 1974 1702 2026; x_wconf 84' lang='lat' dir='ltr'>quod</span> <span class='ocrx_word' id='word_1_479' title='bbox 1735 1974 1844 2026; x_wconf 84' lang='lat' dir='ltr'>apud</span> <span class='ocrx_word' id='word_1_480' title='bbox 1869 1974 2057 2014; x_wconf 61' lang='lat' dir='ltr'>Somnum</span> <span class='ocrx_word' id='word_1_481' title='bbox 2080 1978 2172 2014; x_wconf 81' lang='lat' dir='ltr'>sunt</span> <span class='ocrx_word' id='word_1_482' title='bbox 2205 1974 2422 2015; x_wconf 74' lang='lat' dir='ltr'>additiones</span> 
     </span>
     <span class='ocr_line' id='line_1_81' title="bbox 1472 2035 2422 2087; baseline 0 -13"><span class='ocrx_word' id='word_1_483' title='bbox 1472 2037 1570 2075; x_wconf 71' lang='lat' dir='ltr'>istae</span> <span class='ocrx_word' id='word_1_484' title='bbox 1595 2037 1642 2074; x_wconf 90' lang='lat' dir='ltr'><strong>D.</strong></span> <span class='ocrx_word' id='word_1_485' title='bbox 1670 2035 1872 2075; x_wconf 77' lang='lat' dir='ltr'>Cataldim·</span> <span class='ocrx_word' id='word_1_486' title='bbox 1899 2040 1937 2074; x_wconf 81' lang='lat' dir='ltr'>et</span> <span class='ocrx_word' id='word_1_487' title='bbox 1961 2040 2054 2075; x_wconf 79' lang='lat' dir='ltr'>sunt</span> <span class='ocrx_word' id='word_1_488' title='bbox 2077 2036 2181 2076; x_wconf 82' lang='grc'>4570</span> <span class='ocrx_word' id='word_1_489' title='bbox 2203 2035 2305 2075; x_wconf 80' lang='lat' dir='ltr'>unde</span> <span class='ocrx_word' id='word_1_490' title='bbox 2327 2039 2422 2087; x_wconf 81' lang='lat' dir='ltr'>puto</span> 
     </span>
     <span class='ocr_line' id='line_1_82' title="bbox 1472 2097 2421 2149; baseline -0.001 -13"><span class='ocrx_word' id='word_1_491' title='bbox 1472 2098 1542 2136; x_wconf 82' lang='lat' dir='ltr'>has</span> <span class='ocrx_word' id='word_1_492' title='bbox 1568 2097 1817 2149; x_wconf 78' lang='lat' dir='ltr'>imperfectas</span> <span class='ocrx_word' id='word_1_493' title='bbox 1832 2129 1842 2146; x_wconf 85' lang='lat'>,</span> <span class='ocrx_word' id='word_1_494' title='bbox 1867 2097 1960 2136; x_wconf 86' lang='lat' dir='ltr'>dum</span> <span class='ocrx_word' id='word_1_495' title='bbox 1982 2109 2056 2136; x_wconf 76' lang='lat' dir='ltr'>non</span> <span class='ocrx_word' id='word_1_496' title='bbox 2080 2101 2174 2136; x_wconf 80' lang='lat' dir='ltr'>sunt</span> <span class='ocrx_word' id='word_1_497' title='bbox 2199 2097 2240 2135; x_wconf 76' lang='lat' dir='ltr'>in</span> <span class='ocrx_word' id='word_1_498' title='bbox 2263 2097 2332 2136; x_wconf 80' lang='lat' dir='ltr'>hoo</span> <span class='ocrx_word' id='word_1_499' title='bbox 2354 2109 2421 2137; x_wconf 88' lang='lat' dir='ltr'>vo-</span> 
     </span>
     <span class='ocr_line' id='line_1_83' title="bbox 1472 2158 2017 2200; baseline 0 -3"><span class='ocrx_word' id='word_1_500' title='bbox 1472 2159 1616 2198; x_wconf 77' lang='lat' dir='ltr'>lumine</span> <span class='ocrx_word' id='word_1_501' title='bbox 1642 2158 1722 2197; x_wconf 72' lang='lat' dir='ltr'>nisi</span> <span class='ocrx_word' id='word_1_502' title='bbox 1743 2170 1906 2196; x_wconf 75' lang='lat' dir='ltr'>numero</span> <span class='ocrx_word' id='word_1_503' title='bbox 1924 2160 2017 2200; x_wconf 75' lang='lat'><strong>284.</strong></span> 
     </span>
    </p>

    <p class='ocr_par' dir='ltr' id='par_1_13' title="bbox 1469 2222 2421 2509">
     <span class='ocr_line' id='line_1_84' title="bbox 1523 2222 2421 2272; baseline 0.003 -13"><span class='ocrx_word' id='word_1_504' title='bbox 1523 2223 1647 2260; x_wconf 84' lang='lat' dir='ltr'>Huius</span> <span class='ocrx_word' id='word_1_505' title='bbox 1663 2222 1834 2259; x_wconf 86' lang='lat' dir='ltr'>auctoris</span> <span class='ocrx_word' id='word_1_506' title='bbox 1854 2225 2047 2260; x_wconf 90' lang='lat' dir='ltr'>tractatus</span> <span class='ocrx_word' id='word_1_507' title='bbox 2063 2222 2236 2272; x_wconf 89' lang='lat' dir='ltr'>scriptus</span> <span class='ocrx_word' id='word_1_508' title='bbox 2251 2222 2297 2262; x_wconf 92' lang='lat' dir='ltr'>ad</span> <span class='ocrx_word' id='word_1_509' title='bbox 2305 2224 2325 2260; x_wconf 92' lang='lat' dir='ltr'>J</span> <span class='ocrx_word' id='word_1_510' title='bbox 2329 2234 2421 2262; x_wconf 88' lang='lat' dir='ltr'>oan-</span> 
     </span>
     <span class='ocr_line' id='line_1_85' title="bbox 1470 2283 2421 2326; baseline 0.004 -5"><span class='ocrx_word' id='word_1_511' title='bbox 1470 2295 1560 2322; x_wconf 88' lang='lat' dir='ltr'>nem</span> <span class='ocrx_word' id='word_1_512' title='bbox 1582 2284 1712 2322; x_wconf 83' lang='lat' dir='ltr'>XXlll</span> <span class='ocrx_word' id='word_1_513' title='bbox 1732 2287 1868 2321; x_wconf 89' lang='lat' dir='ltr'>contra</span> <span class='ocrx_word' id='word_1_514' title='bbox 1892 2283 2101 2322; x_wconf 84' lang='lat' dir='ltr'>Pontifices</span> <span class='ocrx_word' id='word_1_515' title='bbox 2125 2285 2212 2323; x_wconf 88' lang='lat' dir='ltr'>eius</span> <span class='ocrx_word' id='word_1_516' title='bbox 2235 2285 2421 2326; x_wconf 84' lang='lat' dir='ltr'>adversa-</span> 
     </span>
     <span class='ocr_line' id='line_1_86' title="bbox 1469 2345 2415 2397; baseline 0.002 -13"><span class='ocrx_word' id='word_1_517' title='bbox 1469 2348 1546 2384; x_wconf 89' lang='lat' dir='ltr'>rios</span> <span class='ocrx_word' id='word_1_518' title='bbox 1570 2350 1610 2384; x_wconf 83' lang='lat' dir='ltr'>ct</span> <span class='ocrx_word' id='word_1_519' title='bbox 1636 2347 1707 2384; x_wconf 88' lang='lat' dir='ltr'>iuri</span> <span class='ocrx_word' id='word_1_520' title='bbox 1731 2347 1816 2384; x_wconf 87' lang='lat' dir='ltr'>cius</span> <span class='ocrx_word' id='word_1_521' title='bbox 1840 2345 2086 2384; x_wconf 84' lang='lat' dir='ltr'>defendendo</span> <span class='ocrx_word' id='word_1_522' title='bbox 2109 2346 2253 2397; x_wconf 79' lang='lat' dir='ltr'>prodiit</span> <span class='ocrx_word' id='word_1_523' title='bbox 2270 2358 2320 2386; x_wconf 82' lang='lat' dir='ltr'>ex</span> <span class='ocrx_word' id='word_1_524' title='bbox 2338 2349 2415 2388; x_wconf 88' lang='lat' dir='ltr'>MS.</span> 
     </span>
     <span class='ocr_line' id='line_1_87' title="bbox 1470 2407 2419 2459; baseline 0.002 -13"><span class='ocrx_word' id='word_1_525' title='bbox 1470 2408 1562 2447; x_wconf 90' lang='lat' dir='ltr'>Cod.</span> <span class='ocrx_word' id='word_1_526' title='bbox 1594 2409 1760 2447; x_wconf 77' lang='lat' dir='ltr'>Lucensi</span> <span class='ocrx_word' id='word_1_527' title='bbox 1787 2409 1825 2445; x_wconf 89' lang='lat' dir='ltr'>in</span> <span class='ocrx_word' id='word_1_528' title='bbox 1851 2418 1938 2446; x_wconf 83' lang='lat' dir='ltr'>mco</span> <span class='ocrx_word' id='word_1_529' title='bbox 1968 2407 2114 2448; x_wconf 89' lang='lat' dir='ltr'>Concil.</span> <span class='ocrx_word' id='word_1_530' title='bbox 2144 2409 2419 2459; x_wconf 86' lang='lat' dir='ltr'>supplemento</span> 
     </span>
     <span class='ocr_line' id='line_1_88' title="bbox 1469 2471 1793 2509; baseline 0.003 -2"><span class='ocrx_word' id='word_1_531' title='bbox 1469 2474 1562 2509; x_wconf 91' lang='lat' dir='ltr'>tom.</span> <span class='ocrx_word' id='word_1_532' title='bbox 1589 2471 1653 2508; x_wconf 89' lang='lat' dir='ltr'>Ill.</span> <span class='ocrx_word' id='word_1_533' title='bbox 1679 2471 1793 2509; x_wconf 85' lang='grc'>4493.</span> 
     </span>
    </p>

    <p class='ocr_par' dir='ltr' id='par_1_14' title="bbox 1458 2532 2417 3389">
     <span class='ocr_line' id='line_1_89' title="bbox 1523 2532 2417 2584; baseline 0.002 -13"><span class='ocrx_word' id='word_1_534' title='bbox 1523 2535 1560 2571; x_wconf 89' lang='lat' dir='ltr'>S.</span> <span class='ocrx_word' id='word_1_535' title='bbox 1586 2532 1848 2572; x_wconf 78' lang='lat' dir='ltr'><strong>CATALDUS</strong></span> <span class='ocrx_word' id='word_1_536' title='bbox 1871 2533 2091 2584; x_wconf 87' lang='lat' dir='ltr'>Episcopus</span> <span class='ocrx_word' id='word_1_537' title='bbox 2115 2533 2342 2584; x_wconf 85' lang='lat' dir='ltr'>secundus,</span> <span class='ocrx_word' id='word_1_538' title='bbox 2372 2538 2417 2573; x_wconf 89' lang='lat' dir='ltr'>ut</span> 
     </span>
     <span class='ocr_line' id='line_1_90' title="bbox 1466 2594 2412 2646; baseline 0.002 -12"><span class='ocrx_word' id='word_1_539' title='bbox 1466 2597 1597 2634; x_wconf 84' lang='lat' dir='ltr'>ferunt</span> <span class='ocrx_word' id='word_1_540' title='bbox 1625 2594 1881 2643; x_wconf 78' lang='lat' dir='ltr'>Tarentinus,</span> <span class='ocrx_word' id='word_1_541' title='bbox 1905 2594 2020 2645; x_wconf 89' lang='lat' dir='ltr'>cujus</span> <span class='ocrx_word' id='word_1_542' title='bbox 2049 2599 2184 2644; x_wconf 88' lang='lat' dir='ltr'>aetas,</span> <span class='ocrx_word' id='word_1_543' title='bbox 2215 2606 2334 2646; x_wconf 90' lang='lat' dir='ltr'>quam</span> <span class='ocrx_word' id='word_1_544' title='bbox 2363 2596 2412 2636; x_wconf 84' lang='lat' dir='ltr'>ad</span> 
     </span>
     <span class='ocr_line' id='line_1_91' title="bbox 1465 2657 2414 2708; baseline 0.001 -11"><span class='ocrx_word' id='word_1_545' title='bbox 1465 2658 1649 2697; x_wconf 77' lang='lat' dir='ltr'>Seculum</span> <span class='ocrx_word' id='word_1_546' title='bbox 1665 2657 1885 2696; x_wconf 87' lang='lat' dir='ltr'>secundum</span> <span class='ocrx_word' id='word_1_547' title='bbox 1902 2657 2092 2708; x_wconf 83' lang='lat' dir='ltr'>referunt,</span> <span class='ocrx_word' id='word_1_548' title='bbox 2107 2661 2147 2696; x_wconf 88' lang='lat' dir='ltr'>et</span> <span class='ocrx_word' id='word_1_549' title='bbox 2161 2660 2250 2697; x_wconf 87' lang='lat' dir='ltr'>acta</span> <span class='ocrx_word' id='word_1_550' title='bbox 2266 2658 2414 2698; x_wconf 87' lang='lat' dir='ltr'>ineerta</span> 
     </span>
     <span class='ocr_line' id='line_1_92' title="bbox 1463 2718 2413 2770; baseline -0.001 -11"><span class='ocrx_word' id='word_1_551' title='bbox 1463 2724 1706 2769; x_wconf 88' lang='lat' dir='ltr'>noscuntur,</span> <span class='ocrx_word' id='word_1_552' title='bbox 1731 2730 1958 2770; x_wconf 88' lang='lat' dir='ltr'>quanquam</span> <span class='ocrx_word' id='word_1_553' title='bbox 1983 2721 2172 2759; x_wconf 89' lang='lat' dir='ltr'>memoria</span> <span class='ocrx_word' id='word_1_554' title='bbox 2191 2718 2278 2770; x_wconf 89' lang='lat' dir='ltr'>ejus</span> <span class='ocrx_word' id='word_1_555' title='bbox 2302 2721 2413 2760; x_wconf 89' lang='lat' dir='ltr'>velut</span> 
     </span>
     <span class='ocr_line' id='line_1_93' title="bbox 1460 2782 2414 2833; baseline 0 -12"><span class='ocrx_word' id='word_1_556' title='bbox 1460 2783 1659 2822; x_wconf 88' lang='lat' dir='ltr'>miraculis</span> <span class='ocrx_word' id='word_1_557' title='bbox 1674 2783 1766 2821; x_wconf 88' lang='lat' dir='ltr'>clari</span> <span class='ocrx_word' id='word_1_558' title='bbox 1783 2782 1967 2820; x_wconf 84' lang='lat' dir='ltr'>recolitur</span> <span class='ocrx_word' id='word_1_559' title='bbox 1990 2782 2028 2820; x_wconf 91' lang='lat' dir='ltr'>in</span> <span class='ocrx_word' id='word_1_560' title='bbox 2051 2782 2324 2833; x_wconf 85' lang='lat' dir='ltr'>Martyrologio</span> <span class='ocrx_word' id='word_1_561' title='bbox 2341 2782 2414 2821; x_wconf 89' lang='lat' dir='ltr'>Ro—</span> 
     </span>
     <span class='ocr_line' id='line_1_94' title="bbox 1461 2843 2411 2895; baseline 0 -13"><span class='ocrx_word' id='word_1_562' title='bbox 1461 2856 1575 2883; x_wconf 90' lang='lat' dir='ltr'>mano</span> <span class='ocrx_word' id='word_1_563' title='bbox 1598 2845 1658 2884; x_wconf 90' lang='grc'>40.</span> <span class='ocrx_word' id='word_1_564' title='bbox 1689 2843 1789 2895; x_wconf 86' lang='lat' dir='ltr'>Maji.</span> <span class='ocrx_word' id='word_1_565' title='bbox 1820 2844 1916 2883; x_wconf 90' lang='lat' dir='ltr'>Vide</span> <span class='ocrx_word' id='word_1_566' title='bbox 1946 2845 2106 2883; x_wconf 87' lang='lat' dir='ltr'>Petrum</span> <span class='ocrx_word' id='word_1_567' title='bbox 2139 2843 2188 2882; x_wconf 83' lang='lat' dir='ltr'>de</span> <span class='ocrx_word' id='word_1_568' title='bbox 2209 2843 2411 2884; x_wconf 87' lang='lat' dir='ltr'>Natalibus</span> 
     </span>
     <span class='ocr_line' id='line_1_95' title="bbox 1461 2905 2410 2957; baseline 0.001 -14"><span class='ocrx_word' id='word_1_569' title='bbox 1461 2907 1522 2944; x_wconf 84' lang='lat' dir='ltr'>lib.</span> <span class='ocrx_word' id='word_1_570' title='bbox 1541 2907 1602 2945; x_wconf 90' lang='lat' dir='ltr'>IV.</span> <span class='ocrx_word' id='word_1_571' title='bbox 1620 2907 1792 2957; x_wconf 82' lang='lat' dir='ltr'>Catalogi</span> <span class='ocrx_word' id='word_1_572' title='bbox 1811 2907 2044 2946; x_wconf 88' lang='lat' dir='ltr'>Sanctorum</span> <span class='ocrx_word' id='word_1_573' title='bbox 2059 2917 2093 2944; x_wconf 88' lang='lat' dir='ltr'>c.</span> <span class='ocrx_word' id='word_1_574' title='bbox 2111 2906 2198 2945; x_wconf 68' lang='lat'><strong>443.</strong></span> <span class='ocrx_word' id='word_1_575' title='bbox 2213 2908 2254 2944; x_wconf 85' lang='lat' dir='ltr'>et</span> <span class='ocrx_word' id='word_1_576' title='bbox 2267 2905 2410 2956; x_wconf 81' lang='lat' dir='ltr'>Ughel-</span> 
     </span>
     <span class='ocr_line' id='line_1_96' title="bbox 1459 2967 2409 3019; baseline -0.001 -12"><span class='ocrx_word' id='word_1_577' title='bbox 1459 2970 1539 3008; x_wconf 90' lang='lat' dir='ltr'>lum</span> <span class='ocrx_word' id='word_1_578' title='bbox 1560 2973 1653 3007; x_wconf 87' lang='lat' dir='ltr'>tom.</span> <span class='ocrx_word' id='word_1_579' title='bbox 1674 2970 1726 3007; x_wconf 89' lang='lat' dir='ltr'>lX</span> <span class='ocrx_word' id='word_1_580' title='bbox 1748 2969 1879 3007; x_wconf 89' lang='lat' dir='ltr'>Italiae</span> <span class='ocrx_word' id='word_1_581' title='bbox 1900 2978 2034 3007; x_wconf 86' lang='lat' dir='ltr'>sacrae</span> <span class='ocrx_word' id='word_1_582' title='bbox 2053 2979 2090 3019; x_wconf 93' lang='lat' dir='ltr'><strong>p.</strong></span> <span class='ocrx_word' id='word_1_583' title='bbox 2109 2967 2196 3008; x_wconf 72' lang='lat'><strong>422.</strong></span> <span class='ocrx_word' id='word_1_584' title='bbox 2221 2977 2302 3016; x_wconf 90' lang='lat' dir='ltr'>seq.</span> <span class='ocrx_word' id='word_1_585' title='bbox 2328 2967 2409 3006; x_wconf 88' lang='lat' dir='ltr'>edi-</span> 
     </span>
     <span class='ocr_line' id='line_1_97' title="bbox 1460 3027 2409 3080; baseline -0.001 -11"><span class='ocrx_word' id='word_1_586' title='bbox 1460 3032 1576 3069; x_wconf 89' lang='lat' dir='ltr'>tionis</span> <span class='ocrx_word' id='word_1_587' title='bbox 1601 3042 1745 3079; x_wconf 89' lang='lat' dir='ltr'>novae,</span> <span class='ocrx_word' id='word_1_588' title='bbox 1767 3035 1807 3069; x_wconf 91' lang='lat' dir='ltr'>et</span> <span class='ocrx_word' id='word_1_589' title='bbox 1827 3030 1874 3069; x_wconf 91' lang='lat' dir='ltr'>de</span> <span class='ocrx_word' id='word_1_590' title='bbox 1900 3028 1999 3068; x_wconf 72' lang='lat' dir='ltr'>libro</span> <span class='ocrx_word' id='word_1_591' title='bbox 2016 3027 2317 3080; x_wconf 78' lang='lat' dir='ltr'>Prophetiarum</span> <span class='ocrx_word' id='word_1_592' title='bbox 2335 3029 2409 3068; x_wconf 88' lang='lat' dir='ltr'>Ca-</span> 
     </span>
     <span class='ocr_line' id='line_1_98' title="bbox 1460 3088 2400 3144; baseline -0.004 -12"><span class='ocrx_word' id='word_1_593' title='bbox 1460 3093 1553 3132; x_wconf 88' lang='lat' dir='ltr'>taldi</span> <span class='ocrx_word' id='word_1_594' title='bbox 1577 3105 1646 3144; x_wconf 89' lang='lat' dir='ltr'>per</span> <span class='ocrx_word' id='word_1_595' title='bbox 1666 3093 1923 3143; x_wconf 76' lang='lat' dir='ltr'>miraculum,</span> <span class='ocrx_word' id='word_1_596' title='bbox 1947 3096 1991 3131; x_wconf 92' lang='lat' dir='ltr'>ut</span> <span class='ocrx_word' id='word_1_597' title='bbox 2013 3090 2124 3141; x_wconf 86' lang='lat' dir='ltr'>ajunt</span> <span class='ocrx_word' id='word_1_598' title='bbox 2150 3088 2263 3128; x_wconf 89' lang='lat' dir='ltr'>Anno</span> <span class='ocrx_word' id='word_1_599' title='bbox 2287 3090 2400 3130; x_wconf 73' lang='lat'><strong>4492.</strong></span> 
     </span>
     <span class='ocr_line' id='line_1_99' title="bbox 1458 3150 2404 3206; baseline -0.003 -12"><span class='ocrx_word' id='word_1_600' title='bbox 1458 3156 1597 3195; x_wconf 79' lang='lat' dir='ltr'>effosso</span> <span class='ocrx_word' id='word_1_601' title='bbox 1614 3154 1714 3206; x_wconf 89' lang='lat' dir='ltr'>apud</span> <span class='ocrx_word' id='word_1_602' title='bbox 1736 3155 1968 3193; x_wconf 87' lang='lat' dir='ltr'>Tarentinos</span> <span class='ocrx_word' id='word_1_603' title='bbox 1983 3156 2022 3191; x_wconf 88' lang='lat' dir='ltr'>et</span> <span class='ocrx_word' id='word_1_604' title='bbox 2039 3151 2085 3190; x_wconf 91' lang='lat' dir='ltr'>ad</span> <span class='ocrx_word' id='word_1_605' title='bbox 2106 3150 2253 3200; x_wconf 83' lang='lat' dir='ltr'>Regem</span> <span class='ocrx_word' id='word_1_606' title='bbox 2269 3151 2404 3203; x_wconf 88' lang='lat' dir='ltr'>Hispa-</span> 
     </span>
     <span class='ocr_line' id='line_1_100' title="bbox 1462 3214 2407 3264; baseline -0.003 -8"><span class='ocrx_word' id='word_1_607' title='bbox 1462 3221 1548 3257; x_wconf 88' lang='lat' dir='ltr'>niae</span> <span class='ocrx_word' id='word_1_608' title='bbox 1571 3218 1863 3257; x_wconf 82' lang='lat' dir='ltr'>Ferdinandum</span> <span class='ocrx_word' id='word_1_609' title='bbox 1895 3215 2038 3264; x_wconf 85' lang='lat' dir='ltr'>allate,</span> <span class='ocrx_word' id='word_1_610' title='bbox 2068 3214 2258 3252; x_wconf 92' lang='lat' dir='ltr'>Bzovium</span> <span class='ocrx_word' id='word_1_611' title='bbox 2287 3214 2335 3253; x_wconf 87' lang='lat' dir='ltr'>ad</span> <span class='ocrx_word' id='word_1_612' title='bbox 2363 3215 2407 3253; x_wconf 92' lang='lat' dir='ltr'>il-</span> 
     </span>
     <span class='ocr_line' id='line_1_101' title="bbox 1463 3270 2406 3326; baseline -0.005 -7"><span class='ocrx_word' id='word_1_613' title='bbox 1463 3281 1543 3319; x_wconf 88' lang='lat' dir='ltr'>lum</span> <span class='ocrx_word' id='word_1_614' title='bbox 1569 3279 1727 3319; x_wconf 84' lang='lat' dir='ltr'>Annum</span> <span class='ocrx_word' id='word_1_615' title='bbox 1747 3309 1757 3326; x_wconf 87' lang='lat'><strong><em>‚</em></strong></span> <span class='ocrx_word' id='word_1_616' title='bbox 1789 3289 1895 3316; x_wconf 91' lang='lat' dir='ltr'>num.</span> <span class='ocrx_word' id='word_1_617' title='bbox 1912 3270 1984 3315; x_wconf 55' lang='lat'><strong>234.</strong></span> <span class='ocrx_word' id='word_1_618' title='bbox 2008 3287 2090 3326; x_wconf 85' lang='lat' dir='ltr'>seq.</span> <span class='ocrx_word' id='word_1_619' title='bbox 2121 3279 2161 3313; x_wconf 85' lang='lat' dir='ltr'>ct</span> <span class='ocrx_word' id='word_1_620' title='bbox 2183 3273 2280 3314; x_wconf 83' lang='lat' dir='ltr'>Acta</span> <span class='ocrx_word' id='word_1_621' title='bbox 2309 3276 2406 3315; x_wconf 92' lang='lat' dir='ltr'>San-</span> 
     </span>
     <span class='ocr_line' id='line_1_102' title="bbox 1463 3337 2404 3389; baseline -0.003 -8"><span class='ocrx_word' id='word_1_622' title='bbox 1463 3348 1614 3381; x_wconf 86' lang='lat' dir='ltr'>ctorum</span> <span class='ocrx_word' id='word_1_623' title='bbox 1639 3346 1743 3379; x_wconf 90' lang='lat' dir='ltr'>tomo</span> <span class='ocrx_word' id='word_1_624' title='bbox 1764 3341 1795 3378; x_wconf 87' lang='lat'>11</span> <span class='ocrx_word' id='word_1_625' title='bbox 1819 3338 1902 3388; x_wconf 84' lang='lat' dir='ltr'>Maji</span> <span class='ocrx_word' id='word_1_626' title='bbox 1925 3350 2008 3389; x_wconf 79' lang='lat' dir='ltr'>pag.</span> <span class='ocrx_word' id='word_1_627' title='bbox 2032 3339 2118 3378; x_wconf 77' lang='lat'><strong>576.</strong></span> <span class='ocrx_word' id='word_1_628' title='bbox 2145 3337 2221 3377; x_wconf 85' lang='lat' dir='ltr'>Sed</span> <span class='ocrx_word' id='word_1_629' title='bbox 2245 3350 2322 3389; x_wconf 89' lang='lat' dir='ltr'>quo</span> <span class='ocrx_word' id='word_1_630' title='bbox 2344 3350 2404 3378; x_wconf 84' lang='lat' dir='ltr'>re-</span> 
     </span>
    </p>
   </div>
  </div>
 </body>
</html>
