2500 3841
898 223 1297 265 ARNALDUS

101 297 276 340 Arnaldo
299 297 352 336 da
369 293 534 334 Brescia
553 297 660 346 typis
689 294 829 346 prodiit
854 295 904 344 (F
911 296 1052 343 irenzc)

104 361 204 402 1813
224 389 232 408 ,
257 360 303 408 8,
327 360 366 396 in
390 370 468 408 qua
490 369 551 408 op.
587 354 775 407 Apoloyia
815 355 858 394 di
880 355 1055 395 Arnaldo

100 423 162 472 (di
180 422 262 461 Gio.
289 422 330 459 B.
356 419 627 471 Guadagnini)
649 418 776 457 Pavia
797 418 896 458 1790
919 430 954 457 υ.
976 419 999 457 2
1017 418 1055 456 z'tz

98 486 136 524 8.
167 496 244 523 non
268 494 408 535 parum
441 482 583 521 author
606 482 646 519 in
683 482 785 519 notis
821 482 1054 532 praesertim

96 557 213 586 usum
238 557 326 585 esse
352 544 571 596 profitetur.

149 607 416 648 ARNALDUS
454 604 697 655 Catalanus,
728 605 852 654 infra,
891 604 1055 644 Villano-

96 681 238 710 vanus.

145 730 412 772 ARNALDUS
435 729 732 770 Franciscanus
750 731 924 781 Scriptor
942 730 1053 768 Vitae

93 796 132 835 S.
149 793 379 834 ANGELAE
393 794 622 845 Fulginatis,
637 792 685 831 de
694 804 772 844 qua
788 803 906 843 supra
917 805 951 843 p.
983 793 1044 831 93.

147 855 414 897 ARNALDUS
433 855 482 894 de
506 856 593 894 vico
622 855 771 893 Limina
807 866 884 893 non
916 853 1051 905 procul

92 917 283 967 Patauio,
307 918 374 958 ubi
396 916 529 957 Abbas
562 919 600 957 S.
630 918 810 957 Ju'stinae
833 918 872 955 in
895 927 1051 955 carcere

90 988 205 1028 Anno
226 990 328 1029 1254
343 989 461 1038 obiit,
481 987 598 1040 cujus
616 988 688 1027 hoc
703 987 956 1039 Epitaphium
972 986 1053 1025 edi—

91 1050 148 1089 dit
170 1051 417 1090 Mabillonius
436 1063 522 1102 pag.
544 1051 595 1090 28
618 1051 770 1089 itineris
793 1049 940 1088 Italici:

147 1131 208 1162 Hic
224 1129 358 1161 aderam
378 1132 516 1168 Pastor,
533 1137 586 1161 me
608 1127 752 1169 perfidus
771 1127 824 1158 ille
846 1131 1006 1166 tyrannus

146 1181 236 1211 Misit
252 1181 425 1220 captivum
441 1179 538 1211 fallax
552 1178 708 1211 Ecelinus
721 1177 855 1225 'asylum

145 1231 187 1260 Et
199 1229 318 1270 longus
335 1237 450 1262 carcer
463 1230 534 1261 vita
547 1227 705 1269 spoliavit
723 1226 858 1258 ibidem.

141 1305 360 1346 ARNALDI
380 1306 613 1345 Cescomitis
626 1334 636 1351 ‚
656 1303 963 1343 Tarraconensis
978 1302 1051 1342 Ar-

89 1368 352 1420 chiepiscopi,
376 1366 554 1419 Epistola
576 1366 690 1405 Anno
719 1365 821 1406 1337
843 1365 891 1404 ad
926 1368 1050 1405 Bene-

88 1430 238 1469 dictum
258 1431 332 1468 XII
356 1431 499 1480 Papam
517 1459 526 1475 ,
545 1433 586 1468 et
607 1429 704 1468 aliae
739 1428 841 1467 duae
863 1428 912 1467 ad
930 1430 1047 1468 Joan-

88 1503 179 1530 nem
203 1491 251 1530 de
280 1492 505 1540 Convenis,
528 1492 768 1542 Episcopum
797 1491 1047 1530 Cardinalem

85 1554 340 1592 Portuensem
356 1553 524 1604 scriptae
540 1553 645 1605 apud
660 1553 865 1592 Baluzium
888 1557 982 1591 tom.
1000 1554 1046 1592 ΙΙ.

86 1615 299 1655 Miscellan.
319 1626 406 1667 pag.
432 1615 522 1655 267.
546 1616 704 1654 Parisiis
728 1615 829 1655 1679
850 1616 920 1654 82⁷⁰

137 1675 356 1716 ARNALDI
393 1676 440 1716 de
486 1676 656 1716 Verdala
704 1677 829 1727 Galli,
866 1678 1049 1729 Episcopi

84 1739 134 1778 ab
152 1738 266 1778 Anno
284 1740 384 1779 1339
401 1739 450 1778 ad
467 1740 561 1780 1351
573 1770 581 1778 .
592 1741 890 1791 Magalonensis,
905 1740 1049 1780 seriem

84 1799 374 1852 Episcoporum
395 1801 733 1852 Mayalonensz‘um
756 1814 777 1840 a
810 1803 973 1841 Rievino
1001 1801 1045 1840 A.

84 1861 160 1901 770
182 1873 277 1913 usq3
297 1862 347 1901 ad
370 1863 589 1902 Galterium
609 1863 654 1902 A.
679 1864 780 1903 1133
803 1863 925 1902 edidit
949 1865 1047 1903 Lab-

83 1924 183 1964 beus
211 1929 305 1963 tom.
326 1926 354 1964 Ι.
388 1925 652 1964 Bibliothecae
680 1937 806 1965 novae
829 1927 936 1966 MSS.
957 1939 1044 1980 pag.

83 1986 281 2026 793-802,
302 1987 424 2026 Paris.
448 1986 550 2027 1657
571 1988 634 2026 fol.

135 2048 400 2088 ARNALDUS
421 2048 469 2087 de
494 2049 565 2089 Via
581 2079 589 2098 ,
607 2049 872 2090 Cadurcensis
886 2052 1047 2090 Dioece-

83 2111 162 2160 sis,
185 2111 348 2150 Joannis
369 2112 482 2150 XXII
511 2112 637 2164 Papae
659 2124 804 2164 nepos,
829 2114 1046 2154 Cardinalis

85 2172 190 2212 diem
214 2173 308 2212 obiit
331 2172 405 2212 An.
431 2175 546 2213 1338.

136 2234 403 2275 ARNALDUS
443 2236 745 2288 Villanovanus,
790 2250 910 2289 quem
947 2239 1047 2278 Galli

84 2297 156 2336 sibi
178 2297 404 2348 vindicant,
420 2303 461 2338 et
475 2301 635 2351 Hispani
650 2302 780 2340 civem
799 2300 1048 2340 contendunt

81 2370 213 2410 suum,
227 2364 336 2399 certe
350 2362 567 2401 Barcinone
582 2363 817 2402 medicinam
836 2363 927 2402 fecit
942 2365 1046 2402 circa

81 2420 244 2460 Annum
270 2422 384 2461 1480.
409 2427 530 2474 atque
561 2424 652 2464 inde
682 2424 872 2465 catalani
904 2436 1047 2476 cogno-

86 2486 266 2522 mentum
282 2484 389 2535 tulit,
405 2487 501 2524 artis
513 2486 684 2526 Medicae
699 2498 744 2526 ac
759 2487 1044 2537 Philosophiae,

85 2544 205 2582 etiam
221 2545 396 2584 Poetices
411 2547 528 2586 laude
546 2549 711 2599 insignis
728 2579 736 2599 ,
754 2549 945 2599 imperitis
959 2560 1046 2599 pro-

85 2609 176 2656 pter
197 2605 383 2645 Chemiae
405 2609 586 2658 peritiam
609 2610 728 2648 etiam
757 2614 969 2660 suspectus
996 2609 1044 2648 de

81 2668 222 2719 Magia,
243 2672 284 2706 et
307 2669 398 2718 quia
422 2669 587 2709 fratrum
625 2671 934 2710 mendicantium
962 2671 1044 2710 alii-

80 2740 178 2780 sque
201 2729 392 2770 abusibus
415 2735 456 2770 et
479 2732 828 2782 superstitionibus
851 2733 1040 2771 infestum

83 2804 126 2831 se
148 2791 333 2844 gerebat,
353 2794 472 2831 etiam
496 2793 586 2843 plus
609 2804 728 2842 quam
759 2799 970 2845 suspectus
990 2794 1040 2833 de

79 2854 244 2899 haeresi.
259 2853 344 2900 Quo
360 2853 409 2893 de
423 2856 508 2892 viro
522 2853 686 2904 ejusque
704 2855 793 2893 fatis
808 2859 847 2893 et
867 2857 1038 2906 scriptis,

80 2928 181 2967 quae
204 2917 407 2967 complura
416 2921 577 2956 exstant
592 2946 600 2966 ,
618 2917 932 2955 sufficitunicum
948 2929 1039 2955 con-

80 2978 210 3017 sulere
233 2979 432 3018 Nicolaum
456 2978 672 3018 Antonium
707 2978 769 3017 lib.
797 2979 863 3016 lx.
904 2979 1044 3017 Biblio—

80 3039 218 3078 thecae
232 3041 382 3080 veteris
400 3042 594 3092 Hispanae
616 3052 699 3092 cap.
720 3042 733 3080 1
761 3045 853 3078 tom.
880 3041 933 3090 11,
950 3053 1033 3092 pag.

81 3101 130 3141 74
155 3113 236 3153 seq.
265 3103 322 3141 De
344 3103 542 3143 erroribus
565 3105 599 3142 ei
637 3104 840 3154 imputatis
874 3102 980 3147 vide,
1001 3106 1033 3142 si

81 3164 223 3215 placet,
242 3165 419 3205 Natalem
438 3165 549 3205 Alex.
565 3171 659 3205 tom.
676 3166 756 3206 Vll.
772 3166 868 3204 llist.
881 3167 1030 3205 Eccles.

79 3237 165 3277 pag.
188 3226 263 3266 102
286 3238 368 3278 seq.
392 3228 485 3267 edit.
509 3230 548 3267 in
573 3229 635 3268 fol.

133 3288 265 3328 ARNO
280 3291 461 3330 Decanus
475 3295 516 3330 et
531 3292 637 3330 Prior
656 3290 841 3331 Abbatiae
857 3290 1036 3330 Reicher-

79 3350 301 3402 sperqensc's
339 3353 378 3391 in
413 3354 602 3403 Bavaria,
646 3354 748 3394 diem
791 3354 884 3393 obiit
926 3353 1039 3394 Anno

2018 229 2093 267 129

1129 297 1243 336 1175.
1269 298 1288 320 *⁶
1311 297 1410 347 Ejus
1433 302 1588 336 scutum
1613 299 1902 338 Canonicornm
1922 300 2089 351 Requla-

1126 358 1234 397 rium
1254 360 1511 410 vulgatuma
1536 362 1579 400 V.
1601 362 1642 400 C.
1673 361 1908 412 Raymundo
1936 363 2088 401 Duellio

1128 421 1224 459 libro
1239 423 1364 472 primo
1385 423 1723 462 Miscellaneorum
1742 454 1749 472 ⁷
1770 423 1973 475 Augustae
1996 424 2089 463 Vin-

1127 482 1201 520 del.
1240 482 1340 522 1723
1359 515 1367 530 ,
1393 485 1413 522 4
1444 496 1529 534 pag.
1556 486 1578 521 3
1595 508 1620 513 -
1637 486 1698 524 55.
1723 485 1832 524 Idem
1863 484 1970 523 Arno
1993 497 2085 525 cum

1129 545 1246 583 fratrc
1270 556 1341 584 suo
1356 545 1537 584 Gerhoho
1555 548 1640 594 ,cui
1664 546 1893 586 Αηῐιο1169
1916 549 1955 585 in
1974 549 2088 587 Prae-

1127 606 1254 645 latura
1287 608 1506 655 successit,
1545 609 1703 658 scripsit
1740 608 1851 659 Opus
1890 609 2086 660 prolixum

1127 667 1173 706 (le
1194 667 1452 707 Eucharistia
1478 671 1727 720 oppositum,
1751 669 1935 708 Folmaro
1973 672 2088 709 Prae-

1126 732 1252 781 posito
1289 730 1686 779 Triesfensteinensi,
1711 732 1796 769 sive
1830 734 1967 771 Petrae
2004 733 2088 770 stil-

1127 792 1244 830 lantis
1278 794 1314 829 in
1353 793 1592 840 Franeonia,
1614 793 1713 830 infra
1749 794 2011 844 Herbipolim,
2036 795 2083 834 de

1125 853 1240 903 eujus
1255 855 1453 892 sententia
1467 858 1508 892 et
1530 855 1699 893 caeteris
1721 855 1959 894 adversariis
1975 857 2084 907 infra,

1125 915 1398 954 FOLMARUS.
1888 949 1891 951 .

1178 977 1452 1025 ARNOBIUS,
1474 991 1523 1017 ex
1542 979 1711 1019 Rhetore
1741 980 1910 1019 Ethnico
1952 981 2083 1019 Siccae

1126 1041 1166 1077 in
1200 1038 1331 1079 Africa
1371 1041 1622 1080 Christianus
1644 1072 1652 1090 ,
1689 1044 1867 1094 egregios
1903 1053 1971 1093 pro
2010 1041 2084 1080 fide

1125 1101 1351 1142 Christiana
1366 1102 1488 1142 libros
1511 1104 1586 1143 VII
1596 1104 1790 1155 adqentes
1806 1105 1964 1155 scripsit
1983 1105 2086 1142 circa

1125 1163 1198 1202 An.
1216 1165 1257 1204 C.
1277 1165 1363 1204 310.
1381 1164 1562 1216 cumjam
1583 1168 1754 1206 saeviret
1765 1163 2084 1217 persecutiojam

1127 1238 1204 1264 non
1235 1228 1272 1264 in
1309 1228 1454 1267 milites
1496 1230 1650 1277 solum,
1675 1229 1745 1268 sed
1770 1230 1808 1266 in
1840 1228 2084 1268 Christianos

1125 1291 1255 1328 omnis
1276 1289 1446 1328 Ordinis.
1462 1291 1559 1330 Vide
1580 1292 1611 1330 si
1636 1292 1765 1342 placet
1783 1292 1944 1341 Pagium
1968 1289 2017 1328 ad
2036 1288 2082 1328 A.

1124 1352 1201 1390 302
1223 1364 1261 1390 n.
1281 1353 1329 1391 15
1346 1364 1428 1402 seq.
1448 1354 1531 1392 Non
1550 1357 1642 1392 ante
1662 1353 1706 1391 A.
1727 1354 1803 1392 326
1821 1352 1926 1391 diem
1942 1351 2084 1390 obiisse

1121 1415 1264 1453 eruditi
1288 1416 1478 1453 sentiunt.
1501 1416 1704 1454 Librorum
1726 1415 1972 1466 singulorum
1991 1423 2085 1451 anae

1121 1476 1242 1527 lysin,
1263 1477 1408 1527 quibus
1431 1477 1628 1516 adversus
1650 1477 1798 1515 alienos
1820 1477 1868 1515 ab
1897 1475 2085 1516 Christia-

1122 1550 1265 1578 norum
1301 1539 1378 1578 fide
1413 1539 1591 1578 scribens
1614 1540 1683 1576 vix
1706 1538 1802 1577 dum
1827 1538 2087 1577 Catechume-

1124 1613 1200 1641 nus
1222 1602 1243 1625 ³⁸*
1266 1602 1439 1641 abstinet
1463 1602 1586 1640 ferme
1616 1612 1819 1639 sacrorum
1843 1601 2079 1650 scriptorum

1123 1665 1378 1710 testimoniis,
1403 1663 1547 1703 dedere
1568 1663 1767 1702 Abraham
1797 1662 2000 1701 Scultetus
2022 1664 2080 1698 to-

1124 1737 1189 1764 mo
1212 1727 1228 1764 Ι
1253 1726 1447 1765 medullae
1465 1727 1626 1765 Patrum
1646 1737 1732 1776 pag.
1757 1723 1833 1764 372
1857 1735 1939 1774 seq.
1964 1727 2004 1761 et
2019 1723 2082 1761 Ni-

1122 1788 1256 1826 colaus
1290 1789 1499 1827 Nourritus
1522 1792 1627 1826 tomo
1651 1788 1684 1825 II
1706 1790 1918 1838 apparatus
1941 1784 2080 1824 Biblio—

1120 1849 1258 1888 thecae
1289 1851 1469 1894 Patrum‚
1496 1854 1536 1888 et
1559 1861 1607 1887 ex
1633 1860 1678 1887 eo
1700 1849 1907 1887 Memoriae
1930 1848 2080 1885 littera-

1114 1913 1192 1950 riae
1216 1912 1465 1950 Trevoltinae
1488 1910 1562 1949 An.
1586 1910 1687 1950 1716
1710 1921 1796 1961 pag.
1818 1909 1896 1948 812
1919 1920 2001 1958 seq.
2020 1909 2077 1946 Dc

1117 1972 1355 2012 editionibus
1379 1972 1540 2012 Arnobii
1566 1984 1643 2011 non
1665 1976 1854 2023 repetam,
1879 1981 1980 2020 quae
1996 1969 2076 2007 dixi

1114 2036 1154 2073 in
1181 2035 1278 2073 BibL
1315 2036 1397 2074 Lat.
1423 2036 1473 2074 IV
1497 2036 1519 2073 3
1544 2047 1629 2086 pag.
1660 2034 1736 2073 289
1774 2045 1856 2083 seq.
1896 2031 2077 2070 editionis

1119 2098 1294 2136 Venetae
1315 2099 1478 2136 tomoII.
1494 2102 1535 2136 et
1554 2097 1602 2136 ad
1627 2098 1666 2136 S.
1682 2095 1911 2145 Hieronymi
1926 2093 2077 2133 Cat-alo-

1119 2170 1214 2210 gum
1237 2170 1321 2210 cap.
1347 2158 1397 2197 79
1422 2163 1462 2198 et
1481 2159 1577 2198 libro
1592 2158 1640 2198 de
1655 2160 1830 2198 Veritate
1851 2157 1972 2207 Relig.
1990 2167 2075 2205 pag.

1120 2222 1198 2261 225
1223 2233 1282 2273 sq.
1307 2223 1479 2261 Tantum
1495 2221 1613 2272 juvat
1635 2220 1794 2269 addere,
1812 2221 1851 2257 in
1867 2217 2078 2257 Bibliothe-

1120 2295 1167 2323 ca
1188 2284 1232 2323 V.
1249 2284 1293 2323 C.
1320 2284 1509 2335 Stephani
1530 2284 1677 2323 Baluzii
1713 2283 1836 2321 fuisse
1864 2280 2076 2320 editionem

1119 2346 1288 2396 primam
1316 2348 1535 2386 Romanam
1557 2347 1692 2385 Fausti
1714 2345 1850 2384 Sabaei
1882 2343 1983 2383 1512
2014 2342 2074 2381 fol.

1118 2408 1371 2447 emendatam
1385 2413 1425 2447 et
1441 2409 1678 2448 illustratam
1696 2419 1815 2446 manu
1829 2404 1986 2445 Ne‘colaz'
1997 2404 2031 2441 F
2032 2416 2075 2441 α-

1121 2467 1202 2508 bri:
1224 2469 1376 2509 Eadem
1400 2482 1492 2509 eum
1521 2471 1642 2509 variis
1668 2470 1770 2507 notis
1802 2467 2072 2512 eruditorum,

1118 2531 1167 2570 ad
1193 2533 1389 2582 margines
1414 2533 1499 2571 libri
1523 2532 1732 2583 adpositis,
1757 2529 1893 2568 incidit
1922 2530 1960 2565 in
1992 2539 2073 2566 ma-

1118 2604 1194 2631 nus
1217 2593 1359 2631 eruditi
1381 2595 1504 2631 nostri
1518 2592 1656 2643 Μαφιί
1674 2590 1825 2639 Crust‘i',
1840 2590 1883 2612 *ᾖ
1899 2590 2071 2627 Pastoris

1117 2654 1231 2692 hodie
1272 2655 1634 2705 Rendsburgensis,
1669 2655 1736 2704 qui
1774 2651 1991 2691 Arnobium
2020 2662 2069 2689 ex

1116 2717 1257 2756 Codice.
1274 2718 1389 2755 unico
1404 2718 1500 2755 Bibl.
1517 2717 1658 2766 Regiae
1678 2716 1796 2754 Paris.
1815 2712 2070 2752 emendatum

1115 2789 1216 2816 novo
1240 2778 1370 2817 studio
1392 2778 1590 2816 edendum
1617 2778 1655 2814 in
1679 2788 1722 2814 sc
1743 2775 1934 2824 suscepit,
1955 2775 2069 2824 eique

1115 2839 1281 2877 ineditas
1305 2844 1419 2878 notas
1447 2838 1609 2877 Antonii
1630 2835 1908 2888 Carpentaric‘,
1932 2835 2067 2874 Medici

1113 2902 1230 2939 Paris.
1247 2905 1288 2940 et
1303 2903 1335 2940 F
1336 2901 1512 2940 rancisct'
1529 2900 1676 2949 Guieti,
1695 2899 1880 2951 Patrique
1894 2896 2069 2936 Danielis

1111 2962 1248 3002 Huett'c‘
1267 2968 1307 3001 et
1330 2975 1424 3002 suas
1447 2968 1509 3001 est
1532 2962 1805 3012 adjuncturus.
1845 2962 1954 3000 Idem
1984 2965 2068 2999 stu-

1109 3025 1218 3064 dium
1241 3025 1356 3064 audio
1379 3036 1467 3063 esso
1496 3025 1740 3063 celeberrimi
1763 3029 1882 3075 atque.
1913 3023 2062 3061 meritis

1161 3166 1176 3180 *
1199 3167 1388 3198 Chronicon
1406 3167 1724 3206 Reicliersbefgcnsc
1743 3175 1818 3207 pag.
1832 3166 1907 3198 ²248.

1101 3217 1221 3249 lluud'ii
1238 3216 1425 3256 Metropolis
1441 3217 1619 3256 salisburg.
1639 3221 1718 3248 tom.
1739 3219 1782 3246 ΙΙΙ
1797 3240 1806 3253 ,
1825 3215 1987 3256 pag.168.

1163 3267 1175 3279 ·
1200 3265 1386 3297 'sillemont.
1408 3268 1542 3298 Memor.
1567 3266 1647 3298 uisi.
1678 3267 1803 3298 Eccles.
1828 3272 1852 3297 ι.
1873 3268 1919 3303 V,
1944 3274 1975 3304 p.
2007 3263 2067 3295 574

1107 3316 1187 3349 edit.
1206 3317 1309 3347 Paris.

1153 3368 1182 3380 ⁰
1210 3366 1280 3398 Vid.
1300 3365 1378 3398 diss.
1404 3368 1472 3406 ejus
1493 3365 1711 3405 Epistolieam
1730 3375 1762 3405 p.
1781 3366 1821 3397 028
1847 3373 1913 3405 seq.

1678 3436 1716 3473 17
