2500 3841
982 213 1260 255 DAiilUs

179 282 327 318 Omitto
347 278 549 318 DANTEM
571 279 806 329 Popolesclzi,
831 285 896 332 qui
920 285 940 322 J
947 285 1068 324 ulium

125 344 333 382 Caesarem
352 340 427 379 An.
454 341 557 380 4548
581 340 713 392 lingua
736 344 928 384 Hetrusca
947 346 1075 386 reddi-

124 404 182 443 dit
199 433 209 452 ,
237 404 413 454 aliosque
446 404 596 442 Dantes
615 402 820 456 juniores,
850 407 899 447 de
931 410 1074 459 quibus

123 473 307 514 laudatus
340 474 469 513 Julius
502 474 619 525 Niger
642 475 681 512 in
719 475 882 517 historia
910 481 1074 530 scripto-

122 547 211 575 rum
229 536 559 576 Florentinorum.
573 537 629 575 De
652 537 739 576 aliis
762 540 881 579 etiam
903 541 1073 580 Ludovi-

119 609 193 637 cus
226 598 439 638 Jacobillus
462 599 500 636 in
521 600 762 640 Bibliotheca
788 603 970 642 Umbriae
989 635 995 654 ,
1016 609 1075 643 at-

117 671 196 710 que
220 661 362 699 Petrus
383 661 544 700 Baelius
565 662 604 700 in
624 663 779 702 chico.

171 722 193 745 ³*
220 721 429 762 Dardanus
465 727 506 762 et
542 725 771 765 Pannonius
789 740 796 765 :
841 728 946 778 quod
989 740 1074 767 am-

116 784 188 823 bos
201 783 320 824 hosce
344 787 569 837 scriptores,
596 792 640 826 ut
659 790 856 838 existimo,
874 791 1072 830 Ecclesia-

116 847 238 886 sticos
259 847 325 887 hic
347 847 539 899 dederim,
557 850 649 888 feeit
667 851 873 890 silentium
891 855 1069 892 omnium

115 908 302 948 historiae
331 910 522 950 litterarie
551 913 804 962 scriptorum.
835 914 936 953 Cum
973 925 1069 952 vero

116 975 284 1023 uterque
313 971 411 1011 mihi
441 974 659 1012 innotuerit
686 985 737 1013 ex
766 974 851 1013 cod.
881 974 971 1014 7148.
998 977 1070 1014 La-

113 1035 196 1073 tino
219 1035 402 1074 Biblioth.
426 1035 598 1074 Athenei
622 1037 908 1085 Taurinensis,
929 1038 968 1075 in
991 1048 1069 1088 quo

113 1096 326 1136 adnotatur
363 1099 554 1148 anonymi
586 1099 790 1150 scriptoris
831 1099 1067 1150 opusculum

111 1159 323 1197 continens
341 1158 536 1209 judicium
558 1162 797 1212 scriptorum
819 1160 1068 1212 quorundam

113 1219 417 1259 ecclesiasticor.
441 1226 563 1272 atque
584 1223 688 1261 inter
711 1228 891 1262 coeteros
913 1221 1073 1261 Darda-

111 1281 170 1321 nii
191 1286 232 1321 et
254 1282 473 1333 Fannonii,
497 1295 572 1322 nec
593 1284 642 1323 ibi
667 1285 827 1336 legetim
851 1285 947 1336 quid
984 1291 1071 1324 tan-

110 1344 202 1384 dem
225 1344 275 1384 de
299 1350 471 1396 utroque
494 1346 571 1385 isto
583 1345 824 1397 judicaverit
844 1359 1070 1398 anonymus

113 1408 289 1457 criticus,
314 1409 449 1459 rogavi
474 1420 545 1459 per
569 1409 706 1448 literas
729 1411 903 1449 amicum
929 1411 968 1448 in
992 1411 1072 1462 pri-

112 1471 188 1510 mis
207 1471 458 1510 carissimum
475 1476 516 1510 et
529 1471 848 1511 eruditissimum
869 1472 966 1511 Abb.
987 1475 1067 1512 Jos.

110 1534 314 1572 Pasinium
338 1532 576 1585 supremum
600 1535 782 1574 Biblioth.
819 1535 924 1574 illius
957 1547 1069 1587 prae-

108 1596 256 1635 fectum
280 1599 326 1635 ut
351 1595 467 1635 verba
490 1598 694 1648 scriptoris
717 1597 838 1637 huius
860 1610 911 1637 ex
932 1598 1067 1638 codice

108 1657 204 1696 mihi
235 1657 490 1698 describeret.
514 1660 575 1698 En
628 1671 724 1698 vero
762 1661 828 1699 illa
867 1661 915 1700 ab
938 1662 1065 1700 amico

107 1720 231 1760 missa
245 1719 308 1759 fol.
325 1721 362 1760 3.
377 1720 597 1760 Dardanus
612 1733 767 1774 quoque
786 1722 935 1762 multas
949 1735 1064 1775 quae.

107 1780 253 1822 stiones
268 1782 472 1835 arripiens
481 1784 714 1834 penmentis
729 1785 982 1835 astutionem,
993 1798 1067 1825 nu-

107 1854 268 1895 cemque
283 1844 394 1883 circa
411 1844 595 1884 nucleum
609 1858 686 1884 non
699 1845 950 1899 confringens
965 1848 1065 1887 mul-

107 1910 147 1944 ta
167 1905 431 1959 impossibilia
441 1906 488 1946 de
504 1908 719 1960 scripturis
743 1920 834 1947 cum
846 1908 995 1961 fiducia
1011 1909 1065 1949 lo-

108 1967 264 2020 quitur.

160 2031 238 2069 Fol.
262 2042 392 2070 verso.
409 2031 639 2071 Fannonius
653 2043 679 2070 α
699 2032 833 2072 multis
854 2033 1064 2086 culpabilis

106 2093 212 2132 dura
237 2093 449 2143 sententia,
465 2092 702 2146 fortiterque
716 2094 907 2135 universa
929 2096 1066 2149 diffici-

108 2154 163 2195 lia
191 2154 374 2206 inyerere
402 2159 566 2195 conatus
599 2160 682 2207 est,
708 2161 746 2196 et
771 2158 893 2210 quasi
926 2162 1064 2198 contra

105 2216 234 2257 undas
253 2217 382 2257 maris
395 2218 588 2271 naviqare
602 2232 679 2259 non
691 2223 831 2272 potest,
842 2220 906 2260 vel
920 2225 1061 2260 contra

106 2279 294 2332 impetum
307 2282 492 2321 torrentis
507 2282 635 2321 validi
647 2287 786 2322 notare
798 2296 873 2322 non
885 2284 1000 2324 valet:
1008 2285 1065 2323 ita

107 2346 250 2382 cuncta
265 2355 368 2396 quae
383 2345 544 2397 scripsit
566 2349 706 2384 contra
726 2346 955 2398 scripturas
971 2359 1064 2387 san—

107 2409 205 2454 ctas,
225 2404 388 2445 obstare
409 2418 487 2445 non
503 2411 700 2458 poterant.
725 2408 816 2447 Ideo
840 2409 962 2460 quasi
977 2422 1064 2448 um-

110 2464 186 2504 bra
204 2477 320 2507 secus
341 2467 534 2508 hominem
556 2473 659 2509 sunt.

158 2528 342 2569 DARIUS
356 2530 659 2570 Mediolanensis
674 2533 711 2570 in
730 2533 967 2582 quibusdam
983 2534 1065 2573 edi-

108 2590 282 2630 tionibus
303 2591 413 2630 Pauli
431 2593 593 2632 Diaconi
616 2594 713 2632 libro
733 2596 856 2644 XVII,
889 2596 991 2634 male
1010 2596 1065 2636 le-

108 2654 232 2703 gitur,
253 2651 372 2692 debet
393 2655 501 2692 enim
519 2666 609 2693 esse
633 2655 821 2696 DACIUS
842 2687 850 2706 ,
876 2663 921 2696 ut
944 2670 1064 2710 supra

109 2717 146 2752 in
172 2716 290 2754 Dacio
311 2715 442 2755 dicere
462 2727 526 2755 me
550 2718 726 2756 memini.

159 2778 344 2817 DARIUS
367 2775 569 2828 Tiberius,
593 2780 728 2829 Eques
753 2780 965 2831 Caesenas,
993 2795 1063 2823 au-

106 2844 194 2879 ctor
231 2841 424 2892 epitomes
465 2842 638 2880 vitarum
674 2842 871 2881 Plutarchi
896 2875 904 2893 ,
942 2857 1060 2896 quam

107 2902 182 2942 An.
212 2902 315 2942 4492
339 2904 562 2954 composuit
583 2933 591 2951 ,
613 2908 654 2942 et
676 2909 766 2955 post
789 2907 956 2956 primam
981 2907 1061 2947 edi-

109 2966 257 3004 tionem
278 2965 569 3004 Ferrariensem
593 2964 667 3004 An.
694 2967 788 3006 4504
812 2968 1061 3008 emendatius

108 3039 159 3066 ex
181 3028 345 3066 Joannis
361 3018 520 3078 Oporini
536 3029 793 3080 castigatione
814 3030 974 3069 excudit
990 3032 1063 3069 Ro-

107 3089 248 3129 bertus
271 3089 430 3129 Winter
456 3090 550 3130 154⁴
577 3122 588 3139 ,
614 3092 649 3129 8.
675 3095 719 3130 ut
743 3091 936 3131 editiones
959 3094 1063 3132 Pari-

110 3152 266 3190 sienses
285 3150 358 3190 An.
385 3152 489 3192 4547
512 3157 552 3192 et
577 3153 679 3193 ⁴557
703 3159 961 3204 praeteream.

155 3213 425 3262 (88Plutarchi
446 3214 519 3254 hoc
535 3216 706 3266 epitome
722 3216 1061 3268 elegantissimum

114 3273 261 3314 Tiberii
281 3276 452 3316 Daretae
476 3278 608 3317 ltalicc
633 3290 653 3317 a
680 3280 796 3318 Lucio
827 3281 958 3319 Fauno
979 3294 1064 3332 pro-

111 3336 181 3376 diit
208 3336 244 3375 in
278 3338 470 3388 Venezia,
508 3341 764 3380 Tramezzi'izo
802 3343 897 3381 1513
918 3372 923 3391 3
947 3345 980 3382 8.
1026 3351 1064 3384 vt

2023 225 2093 266 431

1151 291 1297 327 nostris
1326 290 1466 329 diebus
1492 290 1531 329 in
1561 291 1592 329 F
1596 292 1728 332 irenze
1756 293 1998 347 all’inseyna
2023 296 2101 336 del-

1151 349 1339 390 Z’Ancora
1370 353 1497 402 4846,
1528 367 1565 392 v.
1589 356 1637 403 2,
1659 357 1694 394 8.
1720 359 1973 409 aptissimum
2010 371 2102 399 con-

1151 417 1209 451 tra
1234 412 1452 454 doctissimi
1477 417 1656 458 authoris
1685 420 1995 472 prolixitatem.)

1200 476 1371 516 Joannes
1386 477 1599 530 DASTYN,
1617 483 1700 520 sive
1720 482 1981 534 DASTINUS,
2008 487 2102 534 (ma-

1148 537 1182 576 le
1209 538 1427 580 Guilelmus
1450 542 1578 580 Pitseo
1604 555 1690 594 pag.
1717 545 1794 584 853
1824 546 1950 586 veluti
1973 547 2103 588 diver-

1147 611 1218 639 sus
1240 601 1261 639 a
1285 602 1436 640 Joanne
1454 632 1463 650 ,
1489 603 1536 642 de
1561 617 1638 655 quo
1663 605 1766 645 idem
1793 619 1878 659 pag.
1903 609 1993 649 874.
2015 611 2102 649 Phi·

1146 662 1336 713 losophus
1356 663 1508 715 Anglus
1526 695 1534 714 ,
1559 668 1727 718 scriptor
1749 669 1910 720 Speculi
1930 670 2104 712 Philoso-

1138 723 1260 774 phiae
1282 725 1331 764 de
1352 726 1655 777 investigatione
1677 729 1816 780 lapidis
1832 734 2006 784 pretiosi,
2021 736 2100 775 MS.

1145 787 1183 824 in
1206 787 1447 827 Bibliotheca
1470 789 1693 840 Bodlejana.
1718 793 1761 830 In
1799 794 1938 834 eadem
1968 803 2102 837 exstat

1144 845 1244 886 liber
1262 848 1502 889 mioetionum
1517 882 1528 899 ,
1550 856 1670 902 atque
1695 854 1799 891 inter
1819 855 2100 898 Ashmolianos

1147 909 1248 948 Visio
1271 910 1344 949 An.
1373 913 1468 952 4344
1492 916 1524 962 a)
1548 917 1589 952 et
1616 915 1829 954 Rosarium
1861 924 2016 959 secreta
2039 932 2102 960 se-

1142 974 1341 1009 cretorum
1365 972 1639 1023 complexum:
1660 986 1731 1013 nec
1757 987 1833 1014 non
1854 977 2033 1028 Epistola
2052 981 2099 1020 ad

1143 1032 1395 1073 Cardinalem
1413 1035 1571 1087 Neapol.
1601 1041 1642 1075 et
1664 1037 1712 1077 ad
1738 1039 1882 1090 Papam
1905 1041 2100 1082 Joannem

1144 1096 1269 1134 XXII.
1293 1097 1433 1136 Nescio
1455 1100 1559 1141 sitne
1579 1099 1785 1140 diversum
1805 1102 1854 1141 ab
1869 1107 2100 1144 memoratis

1144 1157 1253 1197 hisce
1277 1160 1471 1211 scriptum
1495 1162 1653 1214 sapiens
1673 1163 1846 1204 aurinus
1867 1166 1997 1205 Pitseo
2023 1178 2105 1206 me-

1145 1225 1350 1270 moratus,
1374 1225 1442 1272 qui
1465 1229 1624 1274 praeter
1653 1237 1737 1265 rem
1759 1256 1767 1276 ,
1793 1233 1946 1267 secreta
1971 1240 2102 1269 secre-

1145 1286 1275 1321 torum
1300 1283 1419 1324 huius
1441 1286 1595 1325 Dastini
1617 1287 1826 1341 distinguit
1849 1290 1898 1330 ab
1926 1294 2016 1341 eJ‘us
2043 1304 2104 1331 ro-

1145 1354 1260 1383 sario.

1197 1405 1416 1458 Ayustinus
1439 1412 1664 1462 DATHUS,
1703 1413 1752 1453 de
1789 1427 1867 1465 quo
1905 1427 2026 1467 supra
2064 1419 2102 1456 in

1143 1467 1366 1520 Augustino
1389 1477 1484 1512 tom.
1512 1476 1546 1521 4,
1569 1487 1656 1526 pag.
1682 1477 1772 1516 444.

1194 1530 1384 1572 Nicolaus
1406 1534 1608 1575 DATHUS
1638 1537 1856 1588 Senensis,
1888 1540 2102 1592 Augustini

1140 1592 1217 1633 An.
1242 1595 1343 1636 4479
1383 1596 1561 1637 defuncti
1584 1599 1733 1648 Filius,
1773 1603 1840 1652 qui
1877 1605 2002 1654 patris
2040 1605 2102 1644 sui

1141 1657 1270 1708 Opera
1293 1659 1478 1711 collegit,
1505 1661 1680 1713 obiitque
1702 1663 1777 1702 An.
1804 1665 1920 1705 4504.
1945 1666 1980 1715 b)
2012 1668 2102 1705 Pro-

1140 1719 1247 1758 diere
1272 1721 1413 1770 Senis,
1438 1721 1597 1762 biennio
1622 1731 1711 1776 post
1733 1756 1740 1774 ,
1765 1725 1839 1765 An.
1878 1729 2006 1778 4503,
2038 1729 2100 1768 foi.

1140 1786 1306 1821 curante
1332 1783 1464 1823 fratris
1488 1784 1566 1827 filio
1590 1785 1830 1840 Hieronymo
1854 1790 2036 1840 ΒΑΤΗΟ7
2062 1797 2101 1831 et

1140 1842 1327 1883 distincte
1344 1852 1606 1886 recensentur
1624 1850 1662 1887 in
1679 1850 1845 1891 Gesneri
1861 1853 2100 1894 Bibliotheca

1140 1917 1227 1956 pag.
1256 1907 1429 1947 402-404
1452 1940 1460 1959 ,
1485 1909 1521 1948 b.

1189 1969 1390 2009 Leonardi
1415 1971 1593 2021 DATHI,
1632 1975 1872 2024 Florentini,
1912 1978 2098 2029 Episcopi

1137 2033 1337 2082 Massani,
1376 2034 1581 2087 Hiempsal
1616 2038 1815 2089 tragoedia
1851 2040 1999 2091 scripta
2021 2039 2096 2080 An.

1141 2096 1256 2134 4440.
1280 2097 1358 2136 MS.
1382 2098 1420 2135 in
1452 2099 1695 2140 Bibliotheca
1718 2102 1837 2153 Regia
1860 2104 1980 2141 Paris.
2010 2104 2099 2142 vide

1139 2157 1340 2197 Labbeum
1365 2171 1450 2212 pag.
1475 2161 1565 2201 323.

1191 2218 1212 2241 2
1234 2221 1394 2260 Praeter
1421 2234 1466 2262 ea
1494 2236 1596 2274 quac
1634 2225 1683 2265 de
1720 2228 1911 2278 scriptore
1933 2229 2007 2267 isto
2036 2230 2104 2268 ad-

1139 2286 1251 2321 notat
1274 2283 1478 2324 Fabricius
1501 2291 1612 2325 extat
1635 2289 1722 2327 cius
1745 2300 1908 2329 carmen
1949 2291 1997 2330 ad
2035 2291 2101 2331 Al-

1138 2343 1339 2394 phonsum
1364 2358 1498 2397 regem
1524 2353 1564 2386 et
1589 2349 1697 2389 aliud
1726 2362 1888 2390 carmen
1919 2352 1968 2391 ad
1992 2354 2103 2392 Nico-

1137 2406 1245 2445 laum
1257 2407 1301 2445 V.
1320 2409 1357 2445 in
1375 2409 1573 2449 Mahomet
1588 2413 1807 2452 Turcarum
1833 2416 2101 2466 regem3quod

1138 2472 1357 2518 utrumque
1381 2477 1568 2511 servatur
1591 2474 1629 2511 in
1654 2474 1761 2513 MSS.
1788 2476 1999 2515 Codicibus
2037 2479 2101 2516 Bi—

1137 2528 1273 2567 blioth.
1297 2531 1588 2572 Riccardianae.
1605 2534 1703 2574 Vide
1718 2536 1953 2588 Catalogum
1969 2539 2096 2578 eiusd.

1139 2590 1405 2632 Bibliothecae
1429 2595 1479 2632 cl.
1503 2597 1613 2634 Lami
1633 2609 1722 2648 pag.
1747 2598 1836 2637 457.

1194 2654 1257 2702 (89
1288 2654 1401 2694 Leon.
1441 2656 1564 2695 Datln·
1591 2657 1738 2698 Canon.
1769 2659 1876 2699 Flor.
1902 2663 2096 2711 Qualuor.

1137 2715 1286 2754 Summ.
1317 2717 1426 2755 Pont.
1471 2730 1497 2756 α
1539 2719 1712 2759 Secretis
1741 2725 1779 2760 et
1803 2723 1876 2774 Ep.
1913 2725 2094 2764 Massam

1135 2776 1335 2827 Epistolae
1357 2779 1539 2819 XXXIII.
1573 2793 1688 2822 nunc.
1715 2784 1894 2835 primum
1934 2798 1953 2824 e
1989 2786 2091 2827 Bibl.

1135 2838 1234 2878 Med.
1264 2840 1452 2881 Lam-ent.
1478 2842 1517 2881 in
1539 2842 1665 2884 lucem
1699 2850 1838 2886 erutae
1859 2854 2094 2890 recensente

1136 2901 1179 2939 L.
1205 2901 1354 2952 Melius,
1389 2904 1461 2955 qui
1481 2906 1592 2945 Leon.
1624 2908 1747 2947 Vitam
1772 2922 1795 2948 α
1818 2909 1981 2949 Salvino
2004 2912 2093 2952 Sal-

1134 2962 1239 3002 vinio
1260 2965 1451 3018 scriptam
1481 2967 1604 3008 edidit
1625 2970 1956 3024 praefationcmq.
1985 2974 2093 3013 adie-

1135 3025 1365 3067 cieaccedit
1384 3030 1467 3069 Jac.
1489 3030 1630 3083 Anyeli
1638 3033 1814 3085 Epistola
1835 3038 1870 3074 el
1889 3036 1982 3074 vila.
2005 3035 2093 3075 Flo-

1138 3088 1288 3128 rentiae
1312 3101 1361 3129 ex
1386 3096 1468 3143 typ.
1494 3093 1740 3134 Giovannelli
1770 3096 1869 3136 4743
1891 3129 1898 3136 .
1924 3099 1960 3136 8.

1193 3209 1226 3248 a)
1249 3212 1296 3242 lta
1313 3211 1494 3252 legendum
1511 3217 1544 3247 in
1563 3217 1721 3254 catalogo
1738 3221 1940 3260 scriptorum
1958 3222 2096 3264 Angliae

1137 3267 1169 3289 n.
1193 3260 1286 3293 7605.
1315 3271 1374 3302 pro
1400 3263 1489 3298 1611.

1132 3309 1229 3379 ι’,[1»)
1250 3312 1397 3345 niarium
1418 3315 1635 3349 Eruditoruni
1665 3319 1777 3351 ltaliae
1802 3325 1882 3354 toni.
1905 3324 1996 3355 xvv
2020 3334 2092 3365 pag.

1134 3370 1204 3391 ...υ-1-
