2500 4009
409 238 487 278 382

406 320 473 348 nes
497 307 660 346 libenter
684 307 728 345 «le
753 306 861 343 ruris
885 309 922 342 et
942 303 1111 342 curiosis
1130 305 1353 354 quaerunt,

405 375 442 409 et
454 370 500 408 tle
511 369 654 407 talibus
668 365 950 405 delectabiliter
962 365 1132 403 azuliunt
1145 368 1180 403 et
1195 362 1357 414 loquun-

403 436 494 470 tur:
521 430 601 467 ideo
625 433 668 465 ut
687 427 838 479 fratres
877 426 1004 466 nostri
1025 425 1326 478 praedicatores
1344 455 1354 472 ,

403 503 498 544 quos
520 491 750 542 frequenter
771 489 880 542 apud
908 489 1081 527 homines
1104 487 1355 526 diuersorum

402 557 576 592 statuum
594 554 631 588 et
643 550 904 588 conditionum
920 561 1004 589 esse
1018 549 1217 597 videmus,
1238 549 1356 587 etiam

403 615 501 652 inter
520 624 583 651 eos
603 613 763 663 oratius
786 616 1068 651 conversentur
1084 643 1093 660 ,
1115 623 1191 662 quo
1214 610 1269 648 ad
1297 614 1354 648 ta-

401 674 454 712 lia
480 673 612 713 valent
631 674 764 725 aptius
784 673 1045 726 responde-re.
1070 677 1108 712 et
1136 672 1182 711 ile
1207 670 1352 712 talibus

399 736 528 773 sciant
547 735 663 774 etiam
687 735 978 774 conuenientius
1001 733 1199 786 conferre:
1231 746 1353 786 prae-

397 808 486 834 sens
506 796 760 848 opusculum,
786 796 891 848 quod
912 796 958 834 de
982 796 1094 836 raris
1118 800 1155 834 et
1177 795 1347 834 curiosis

397 857 693 908 quaestionibus
718 870 773 896 esc
792 857 963 897 diuersis
980 856 1153 896 breviter
1168 856 1346 908 compila-

399 919 459 966 vi,
499 920 790 971 responsorium
833 919 1084 958 curiosorum
1126 918 1347 966 nominaui,

396 981 492 1031 quia-
518 979 656 1019 breues
694 981 733 1019 in
770 994 812 1020 eo
837 981 1108 1033 responsiones
1140 980 1194 1019 all
1215 980 1351 1032 hujus-

397 1042 503 1080 modi
521 1044 769 1094 quaestiones
793 1044 990 1084 ordinavi.
1014 1043 1119 1081 sicut
1139 1054 1194 1081 ea:
1216 1045 1348 1080 aucto-

394 1104 584 1144 ritatibus
607 1105 848 1145 authenticis
873 1105 1010 1144 melius
1030 1109 1069 1143 ct
1089 1104 1220 1156 aptius
1240 1103 1353 1155 potui

397 1166 585 1205 inuenire.
609 1167 661 1204 Et
683 1170 800 1206 istum
825 1166 971 1205 librum
987 1167 1023 1203 in
1038 1169 1211 1217 quatuor
1229 1163 1350 1203 libros

389 1227 586 1279 partiales
609 1228 791 1267 distenti.
833 1228 994 1267 Primus
1022 1231 1082 1266 est
1109 1226 1155 1265 de
1179 1226 1353 1278 corpori-

397 1289 470 1329 bus
495 1290 849 1342 supercoelestibus
881 1291 964 1330 sive
988 1289 1185 1329 elementis
1208 1289 1356 1342 simpli-

394 1351 530 1396 cibus,
556 1357 594 1390 et
614 1352 818 1404 aliquibus
834 1352 992 1394 miaetis.
1017 1351 1164 1391 scilicet
1183 1351 1355 1389 minera-

395 1412 499 1452 libus
523 1418 560 1452 et
585 1414 878 1464 veqetabilibus.
906 1415 957 1453 II.
976 1418 1035 1453 est
1050 1413 1096 1452 (le
1111 1411 1353 1452 animalibus

396 1475 433 1512 in
454 1476 636 1525 yenerali
656 1480 692 1515 et
714 1488 851 1515 eorum
877 1474 1064 1515 membris
1090 1479 1127 1514 et
1149 1473 1353 1526 partibus.

398 1538 469 1576 ΙΙΙ.
495 1538 542 1576 de
563 1538 714 1577 homine
753 1539 791 1576 in
814 1537 988 1590 speciali.
1015 1539 1079 1577 IV.
1103 1537 1150 1575 de
1171 1535 1356 1575 animali-

399 1598 472 1639 bus
483 1600 519 1637 in
528 1599 701 1651 speciali.
710 1601 853 1639 Ponam
863 1604 995 1638 autem
1013 1599 1049 1636 in
1059 1597 1192 1649 sinyul
1195 1598 1226 1637 is
1235 1609 1356 1649 quae-

394 1661 538 1700 stiones
560 1660 700 1700 breues
714 1662 797 1700 sine
812 1660 1034 1700 rationibus
1050 1672 1124 1712 pro
1143 1664 1180 1698 et
1201 1663 1353 1707 contra,

396 1723 490 1773 quia
516 1735 590 1760 non
613 1723 667 1761 ad
685 1723 966 1775 (lisputamlum
981 1755 991 1771 ,
1017 1722 1088 1761 sed
1101 1721 1155 1759 all
1178 1720 1352 1760 breuiter

396 1784 707 1835 respondemium
728 1789 766 1823 et
784 1784 1044 1836 familiariter
1067 1783 1348 1835 conferendum

399 1845 496 1884 illud
518 1847 751 1898 opusculum
776 1846 974 1886 ordinavi.

450 1908 525 1946 Sed
552 1910 722 1947 maxime
747 1909 924 1947 omnium
950 1919 1092 1946 nomen
1109 1905 1277 1947 Conradi
1294 1917 1358 1945 ce-

398 1970 592 2009 lebratum
618 1976 704 2019 est,
728 1971 832 2021 quod
856 1972 938 2021 ipse
962 1974 1100 2008 auctor
1125 1970 1248 2008 fuisse
1269 1980 1357 2018 per-

398 2032 555 2071 llllwlur
594 2032 1002 2081 Concordantiarum,
1043 2032 1128 2069 sive
1153 2030 1356 2081 repertorii

397 2094 529 2132 Biblici
557 2096 593 2131 in
620 2100 835 2144 utrumque
861 2095 1164 2131 Testamentum
1207 2090 1353 2141 Vulga-

403 2159 464 2192 ω(-
488 2155 684 2192 editionis.
716 2155 839 2192 Probe
862 2153 1244 2194 autemnotandum
1270 2155 1356 2199 est7

405 2227 453 2252 ne
470 2214 517 2251 ‹lo
536 2216 738 2253 ANTONII
764 2212 1268 2252 PataviniConcordantiis
1284 2213 1361 2250 Mo-

406 2276 552 2314 ralibus
576 2276 725 2318 dicam.
749 2275 813 2313 'de
834 2275 978 2325 quibus
1004 2285 1120 2324 supra
1139 2285 1224 2324 pag.
1251 2274 1358 2321 422.)

405 2336 554 2388 triplos
578 2336 961 2375 Coneorclantiarum
983 2334 1209 2374 verbalium
1235 2346 1360 2385 (senus

405 2403 585 2443 exstare,
603 2411 704 2448 quae
729 2412 749 2437 a
774 2399 917 2437 Jacobo
941 2398 1078 2444 Quotil'
1099 2401 1192 2435 tom.
1216 2398 1248 2444 1,
1273 2409 1359 2447 pag.

409 2461 496 2505 203,
516 2471 598 2509 seq.
613 2465 652 2497 et
670 2462 738 2499 611
763 2460 881 2510 probe
897 2459 1218 2509 distinguuntur:
1235 2469 1359 2497 unum

409 2522 583 2568 brevius.
607 2521 723 2570 cujus
747 2526 884 2560 auctor
907 2521 1076 2559 habetur
1099 2520 1235 2559 llUGO
1252 2518 1298 2557 de
1321 2520 1360 2558 S.

410 2584 540 2629 saro,
566 2583 810 2630 cardinalis,
836 2583 1051 2622 defunctus
1086 2582 1160 2620 An.
1199 2582 1300 2620 4263
1326 2583 1363 2618 in

408 2646 551 2694 quibus
570 2646 790 2683 litterarum
808 2644 942 2683 ordine
959 2644 1194 2682 vocabulum
1222 2654 1367 2681 unum-

411 2706 594 2755 qnoilqw·
626 2707 851 2756 quaesitum
889 2706 1086 2757 simplex,
1117 2709 1161 2744 ut
1186 2708 1337 2756 tempus
1358 2735 1367 2751 ,

413 2769 472 2805 wel
495 2781 584 2805 cuin
610 2767 823 2817 adjuncto,
841 2774 885 2807 ut
905 2772 1056 2819 tempus
1076 2771 1222 2818 partus
1246 2766 1368 2806 semel

414 2833 592 2879 ponitur.
619 2842 738 2869 voces
761 2832 880 2869 etiam
922 2831 1217 2868 indeclinabiles
1251 2830 1372 2868 alicu-

411 2891 474 2938 jus
501 2893 687 2929 momenti
707 2921 714 2938 ⁷
738 2897 780 2929 ut
804 2891 920 2939 olim,
945 2892 1090 2943 quasi,
1115 2890 1258 2930 deinde
1281 2891 1365 2930 loca

416 2952 527 2989 inodo
552 2953 797 2998 indicantur,
825 2955 861 2992 in
886 2955 1032 3004 quibus
1065 2954 1168 2993 idem
1199 2953 1370 2991 vocabu-

418 3015 495 3051 lum
521 3015 680 3052 obvium
706 3021 791 3062 cst7
817 3017 956 3062 Liber⁷
981 3021 1125 3067 caput,
1150 3021 1190 3053 et
1216 3026 1292 3055 una
1317 3026 1366 3053 ex

419 3081 568 3124 septem
608 3078 749 3115 litteris
786 3078 1022 3128 primoribus
1064 3078 1261 3129 alphabeti
1282 3107 1289 3125 ,
1330 3078 1366 3114 in

419 3148 516 3185 quus
537 3144 653 3188 caput
674 3140 985 3189 unumquodque
1006 3140 1183 3179 dividere
1202 3140 1366 3191 placuit:

420 3205 610 3236 connnatn
629 3206 760 3238 autc-ni
788 3203 867 3251 ipsa
889 3213 963 3239 non
981 3201 1272 3240 describuntur.
1290 3203 1367 3239 Hac

421 3259 818 3300 CONCORDAN'l'lAE
843 3265 882 3301 S.
912 3263 1110 3310 mcum,
1136 3265 1220 3301 sive
1241 3263 1287 3301 de
1325 3265 1362 3301 S.

423 3316 564 3354 Jacobs,
588 3320 712 3358 dictae
737 3329 855 3371 sunt,
887 3325 975 3374 quin
1016 3326 1124 3374 Hugo
1145 3324 1364 3364 Cardinalis

1195 232 1592 271 CONRADUS

1430 302 1581 352 pridem
1604 303 1759 341 Parisiis
1783 304 1925 342 domus
1954 305 2032 343 San
2056 303 2245 343 Jacobeae
2274 305 2380 343 Prior

1429 365 1774 403 Dominicanorum
1798 366 1847 404 ab
1870 366 1942 404 An.
1967 365 2070 405 ⁴227
2085 366 2310 416 praefectus
2324 366 2382 405 di-

1429 427 1462 464 ci
1487 427 1695 464 consuevit
1719 427 1831 476 Huyo
1851 425 1897 464 de
1920 428 1960 465 S.
1984 425 2140 464 Jacobo.

1481 485 1704 526 Secundum
1726 498 1852 537 genus
1882 488 1954 526 l'uit
1973 488 2349 528 concordantiarum
2370 519 2379 537 ‚

1429 550 1466 586 in
1500 548 1646 599 quibus
1670 559 1747 586 non
1779 548 1947 587 indicata
1980 552 2137 588 tantum
2162 550 2270 597 loca,
2308 549 2379 588 sed

1427 609 1624 660 descripta
1649 610 1838 660 leguntur
1860 614 2057 649 commata
2091 611 2270 661 integra,
2299 610 2384 649 lon-

1426 673 1532 723 giora
1555 673 1675 710 ctiam
1696 672 1946 722 quandoque.
1971 673 2050 710 Hoc
2065 675 2154 723 post
2177 672 2381 722 Hugonem

1424 733 1658 772 adornatum
1685 738 1748 771 est
1765 734 1867 771 eirca
1892 733 2051 772 Annum
2078 734 2179 772 4250
2204 743 2227 772 a
2248 733 2378 772 tratri-

1424 794 1499 832 bus
1524 794 1790 832 Dominicanis
1810 793 1858 832 de
1880 794 2038 844 Anglia,
2065 793 2326 833 studentibus
2346 794 2383 832 in

1423 855 1562 894 eodem
1600 855 1819 904 Gymnasio
1855 855 1931 893 San
1962 855 2157 905 Jacobeo,
2193 857 2385 906 venitque

1423 918 1513 956 inde
1537 922 1577 956 et
1599 918 1726 968 ipsum
1751 917 1791 955 S.
1815 914 1956 954 Jacobi
1975 917 2152 964 nomine,
2175 916 2241 955 vel
2264 917 2383 958 CON-

1425 977 1819 1020 CORDANTIARUM
1833 976 2241 1017 ANGLICANARU'M:
2253 982 2387 1016 aucto-

1425 1042 1534 1080 ribus
1556 1040 1781 1079 JOIIANNE
1807 1038 1853 1077 de
1877 1037 2159 1090 Derlinqtona,
2183 1038 2388 1079 RICHAR-

1424 1103 1492 1142 DO
1514 1102 1561 1141 de
1585 1099 1804 1151 Stavensby
1819 1131 1829 1148 ,
1855 1100 2059 1140 HUGONE
2096 1099 2143 1139 de
2181 1099 2382 1152 Croyndo-

1426 1164 1489 1202 nio
1505 1196 1515 1212 ,
1541 1164 1720 1213 aliisque.

1485 1226 1654 1265 Tertium
1662 1237 1788 1277 genus
1805 1225 1934 1276 paullo
1950 1225 2184 1265 concinnius
2198 1226 2388 1276 est,quod

1428 1301 1448 1327 a
1471 1288 1649 1328 Conrado
1686 1292 1820 1326 nostro
1852 1289 1955 1326 eirca
1983 1287 2146 1326 Annum
2181 1287 2307 1335 ⁴3⁴0,
2336 1288 2389 1325 ita

1429 1350 1687 1397 adornatum,
1714 1354 1756 1388 ut
1779 1349 2019 1400 longioribus
2045 1348 2257 1388 sententiis
2283 1359 2390 1388 rese.—

1430 1414 1528 1458 ctis⁷
1553 1412 1827 1462 capitibusque
1853 1410 2099 1450 brevioribus
2122 1421 2199 1449 non
2223 1421 2294 1461 per
2325 1421 2388 1449 se-

1424 1479 1545 1525 ptem,
1563 1473 1630 1513 sed
1642 1485 1710 1524 per
1720 1477 1890 1523 quatuor
1902 1475 2059 1511 tantum
2070 1472 2223 1510 litteras
2233 1471 2385 1518 divisis,

1429 1536 1617 1575 volumen
1643 1535 1806 1573 brevius
1838 1545 1957 1573 usum
1978 1532 2137 1572 eunden
2159 1536 2392 1583 praestaret.

1431 1599 1509 1637 Hoc
1526 1597 1668 1636 deinde
1685 1597 1951 1635 communiter
1965 1598 2189 1645 receptum,
2205 1598 2246 1633 et
2261 1595 2387 1644 primo

1430 1664 1520 1711 post
1537 1663 1733 1709 repertam
1743 1656 2058 1708 Typographiam
2076 1660 2253 1706 tempore
2267 1665 2389 1694 excu-

1429 1732 1520 1759 sum
1551 1722 1636 1758 sine
1659 1720 1751 1758 anni
1775 1723 1816 1757 et
1839 1719 1912 1757 loci
1936 1721 2031 1756 nota
2059 1718 2099 1755 in
2122 1716 2260 1755 charta
2283 1717 2389 1766 regia

1426 1785 1465 1821 in
1492 1782 1556 1821 fol.
1588 1781 1678 1819 inde
1708 1780 1984 1829 Norimbergae
2021 1779 2144 1826 ⁴485,
2172 1789 2244 1828 per
2267 1775 2391 1816 Anto-

1433 1846 1543 1883 nium
1564 1842 1839 1892 Coburgerum
1861 1841 1907 1890 a),
1928 1840 2104 1879 Basileae
2129 1839 2230 1879 4496
2248 1868 2257 1888 ‚
2281 1838 2389 1889 typis

1431 1907 1535 1945 Petri
1568 1904 1617 1943 dc
1643 1902 1893 1954 Langendorf
1917 1905 1957 1940 et
1985 1901 2179 1940 Johannis
2204 1899 2385 1939 Frobenii

1436 1967 1485 2006 de
1511 1966 1773 2016 Hamelburg,
1795 1968 1835 2003 et
1860 1965 1991 2014 ⁴525,
2017 1963 2132 2003 4543.
2148 1961 2254 2013 apud
2275 1962 2392 2000 Joan-

1432 2040 1523 2067 nem
1540 2027 1799 2073 Frobenium‘,
1822 2025 2130 2076 LugdunM526,
2147 2024 2251 2076 apud
2271 2024 2389 2063 Joan-

1432 2101 1524 2128 nem
1548 2088 1851 2128 Mareschallum
1888 2098 1958 2137 per
1995 2086 2218 2124 Johannem
2249 2084 2389 2124 Schot-

1433 2155 1519 2189 tum
1535 2180 1546 2197 ,
1583 2149 1835 2198 Argentorati
1874 2148 1998 2196 ⁴526,
2038 2147 2154 2186 4530.
2197 2147 2391 2184 Joannem

1432 2211 1687 2259 Herwagium
1707 2209 1871 2259 Ingolst.
1885 2210 1900 2247 4
1912 2206 2009 2255 537,
2026 2211 2066 2246 et
2077 2206 2258 2258 Lugduni
2273 2207 2387 2254 ⁴55⁴,

1434 2271 1539 2322 apud
1562 2271 1842 2310 Sebastianum
1866 2269 2101 2320 Gryphium.

1488 2334 1725 2382 Quanquam
1745 2333 1780 2370 in
1809 2331 1871 2370 his
1895 2342 1972 2369 non
2006 2331 2188 2378 omnino,
2222 2333 2269 2369 ut
2296 2329 2390 2377 dixi,

1437 2395 1544 2434 nulla
1570 2395 1667 2432 ratio
1692 2391 2016 2444 particularum,
2037 2402 2256 2443 vocumque
2283 2389 2391 2430 inde-

1437 2455 1681 2495 clinabilium
1702 2456 1833 2494 habita
1854 2455 2000 2502 fuerat,
2020 2458 2155 2493 tamen
2177 2454 2390 2504 plerasque

1439 2519 1580 2568 negligi
1623 2517 1812 2567 contigit:
1854 2518 1986 2566 itaque
2019 2519 2197 2566 tempore
2227 2514 2389 2555 Concilii

1438 2580 1678 2618 Basileensis
1701 2589 1793 2617 cum
1820 2588 1962 2628 magna
1985 2580 2094 2615 esset
2115 2587 2207 2615 cum
2231 2575 2393 2614 Graecis

1441 2641 1489 2680 de
1514 2641 1718 2691 particulis
1742 2651 1797 2678 eoe
1833 2643 1874 2678 et
1898 2649 1976 2690 per
2009 2637 2276 2685 concertatio,
2305 2637 2396 2675 Pro-

1443 2704 1612 2742 curatori
1633 2702 1793 2740 Ordinis
1807 2700 2118 2741 Praedicaiorum
2133 2697 2306 2750 generali
2320 2696 2396 2736 Jo-

1443 2765 1594 2804 HANM
1620 2773 1671 2802 DE
1699 2761 1946 2811 RAGUSIO,
1977 2762 2044 2812 qui
2077 2759 2153 2800 An.
2185 2758 2314 2809 lt33,
2353 2759 2392 2796 in

1445 2827 1620 2866 Concilio
1652 2826 1715 2864 illo
1739 2828 1877 2864 contra
1903 2823 2100 2862 Bohemos
2131 2826 2295 2861 strenue
2325 2819 2394 2858 de-

1444 2890 1636 2940 pugnavit
1658 2888 1693 2936 b)
1719 2889 1756 2925 in
1781 2889 1958 2925 mentem
1991 2885 2102 2923 venit
2134 2893 2205 2934 per
2240 2879 2394 2921 GUAL—

1443 2951 1611 2990 TERUM
1667 2947 1830 2987 JONAM
1883 2946 2080 2987 SCOTUM
2135 2942 2392 2994 capellanum

1443 3024 1560 3052 suum
1585 3022 1724 3051 curare
1747 3007 2041 3059 componendas
2072 3007 2191 3045 etiam
2223 3003 2394 3055 particu-

1497 3190 1530 3227 θ’)
1553 3186 1728 3219 Clievillier
1749 3183 1790 3216 de
1806 3184 1935 3221 origine
1953 3177 2204 3220 ‘typographiae
2220 3178 2398 3209 parisiens.

1435 3246 1510 3277 pag.
1535 3237 1605 3268 120.
1629 3234 1727 3266 Mich.
1751 3233 1915 3264 Malttalre
1939 3229 2057 3261 Annal.
2079 3230 2222 3267 Typogr.
2255 3229 2335 3258 tom.
2360 3227 2396 3263 Ι,

1434 3295 1509 3326 pag.
1533 3286 1607 3318 2:37.
1630 3289 1712 3316 tom.
1735 3284 1761 3313 ΙΙ
1778 3306 1786 3321 ,
1810 3289 1885 3321 pag.
1908 3279 1961 3310 28.

1493 3335 1528 3373 b)
1551 3335 1690 3366 Bzovius
1713 3331 1755 3364 ad
1778 3334 1910 3362 Annum
1933 3327 2014 3359 1455
2029 3350 2039 3364 ,
2061 3333 2140 3366 pag.
2163 3325 2215 3357 99.
