2500 3841
940 261 1284 301 DAMAsUs

117 334 251 372 Latine
274 342 322 368 ex
347 328 516 367 Historia
551 328 746 379 tripartita
779 330 859 378 IX,
899 332 947 370 48
980 344 1065 383 pag,

119 395 208 433 558.
234 393 294 441 42)
319 392 476 429 Damasi
502 390 699 441 Synodica
714 395 854 430 contra
868 392 1069 444 Apollina-

112 455 219 494 rium
241 458 281 493 et
302 452 539 492 Timotheum
555 454 704 493 Graece
718 467 766 493 ex
783 455 920 494 eodem
943 457 1068 496 Theo-

113 517 249 556 doreto
272 516 304 556 V
329 516 402 564 lO,
436 520 477 554 et
500 517 637 555 Latine
659 529 710 556 ex
733 519 902 557 Historia
925 521 1066 570 tripar-

113 581 185 618 tita
208 580 264 618 IX
281 608 290 626 ,
316 580 365 618 45
386 589 474 629 pag.
501 578 589 618 574.
616 581 676 626 43)
700 581 860 619 Damasi
892 580 947 619 ad
973 582 1063 621 Hie-

113 652 341 694 ronymum,
363 652 452 692 pag.
469 640 558 680 573.
575 642 634 691 44)
658 643 907 693 Rescriptum
934 645 1066 683 Hiero-

113 705 224 755 nymi
247 715 333 755 pag.
365 703 453 743 574.
497 704 556 753 45)
595 704 730 743 Altera
767 706 925 744 Damasi
963 718 1064 757 quac

114 768 275 819 incipit:
300 765 566 805 Dormientem
591 770 626 806 te
644 798 655 816 ,
680 780 717 819 p.
743 767 818 807 579
847 779 940 808 cum
976 771 1064 808 Hie—

109 830 265 880 ronymi
294 840 486 880 responso
515 829 564 868 ad
601 828 689 875 ejus
708 832 975 880 quaestiones.
1001 832 1061 880 46)

106 893 251 933 Notitia
287 893 465 944 quinque
498 893 737 943 scriptorum
762 893 988 944 Hieronymi
1012 893 1061 931 ad

107 956 339 1006 Damasum,
365 956 379 995 4
408 959 449 994 et
472 955 509 1003 2,
530 954 579 994 de
605 955 812 1006 Seraphim
835 960 876 994 et
894 955 1057 1003 calculo,

106 1019 130 1057 3
153 1016 203 1056 de
237 1017 316 1057 filio
339 1017 527 1069 prodigo,
553 1018 575 1056 4
605 1018 768 1068 praefat.
800 1018 837 1055 in
877 1018 1058 1068 Origenis

105 1079 287 1119 homilias
310 1080 349 1118 in
374 1080 615 1129 Canticum,
645 1084 687 1117 et
725 1080 748 1118 5
785 1078 976 1130 praefatio
1016 1079 1053 1116 in

101 1142 320 1193 Evangelia
339 1173 351 1191 ‚
379 1153 469 1192 pag.
502 1143 590 1181 590.
619 1141 680 1191 47)
709 1142 854 1181 Notitia
889 1141 1056 1180 aliorum

101 1204 338 1255 scriptorum
363 1208 404 1242 et
422 1208 626 1254 gestorum
656 1203 706 1241 ad
734 1205 950 1243 Damasum
987 1204 1058 1242 Pa—

100 1278 191 1317 pam
220 1267 501 1314 attinentium,
530 1278 617 1318 pag.
651 1267 740 1306 594.
775 1267 837 1316 48)
877 1267 1056 1308 Censura

99 1327 354 1368 decretorum
367 1329 539 1368 Damaso
554 1333 712 1379 praeter
725 1340 810 1367 rem
824 1329 889 1367 vel
906 1329 1056 1367 incerta

98 1389 177 1430 fide
200 1389 520 1441 adscriptorum,
543 1401 632 1442 pag.
658 1391 735 1430 603
757 1421 766 1441 ,
793 1391 882 1431 622.

149 1453 207 1492 De
241 1452 445 1492 duodecim
480 1451 835 1493 Anathematismis
877 1452 981 1505 apud
1015 1453 1055 1492 S.

97 1513 369 1566 Augustinum
412 1526 597 1555 sermone
639 1517 714 1556 429
757 1515 806 1555 de
846 1520 1025 1567 tempore
1045 1545 1053 1566 ,

97 1578 365 1618 conferendus
385 1578 623 1618 Paschasius
646 1578 888 1625 Quesnellus
908 1578 1056 1617 disser-

97 1643 166 1679 tat.
190 1641 282 1680 XIV
297 1669 307 1686 ,
330 1640 380 1680 ad
399 1642 573 1680 Leonem
602 1642 814 1692 Magnum,
842 1641 907 1680 ubi
932 1643 1052 1680 etiam

99 1701 148 1741 de
171 1703 331 1742 Damasi
355 1704 549 1754 symbolo,
583 1703 631 1742 de
655 1715 733 1755 quo
757 1705 822 1743 W.
851 1705 896 1743 E.
931 1706 1053 1743 Tent-

99 1765 224 1805 zelius
252 1766 293 1804 in
313 1764 473 1817 judiciis
509 1766 757 1806 eruditorum
788 1765 837 1805 de
871 1767 1053 1817 symbolo

96 1826 330 1874 Athanasii,
352 1839 439 1878 pag.
466 1829 542 1878 45,
567 1839 656 1879 sqq.
678 1829 829 1868 Graece
854 1831 961 1867 versi
997 1830 1052 1867 illi

96 1889 420 1928 anathematismi
445 1890 484 1928 in
508 1890 605 1928 Bibl.
634 1891 828 1931 Caesarea
853 1892 964 1933 MSC.
996 1895 1055 1930 te-

99 1956 162 1991 ste
185 1952 394 1991 Lambecio
417 1953 504 1992 VIII
523 1982 531 2000 ,
555 1964 643 2003 pag.
670 1953 758 1992 446.

149 2016 309 2053 Praeter
331 2012 480 2053 libellos
502 2013 548 2053 de
577 2013 819 2065 Viryitiitate,
846 2020 887 2054 et
902 2017 1053 2055 auctori

100 2077 207 2115 vitae
223 2080 485 2115 memoratam
504 2087 703 2115 summam
718 2077 968 2128 quorundam
988 2090 1056 2117 vo-

100 2137 295 2178 luminum
309 2137 522 2190 utriusque
541 2138 787 2189 Testamenti,
806 2139 1055 2180 heoeametris

98 2200 286 2242 versibus
309 2199 486 2241 breviter
509 2200 850 2253 comprehensam,
876 2216 996 2255 quam
1016 2205 1052 2242 in

97 2264 259 2304 archivo
308 2264 494 2303 basilicae
537 2265 730 2316 Principis
773 2265 1055 2316 Apostolorum

95 2327 242 2367 Romae
277 2328 477 2366 asservari
517 2326 673 2367 audivit
714 2327 794 2366 Nic.
830 2327 1055 2379 Antonine,

99 2394 196 2427 tom.
218 2390 234 2429 4
257 2419 268 2438 ,
298 2388 397 2427 Bibl.
422 2393 504 2428 vet.
535 2390 642 2440 Hisp.
678 2401 764 2440 pag.
793 2389 867 2429 ilis
903 2391 1058 2430 deside-

99 2461 236 2489 ramus
259 2451 379 2489 etiam
409 2451 571 2490 Damasi
599 2450 700 2490 Acta
728 2452 947 2502 Martyrum
983 2454 1057 2492 Ro-

109 2523 344 2561 manorum,
368 2513 483 2552 Petri
502 2518 724 2553 exormstae
753 2517 791 2552 et
810 2513 1054 2564 Marcellini,

93 2585 195 2626 quae
226 2579 420 2614 memorat
455 2576 699 2626 Eginhartus
737 2578 845 2626 (tom.
884 2578 918 2616 4.
958 2577 1048 2616 Act.

104 2638 283 2677 Sanctor.
307 2638 413 2676 Junii
432 2648 519 2688 pag.
545 2637 646 2687 476.)
662 2639 771 2677 Haec
793 2642 838 2678 ut
855 2643 967 2690 qesta
994 2652 1057 2680 re-

94 2699 310 2752 feruntur,
341 2697 528 2738 retulisse
564 2705 755 2739 asserunt
788 2701 901 2740 illum
925 2702 1053 2754 ipsum

94 2761 166 2813 qui
179 2759 333 2800 eosdem
349 2760 549 2800 interemit
559 2763 762 2814 Martyres
781 2764 1048 2815 (Dorotheum)

97 2827 136 2862 et
155 2822 206 2862 ab
236 2821 302 2862 illo
339 2822 525 2862 didicisse
558 2825 773 2863 Damasum
805 2825 1053 2878 Pontificem,

93 2898 216 2938 quum
246 2889 375 2925 aetate
406 2885 559 2937 puerili
582 2898 658 2937 per
696 2887 832 2926 eadem
875 2892 1052 2941 tempora

93 2947 168 2988 sub
195 2949 387 3000 Maqistro
410 2948 686 2998 ministraret,
721 2954 759 2988 et
780 2950 835 2989 ad
861 2963 1049 3002 maynum

92 3014 289 3050 cresce-ret
311 3022 451 3050 rerum
471 3010 625 3050 culmen
640 3043 650 3060 ,
676 3015 769 3051 tanc
786 3014 962 3052 Romana
984 3016 1049 3053 Le-

92 3077 176 3113 ctor
200 3075 239 3113 in
264 3073 454 3114 Ecclesia.
481 3076 584 3114 Post.
609 3074 704 3113 haec
728 3079 870 3114 cuncta
905 3088 1047 3116 memo-

93 3148 207 3176 rasse
230 3148 278 3175 ac
302 3136 514 3176 mandasse
539 3136 680 3176 litteris
703 3167 711 3185 ,
736 3149 824 3176 cum
849 3137 955 3177 illius
987 3139 1047 3178 al-

93 3211 181 3238 mae
202 3199 307 3239 seclis
327 3198 519 3238 obtineret
540 3200 704 3251 apicem,
722 3204 757 3238 et
783 3200 821 3238 in
842 3204 919 3239 tota
932 3202 1046 3252 prin-

93 3261 230 3313 cipatu
247 3261 416 3315 polleret
434 3262 628 3302 Ecclesia.
644 3265 784 3302 Nescio
808 3263 913 3302 uude
937 3276 1048 3303 accc-

93 3325 222 3374 perint
249 3326 549 3366 Centuriatores
585 3326 946 3377 lllagdoburgcnscs
970 3327 1044 3377 IV,

103 3386 156 3425 lO.
173 3399 258 3439 pag.
275 3387 365 3427 748.
382 3389 666 3439 Hieronymum
683 3390 912 3429 meminisse
929 3401 1045 3428 enar-

2010 262 2090 301 [123

1140 334 1341 374 rationum
1354 337 1510 375 Damasi
1530 336 1570 375 in
1584 335 1680 375 XVI.
1697 335 1914 388 Prophetas
1931 349 1942 385 ;
1959 347 2089 387 neque

1142 410 1306 449 possum
1331 398 1461 438 dicere
1494 398 1556 438 ubi
1587 403 1719 438 exstet
1749 399 1906 439 libellus
1933 400 2092 439 Damasi

1139 461 1186 499 de
1209 461 1476 513 munificentia
1494 460 1745 500 Constantini
1756 462 1806 501 M.
1824 463 2088 512 conscriptus,

1138 535 1257 574 quem
1282 524 1417 563 laudat
1442 525 1633 562 Baronius
1657 523 1704 562 ad
1729 524 1929 574 Martyrol.
1947 525 2087 563 Roma—

1138 598 1234 625 num
1260 588 1308 626 48
1329 588 1424 625 Now
1452 587 1519 624 Vel
1543 586 1724 624 earmina
1745 586 1786 624 in
1818 585 2085 636 Psalterium,

1137 661 1238 699 quae
1263 649 1377 687 video
1397 651 1419 686 a
1444 650 1610 687 simlero
1635 652 1858 688 memorari.
1886 650 2087 700 Epistolas

1138 716 1301 750 mutuas
1325 712 1484 749 Damasi
1507 715 1626 761 atque
1651 712 1877 762 Hieronymi
1898 711 1943 750 de
1969 713 2089 753 Cata-

1138 772 1220 824 loyo
1257 772 1514 824 Pontificum,
1554 784 1654 822 quas
1683 773 1841 812 edidere
1872 774 2087 814 Godfridus

1135 834 1442 874 Henschennius
1464 838 1557 872 ante
1588 838 1744 872 tomum
1767 836 1795 873 Ι.
1827 834 1958 874 Actor.
1990 837 2089 876 San-

1133 901 1289 935 ctorum
1313 895 1479 947 Aprilis,
1505 896 1739 935 Lambecius
1763 901 1857 935 tom.
1883 899 1906 936 ⁶2
1933 911 1969 949 p.
1994 899 2085 950 924,

1135 969 1196 1009 sq.
1224 958 1408 997 Nicolaus
1445 957 1645 997 Antonius
1682 962 1778 996 tom.
1804 960 1840 998 4.
1871 960 1967 998 Βί1)1.
2006 966 2089 999 vet.

1131 1022 1328 1071 Hispanae
1352 1032 1438 1072 pag.
1464 1021 1553 1060 445.
1576 1021 1786 1060 Emanuel.
1823 1021 2087 1062 Schelstrate-

1131 1094 1209 1122 nus
1244 1087 1340 1122 tom.
1370 1085 1385 1123 4
1425 1084 1676 1134 antiquitatis
1714 1084 1960 1133 illustratae,
1999 1098 2086 1137 pag.

1131 1145 1208 1185 347
1237 1146 1291 1185 ita
1320 1147 1503 1197 repetiit,
1534 1152 1579 1186 ut
1611 1147 1729 1186 simul
1761 1147 2084 1198 demonstraret,

1131 1210 1359 1260 suppositas
1388 1220 1503 1248 esse:
1536 1209 1701 1261 perinde
1735 1215 1780 1250 ut
1813 1211 2015 1262 Epistolas
2041 1211 2088 1251 de

1131 1271 1384 1321 Psalmodia,
1409 1273 1513 1311 inter
1546 1274 1776 1324 Hieronymi
1809 1275 1928 1313 etiam
1970 1287 2089 1326 epera

1129 1334 1278 1373 obvias.
1303 1335 1396 1374 Illae
1427 1336 1614 1386 quoniam
1644 1336 1862 1387 perbreves
1890 1341 2015 1385 sunt,
2047 1343 2087 1376 et

1124 1397 1164 1434 in
1188 1396 1431 1437 editionibus
1454 1399 1682 1449 Hieronymi
1705 1410 1784 1436 non
1809 1399 1944 1438 minus
1964 1411 2085 1450 quam

1129 1459 1289 1498 Damasi
1320 1471 1485 1511 operum
1514 1461 1817 1510 desiderantur,
1842 1461 1916 1500 hoc
1939 1463 2085 1512 etiam,

1130 1532 1207 1560 non
1239 1523 1466 1574 importuno
1500 1524 1583 1562 loco
1608 1534 1681 1573 se,
1719 1529 1765 1564 ut
1798 1525 1961 1576 opinor,
1993 1527 2087 1565 offe-

1128 1589 1219 1624 rent
1242 1585 1486 1625 Lectoribus.

1153 1712 1391 1750 Beatissimo
1416 1713 1543 1763 Papae
1567 1712 1739 1751 Damaso
1763 1713 2057 1765 Hieronymus:

1182 1836 1360 1875 Gloriam
1381 1837 1615 1877 Sanctitatis
1639 1838 1744 1877 Tuae
1767 1842 1905 1879 nostra
1929 1838 2087 1878 humili-

1128 1902 1189 1938 tas
1212 1898 1452 1951 deprecatur
1471 1931 1481 1948 ,
1509 1904 1555 1938 ut
1588 1900 1807 1939 secundum
1835 1900 2085 1953 Apostolicae

1127 1961 1241 2002 Sedis
1264 1961 1545 2002 authoritatem
1563 1995 1571 2013 ,
1595 1975 1718 2014 quam
1736 1964 1989 2014 coqnovimus
2004 1977 2084 2016 per

1127 2029 1238 2064 tuam
1260 2025 1514 2064 sanctitatem
1537 2024 1763 2077 ,qubernari
1777 2058 1788 2075 ,
1813 2029 1928 2065 actus
1953 2031 2082 2078 yesto-

1127 2100 1220 2127 rum
1261 2089 1288 2126 ὰ
1328 2088 1443 2126 Beati
1486 2087 1598 2126 Petri
1627 2087 1806 2140 Apostoli
1848 2089 2084 2141 Principatu

1126 2162 1252 2202 usque
1275 2150 1330 2189 ad
1357 2153 1495 2190 vestra
1515 2154 1693 2203 tempora
1707 2181 1717 2198 ,
1742 2162 1843 2202 qnae
1866 2150 2017 2190 scilicet
2043 2151 2085 2190 in

1128 2212 1227 2253 Sede
1265 2216 1334 2252 tua
1359 2216 1472 2264 qesta
1505 2216 1623 2263 sunt,
1655 2211 1768 2252 nobis
1789 2225 1867 2264 per
1905 2213 2082 2253 ordinem

1122 2275 1267 2327 paucis
1290 2287 1487 2315 enarrare
1510 2275 1704 2327 cliyueris,
1726 2279 1922 2328 quatenus
1944 2279 2086 2315 nostra

1129 2337 1332 2377 humilitas
1364 2338 1535 2378 sentiens
1566 2342 1846 2390 recoynoscat,
1885 2338 1976 2391 quis
2006 2351 2084 2378 me-

1128 2400 1263 2439 ruerit
1282 2400 1329 2440 de
1350 2400 1558 2453 Episcopis
1572 2400 1831 2452 supradictae
1846 2401 1960 2441 Sedis
1976 2413 2084 2440 mar-

1130 2462 1231 2513 tyrio
1255 2462 1455 2512 coronari,
1479 2461 1545 2502 vel
1564 2463 1604 2502 si
1623 2463 1713 2514 quis
1733 2467 1874 2502 contra
1900 2464 2081 2503 Canones

1128 2523 1407 2575 Apostolorum
1435 2525 1659 2564 eoecessisse
1689 2529 1960 2576 coquoscatur.
1994 2526 2077 2564 Ora

1122 2589 1201 2628 pro
1224 2577 1336 2618 nobis
1358 2578 1590 2618 Beatissime
1614 2580 1739 2630 Papa.

1226 2703 1422 2742 Damasus
1453 2703 1675 2753 Episcopus
1700 2703 1816 2741 Urbis
1841 2703 1985 2742 Romae

1331 2766 1571 2815 Hieronymo
1595 2764 1830 2815 Presbytero
1853 2778 1859 2802 :

1179 2890 1334 2930 Gaudet
1359 2889 1540 2929 Ecclesia
1569 2894 1633 2928 tuo
1658 2889 1763 2942 fonte
1782 2890 1873 2941 jam
1900 2889 2078 2931 satiata:

1123 2957 1161 2992 et
1178 2952 1348 3004 cinzplius
1367 2953 1451 2993 sitit
1463 2952 1678 2992 curiositas
1696 2956 1912 3004 temporum
1934 2954 2078 2992 Sacer-

1121 3015 1323 3064 dotalium,
1340 3020 1385 3054 ut
1401 3016 1506 3068 quod
1520 3016 1682 3067 dianum
1703 3019 1772 3064 est,
1794 3019 2071 3066 coqnuscatum

1121 3078 1227 3129 quod
1264 3078 1490 3129 indigynum,
1530 3082 1758 3130 respuatur.
1795 3078 2071 3116 Verumtamen

1116 3144 1228 3189 qesta
1252 3140 1482 3192 Pontificum
1500 3172 1510 3189 ,
1535 3152 1638 3191 quae
1659 3139 1862 3191 potuimus
1890 3140 2071 3192 reperire

1121 3202 1158 3240 in
1178 3202 1291 3241 Sedis
1316 3206 1473 3241 nostrae
1497 3202 1626 3241 stadio
1641 3234 1650 3251 ,
1680 3201 1735 3240 ad
1765 3205 1875 3240 tuam
1897 3201 2073 3241 charita-

1121 3270 1194 3304 tem
1223 3264 1438 3315 {lazidcntcs
1467 3264 1707 3304 ‹lire.1·1'nius.
1745 3265 1828 3304 Ora
1856 3276 1932 3317 pro
1963 3264 2074 3305 nobis

1119 3327 1173 3366 ait
1211 3331 1388 3366 sanctam
1425 3328 1784 3377 resurrectionem,
1826 3328 1985 3381 frater,
2038 3333 2073 3368 ct

1119 3389 1405 3442 conpresbyter.
1447 3390 1536 3430 Vale
1558 3391 1596 3429 in
1617 3390 1775 3432 Christo
1799 3392 1876 3431 Deo
1892 3424 1902 3441 ,
1935 3396 1973 3431 et
1994 3393 2067 3429 Do-
