2500 4009
401 245 478 284 398

393 315 562 352 editione
604 314 862 352 §turmot-iana
898 315 991 347 tom.
1030 310 1115 348 ΧΗ.
1154 304 1346 350 Thesauri

393 376 690 426 Mediolanensis
715 384 790 409 non
817 371 930 409 modo
954 371 1140 409 adhibitis
1163 372 1250 409 aliis
1274 374 1346 411 Co-

393 438 545 475 dicibus
569 436 673 473 MSS.
699 439 733 471 et
762 433 954 471 Chronico
980 433 1125 470 inedito
1164 433 1344 472 Andreae

393 499 548 535 lic-‹lusii
580 496 627 531 de
652 495 806 539 Quero.
832 496 897 543 qui
921 506 969 532 ex
995 495 1188 533 Cortusiis
1218 496 1346 544 proie-

390 561 454 596 cit.
471 566 570 606 opus
587 557 714 605 ipsum
731 555 942 594 exhibetur
966 557 1198 606 castigatius
1221 560 1260 594 et
1283 567 1347 594 ca—

390 619 533 668 pitibus
573 618 712 655 xxu'.
740 617 822 654 libri
862 617 1026 655 secundi
1065 617 1248 655 auctius:
1274 617 1342 655 sed

388 681 505 716 etiam
536 689 585 716 ex
614 678 774 716 Estensi
807 678 951 716 Codice.
980 677 1166 727 adjuncta
1196 678 1346 718 addita—

388 745 543 785 menta,
566 751 642 777 non
668 745 712 777 ut
735 751 835 790 opus
860 741 988 790 ipsum
1015 742 1160 790 scripta
1182 742 1316 779 Latine
1335 770 1342 788 ,

385 802 452 840 sed
485 802 616 840 ltalice
646 801 814 839 dialecto
840 803 1053 842 Patavina.
1078 803 1248 841 alterum
1275 814 1344 853 per

386 866 491 914 ipsos
515 864 719 902 Cortusios
746 863 911 901 fortasse
932 864 980 901 ab
1006 863 1120 901 Anno
1161 865 1262 903 43:¹39
1293 864 1340 902 ad

391 926 498 964 l365.
529 925 699 962 alterum
731 926 921 974 scriptore
953 925 1162 974 Anonymo
1182 925 1230 963 ab
1268 925 1340 963 An.

386 987 486 1024 ¹354
516 985 562 1023 ad
596 986 707 1023 1391.
732 985 827 1022 vido
853 987 1123 1036 Conspectum
1148 986 1339 1024 Thesauri

382 1047 637 1086 Eruditorum
679 1048 810 1085 ltaliae
834 1059 919 1096 pag.
946 1048 994 1084 99
1020 1052 1059 1085 et
1084 1047 1156 1086 167
1181 1052 1221 1085 et
1242 1047 1340 1086 Acta

382 1109 639 1148 Eruditoruin
663 1109 734 1146 An.
767 1108 888 1156 ¹733,
914 1120 1000 1158 pag.
1027 1110 1117 1147 3:²35.

438 1172 581 1208 Petrus
601 1170 649 1207 de
667 1170 896 1208 CORSlNlS
914 1170 1166 1208 Florentinus
1182 1170 1342 1221 Episco-

385 1244 460 1283 pus
484 1237 520 1269 et
549 1231 768 1269 (Iardinalis
786 1231 1014 1268 portuensis
1033 1234 1073 1267 et
1095 1231 1133 1268 S.
1152 1232 1314 1269 Rutinae
1333 1245 1340 1268 :

386 1299 518 1344 partes
554 1297 718 1330 secutus
754 1292 973 1329 Clementis
1002 1292 1069 1329 Vll
1104 1292 1342 1343 Anti-Papae

385 1361 520 1392 contra
545 1354 745 1392 Urbanum
768 1353 815 1390 vl
838 1357 878 1389 et
898 1351 1113 1391 defunctus
1133 1353 1206 1391 An.
1225 1354 1339 1392 4405.

385 1418 438 1453 lie
468 1428 512 1453 eo
539 1413 810 1453 consulendus
840 1413 1025 1451 Baluzius
1060 1415 1164 1451 notis
1193 1414 1238 1452 ad
1272 1415 1341 1452 Pa-

386 1488 455 1527 pus
479 1477 782 1515 Avenionenses
804 1479 896 1512 tom.
924 1475 937 1512 Ι
957 1504 964 1521 ,
991 1486 1076 1524 pag.
1104 1475 1205 1513 4040
1225 1504 1232 1523 ,
1257 1486 1340 1525 seq.

388 1540 559 1576 liiarium
595 1536 851 1576 Eruditorum
876 1537 1007 1574 ltaliae
1040 1541 1132 1574 tom.
1156 1537 1234 1583 IX,
1257 1548 1342 1587 pag.

390 1600 472 1638 147.
504 1610 615 1648 seqq.
639 1601 678 1635 et
708 1598 836 1636 Julius
858 1598 976 1646 Niger
997 1599 1032 1634 in
1056 1598 1224 1635 Historia
1249 1599 1344 1635 scri—

385 1667 541 1711 ptorum
569 1661 880 1698 Florentinorum
905 1670 990 1708 pag.
1019 1659 1104 1697 li-Gl.
1137 1669 1219 1708 seq.
1243 1660 1345 1695 Scri—

387 1725 459 1772 psit
490 1722 589 1760 vitas
615 1720 841 1771 Pontificum
865 1720 1118 1770 quorundam
1141 1725 1178 1758 et
1203 1720 1345 1758 Cardi-

387 1783 533 1821 nulium
554 1815 560 1823 .
600 1782 667 1819 sed
713 1782 881 1819 necdum
922 1781 1060 1819 editas.
1105 1780 1344 1819 Relationem

384 1845 430 1882 (le
454 1845 635 1882 electione
659 1842 810 1880 l'rlmni
832 1843 890 1880 VI.
913 1846 949 1880 et
969 1842 1269 1893 Responsionem
1292 1842 1347 1880 ad

388 1906 635 1957 quaestiones
654 1903 953 1954 „lrcln'epsscopi
971 1903 1152 1942 Toletani.
1161 1903 1223 1942 Act
1232 1904 1347 1942 Prin-

383 1968 486 2018 cipes
504 1966 753 2006 Christianos
769 1966 815 2004 (le
835 1966 1094 2017 componendo
1112 1966 1342 2006 Schismate.

390 2030 503 2067 Plura
528 2030 612 2067 eius
637 2029 719 2066 loca
744 2028 856 2065 affert
873 2028 1057 2066 laudatus
1074 2028 1259 2066 Baluzius
1279 2038 1346 2065 va-

392 2092 458 2127 riis
494 2091 588 2127 locis
620 2094 829 2136 notarum,
855 2089 1000 2137 quibus
1024 2090 1215 2137 Paparum
1242 2087 1346 2125 Ave-

390 2152 638 2188 nionensium
666 2151 867 2187 historiam
908 2149 1132 2186 illustravit.
1173 2150 1342 2186 Brevem

393 2210 606 2260 Epistulam
629 2210 682 2247 cul
706 2208 999 2247 Gubernatores
1016 2208 1198 2247 Civitatis
1223 2209 1346 2247 Sena-

392 2283 505 2317 rmn,
524 2271 641 2308 edidit
665 2270 852 2314 [If-'hellus
877 2276 969 2306 tom.
991 2270 1053 2306 111.
1071 2269 1255 2306 editionis
1280 2279 1346 2305 no-

394 2346 493 2376 vae,
520 2334 581 2370 ubi
615 2333 728 2381 plura
759 2332 806 2367 ‹le
839 2331 909 2368 llO(·
939 2332 1115 2368 (Zorsinio
1146 2342 1230 2380 pag.
1259 2332 1344 2369 453.

446 2394 696 2431 (joltx'lxijs
722 2391 835 2431 Celer
856 2390 1033 2430 Clemens
1047 2422 1056 2438 ‚
1078 2390 1230 2441 Apuleji
1251 2391 1348 2427 ami-

393 2467 488 2494 cus.
519 2456 584 2504 qui
632 2453 943 2491 eriulitissimum
989 2456 1025 2489 et
1062 2451 1346 2490 suavissimum

396 2517 603 2554 Poetarum
620 2515 803 2565 appellat,
823 2516 858 2551 in
877 2514 1024 2552 floridis
1051 2526 1134 2563 pag.
1151 2512 1227 2549 770
1253 2511 1345 2549 edit.

396 2581 431 2614 in
472 2589 588 2615 usum
630 2577 832 2627 llelphini,
858 2576 921 2614 ubi
955 2577 1084 2613 omnia
1122 2571 1350 2611 Aleoeandrt

396 2638 529 2687 Massia
546 2636 733 2676 sublimia
746 2636 931 2689 facinora
949 2667 955 2683 ,
974 2635 1037 2674 vel
1057 2634 1147 2672 belli
1164 2645 1268 2672 ausa
1288 2631 1350 2671 vel

397 2700 501 2737 domi
514 2700 678 2750 provisa
702 2701 755 2737 ait
780 2711 870 2737 eum
888 2697 1157 2749 pulcherrimo
1172 2694 1348 2733 carmine

397 2761 626 2800 illustrasse.
658 2762 738 2800 Non
770 2761 890 2798 alium
933 2761 1049 2809 igitur
1085 2763 1286 2797 auctorem
1327 2768 1347 2793 a

399 2825 636 2872 (Juspiniano
665 2834 784 2872 quam
816 2822 1028 2872 Apuleium
1060 2820 1227 2858 debebat
1257 2818 1352 2855 Vos-

401 2885 481 2921 sius
503 2896 586 2933 pag.
608 2884 684 2920 739
707 2884 767 2920 vel
788 2887 974 2932 expetere
996 2882 1058 2921 vel
1093 2884 1325 2930 exspectare
1344 2909 1352 2927 ,

401 2957 517 2993 quern
537 2945 585 2982 de
602 2946 771 2983 Corvino
789 2944 859 2981 hoc
875 2943 1012 2981 eadem
1032 2952 1258 2980 memorans
1274 2942 1355 2979 lau-

402 3007 493 3043 ‹lare
505 3005 903 3056 potuissent-:jusdem
913 3006 1068 3043 Corvini
1082 3004 1358 3053 Celeris-quae-

406 3070 521 3104 storis
547 3068 724 3104 meminit
750 3065 941 3116 Apulejus
959 3067 995 3103 in
1013 3065 1195 3115 Apologia
1215 3076 1248 3113 p.
1268 3062 1356 3102 540.

460 3129 656 3166 Cossus
695 3128 853 3166 Laurus
887 3128 1102 3165 Briximsis
1145 3127 1246 3163 circa
1283 3123 1357 3162 An.

415 3188 522 3225 1170.
555 3190 719 3238 scriptor
753 3200 884 3227 rerum
916 3189 1178 3225 Brixiensium
1209 3185 1257 3223 de
1287 3186 1361 3222 ori-

412 3248 566 3292 mnibus
591 3250 823 3287 familiarum
856 3249 1042 3287 nobilium
1068 3253 1107 3286 et
1130 3248 1178 3287 de
1201 3258 1363 3299 praesu-

414 3308 515 3348 libus
547 3310 823 3349 lirinensibus,
856 3311 950 3348 Vide
982 3312 1162 3349 vossium
1194 3321 1229 3361 p.
1261 3311 1350 3349 809.

1198 242 1576 282 ‹toltleUs

1473 313 1668 352 COSMAS
1696 315 1872 364 Japygus
1902 315 2146 353 Materiensis
2169 314 2272 351 circa
2292 311 2372 350 An—

1420 386 1514 413 num
1539 375 1613 411 950
1651 374 1818 413 traditur
1851 387 2008 414 carmen
2041 374 2237 425 quoddam
2267 383 2373 411 com-

1418 436 1598 485 posuisse
1623 436 1661 472 in
1691 435 1877 473 honorem
1907 436 2134 487 Theopompi
2162 435 2370 485 Episcopi,

1422 495 1595 534 Theonoe
1617 499 1656 534 et
1675 496 1832 547 Synesii
1845 526 1853 543 ,
1878 508 2045 546 quorum
2075 497 2304 546 Martyrium
2330 496 2369 532 in

1419 558 1681 596 Diocletianea
1719 559 1993 607 persecutione
2022 569 2230 608 passorum
2268 556 2372 594 cele-

1419 618 1533 657 brant
1562 618 1604 657 21
1642 618 1727 668 Maj.
1758 620 1922 669 Incipit:
1950 619 2123 659 Contulit
2147 616 2372 669 aymim'bus

1416 679 1595 731 fratrum
1624 680 1695 730 pia
1719 691 1886 718 munera
1912 680 2120 719 CHristu-s.
2152 680 2373 718 Praemisso

1417 741 1576 778 exordio
1605 740 1652 778 ad
1683 742 1914 789 Gregorium
1946 743 2111 788 Ligum,
2134 740 2370 779 Monachum

1416 801 1758 840 Nonantulanum:
1781 802 1945 840 Cosmas
1970 801 2160 852 Greqore'o
2183 800 2371 840 Monacho

1415 862 1521 900 (ledit
1543 862 1620 899 ista.
1641 860 1815 910 beniqno.
1843 861 2059 910 Subjicitur
2083 862 2259 912 hymnus
2277 891 2285 910 ,
2306 873 2375 900 cu-

1411 924 1478 973 jus
1500 925 1651 961 initium
1674 936 1680 960 :
1701 922 1859 961 Celsum
1875 922 2119 972 triumphum
2134 923 2372 973 Martyrum.

1416 985 1549 1024 Edidit
1577 996 1625 1022 ex
1656 984 1931 1022 Nonantulano
1956 983 2099 1023 Codice.
2126 983 2318 1033 Ughellus
2341 988 2369 1020 t.

1415 1047 1460 1084 11.
1486 1047 1619 1084 ltaliae
1641 1055 1789 1092 sacrae,
1815 1045 1879 1082 ubi
1902 1044 1950 1082 de
1970 1044 2263 1083 Mutinensibus
2281 1045 2374 1094 Epi-

1415 1109 1544 1158 scopis
1568 1119 1604 1157 p.
1633 1108 1700 1145 444
1726 1135 1733 1154 ,
1759 1106 1834 1145 442
1865 1105 1955 1144 edit.
1984 1117 2111 1144 novae
2135 1106 2312 1156 (veteris
2335 1117 2372 1157 p.

1419 1171 1504 1208 139.
1531 1168 1640 1218 seq.)

1470 1230 1666 1270 COSMAS
1697 1228 1912 1279 Praqensis
1935 1230 2120 1268 Decanus
2155 1240 2175 1268 a
2205 1230 2373 1278 Cosma,

1415 1294 1623 1343 Pragensis
1646 1292 1847 1330 Ecclesiae.
1884 1290 1930 1329 ad
1961 1292 2033 1328 An.
2060 1291 2154 1330 4094
2185 1291 2233 1330 ad
2258 1292 2373 1331 4098.

1415 1356 1606 1405 Episcopo
1650 1353 1860 1402 diligenter
1895 1351 2202 1402 distinguendus
2231 1354 2264 1398 a)
2310 1364 2376 1390 eo-

1413 1429 1490 1468 que
1517 1416 1650 1467 junior
1673 1419 1713 1452 et
1739 1415 1811 1453 An.
1836 1414 1951 1453 4099.
1971 1413 2133 1452 demum
2157 1413 2374 1453 sacerdotio

1416 1480 1697 1524 inauguratus,
1731 1477 1890 1526 scripsit
1922 1474 2160 1515 Chronicam
2190 1474 2376 1513 Bohemo-

1414 1552 1505 1577 rum
1521 1540 1629 1578 libris
1645 1539 1710 1576 111.
1727 1537 1773 1575 ad
1792 1538 2264 1587 SeverumPraepositum
2282 1537 2375 1576 Mel—

1413 1603 1602 1640 licensem
1632 1605 1672 1638 et
1699 1600 1937 1638 Gervasium
1966 1599 2223 1648 Magistrum,
2252 1608 2371 1647 quem

1415 1663 1729 1711 archigerontem
1759 1660 1955 1711 appellat,
1985 1659 2035 1698 ab
2063 1659 2256 1697 Primislai
2287 1659 2373 1697 sive

1417 1725 1618 1762 Brzetislai
1639 1725 1664 1761 1.
1693 1722 1938 1772 temporibus
1977 1719 2052 1759 An.
2088 1720 2202 1759 4038.
2243 1730 2371 1769 usque

1417 1785 1466 1823 ad
1496 1785 1728 1822 Sobeslaum
1758 1785 1908 1822 Ducem
1937 1781 1982 1820 A.
2013 1783 2055 1821 C.
2088 1782 2203 1820 4425.
2233 1781 2270 1830 b)
2294 1792 2372 1831 quo

1420 1847 1502 1896 ipso
1530 1855 1663 1883 annno
1692 1846 1811 1882 etiam
1842 1844 2008 1882 Cosmas
2031 1842 2205 1881 chronici
2234 1846 2373 1881 auctor

1419 1906 1640 1944 tumulatus
1661 1915 1750 1943 esse
1770 1904 2000 1955 perhibetur
2022 1904 2059 1942 in
2080 1902 2223 1943 Codice
2248 1906 2374 1941 veteri

1419 1968 1628 2017 Pragensis
1657 1967 1882 2014 Ecclesiae,
1904 1976 2023 2016 quem
2045 1965 2268 2004 Bohuslaus
2291 1964 2379 2003 Bal-

1418 2030 1535 2069 binus
1565 2029 1748 2079 inspexit.
1791 2029 1869 2066 IIos
1912 2027 2031 2066 libros
2069 2027 2222 2076 primus
2251 2025 2375 2065 edidit

1419 2091 1614 2129 Freherus
1643 2091 1681 2126 in
1710 2089 1844 2126 limine
1875 2089 2111 2137 scriptorum
2142 2098 2273 2126 rerum
2304 2089 2376 2125 Bo-

1419 2153 1676 2196 hemiearum,
1702 2151 1899 2187 llanoviae
1922 2149 2023 2188 4602
2043 2179 2050 2198 ,
2072 2149 2134 2187 401.
2157 2148 2298 2187 deinde
2320 2150 2378 2186 in-

1420 2213 1629 2261 tegriorem
1661 2209 1749 2248 ibid.
1783 2208 1909 2257 4607,
1935 2209 1997 2247 401.
2023 2220 2072 2248 ex
2096 2219 2173 2259 qua
2202 2209 2375 2248 editione

1420 2274 1564 2311 rariore
1585 2270 1832 2310 recudendos
1850 2272 1907 2308 Jo.
1929 2270 2183 2309 Burchardus
2198 2269 2379 2309 Mencke-

1421 2335 1512 2372 nius
1544 2333 1566 2370 0‘
1585 2332 1796 2383 μακαρίτης
1820 2331 1929 2369 dedit
1958 2336 2051 2369 tom.
2082 2332 2110 2369 1.
2140 2332 2378 2381 scriptorum

1421 2407 1553 2432 rerum
1583 2395 1909 2432 Germanicarum
1939 2404 1975 2442 p.
2008 2392 2247 2431 4968-2432.
2273 2391 2382 2430 addi-

1421 2457 1471 2493 tis
1495 2466 1652 2505 quoque
1676 2454 1843 2493 eruditis
1867 2455 1973 2492 notis
2002 2454 2045 2493 C.
2084 2453 2129 2492 V.
2168 2453 2381 2492 Christian.

1420 2518 1592 2555 Gottlieb
1617 2517 1865 2555 Schwartzii.
1893 2516 1995 2565 Lips.
2019 2513 2149 2562 4728,
2174 2514 2237 2552 401.
2262 2513 2383 2553 Addi-

1421 2579 1477 2616 dit
1494 2580 1531 2616 in
1549 2579 1764 2628 posteriore
1780 2577 1952 2615 editione
1967 2575 2244 2615 suaFreherus
2260 2575 2381 2613 etiam

1421 2641 1459 2679 S.
1490 2638 1699 2677 Adalberti
1737 2638 1884 2685 vitam,
1914 2637 2097 2688 Episcopi
2141 2636 2375 2685 pragensis,

1422 2701 1699 2748 bohemorum,
1718 2700 1952 2738 Polonorum
1969 2702 2010 2737 et
2025 2699 2261 2736 Prussorum
2279 2695 2383 2747 Apo-

1424 2763 1524 2809 stoli,
1542 2762 1728 2813 praefixis
1750 2761 1905 2799 Martini
1921 2759 2112 2801 Grutheni
2134 2761 2174 2796 et
2194 2757 2381 2808 Casperis

1425 2825 1605 2873 Cropaxii
1634 2823 1768 2872 elogiis
1807 2823 1960 2860 Ducum
1994 2821 2227 2870 Regumque
2256 2817 2381 2857 Bohe-

1427 2885 1647 2930 micorum,
1672 2883 1875 2929 ,carmine3
1907 2881 1976 2920 sed
2006 2891 2093 2920 eam
2124 2880 2247 2917 vitam
2276 2879 2383 2917 Men-

1429 2945 1592 2984 ckenius
1621 2943 1805 2983 laudatus
1828 2945 1986 2993 omisit,
2008 2941 2114 2993 quod
2134 2933 2296 2979 alterius
2316 2950 2383 2990 po-

1486 3075 1518 3112 a)
1549 3074 1630 3106 vide
1653 3073 1838 3105 Menckenii
1863 3072 2103 3110 praefationem
2127 3069 2168 3100 ad
2195 3072 2323 3100 tomum
2347 3068 2386 3104 Ι,

1430 3129 1461 3156 et
1484 3133 1558 3164 pag.
1584 3123 1662 3154 1968
1688 3125 1721 3153 et
1743 3120 1824 3151 2265
1859 3128 1897 3150 ex
1933 3117 2087 3150 Bohuslai
2111 3118 2241 3149 Bulblnl
2278 3117 2388 3155 epito-

1428 3182 1478 3205 me
1505 3181 1614 3204 rerum
1638 3171 1771 3203 Bohem.
1793 3176 1869 3209 pag.
1894 3166 1966 3198 211.

1488 3222 1524 3261 b)
1549 3224 1680 3252 Praeter
1702 3226 1771 3250 rein
1786 3215 1873 3256 apud
1895 3216 2058 3254 cangium
2076 3214 2220 3245 traditur
2236 3211 2389 3243 desinere

1431 3273 1464 3302 in
1493 3274 1553 3302 An.
1578 3269 1657 3300 1086
1678 3272 1711 3299 et
1733 3267 1819 3306 apud
1845 3263 2013 3295 oudinum
2036 3266 2116 3294 tom.
2141 3263 2167 3291 ΙΙ
2185 3284 2194 3299 ,
2221 3267 2296 3299 pag.
2323 3259 2384 3290 76ss

1431 3319 1571 3350 refertur
1593 3318 1633 3349 ad
1657 3320 1789 3349 Annum
1815 3312 1906 3345 1080.
