2500 3841
860 196 1387 242 ANCILLARIUS
2073 198 2124 238 85

116 272 184 316 lini
208 278 350 315 nactus
393 284 484 313 sum
509 274 704 323 integram
737 272 961 312 Ancharani
1002 272 1083 311 dis-

115 338 374 377 sertationem
386 365 394 385 ,
408 347 488 386 qua
505 335 735 375 Cardinales
749 336 959 385 utriusque
976 346 1082 373 com—

115 400 320 438 munionis
343 398 544 446 hortatur⁷
564 401 610 435 ut
633 396 887 435 Pontificibus
911 398 995 435 suis
1014 396 1083 434 de-

115 461 235 499 sertis
258 460 421 499 tertium
444 459 565 497 alium
589 462 810 497 assumant.
828 457 1081 496 Lucubratio-

115 533 208 560 nem
244 521 347 560 hanc
382 519 556 571 pubblici
585 521 694 559 Juris
725 518 901 557 nondum
937 519 1080 557 factam

112 583 297 631 arbitror,
320 586 362 621 et
385 582 660 633 dignissimam
682 585 839 632 reputo,
856 585 900 619 ut
920 580 1082 630 evulge—

114 647 192 684 tur.
215 645 278 684 En
302 644 484 682 titulum:
509 645 704 682 tractatus
728 642 840 681 Petri
859 642 905 681 de
926 640 1082 680 Ancha-

111 716 213 743 rano
233 703 377 745 Rev.¹”⁰
398 705 440 743 in
461 705 618 745 Christo
643 706 686 743 P.
708 705 753 743 D.
771 703 1013 743 Baldo-ssari
1032 702 1079 741 cle

113 766 283 818 Neapoli
292 767 546 807 miseratione
564 766 712 806 Divina
736 767 790 805 tit.
811 767 850 806 S.
872 763 1083 804 Eustachii

110 828 285 868 Diacono
310 828 536 878 Cardinali,
554 832 593 868 et
610 826 856 880 Apostolicae
880 826 993 867 Sedis
1009 826 1079 864 Le—

108 894 202 942 9at0
221 895 296 931 etc.
323 890 499 941 Qaeritis
523 903 549 929 a
571 902 631 929 me
655 889 796 929 humili
815 887 1004 928 servitori
1013 898 1079 926 ve-

112 955 197 992 stro
220 957 295 992 etc.
319 953 520 992 Baltassar
544 953 607 991 hic
631 963 709 990 non
734 952 834 990 alius
854 950 903 988 ab
926 960 984 996 eo,
1008 948 1075 997 qui

109 1017 249 1064 postea
272 1013 348 1053 sub
369 1015 532 1052 Joannis
553 1014 723 1053 XXXIII
749 1013 906 1050 nomine
923 1011 962 1048 in
979 1011 1078 1048 Pon-

112 1075 260 1114 tificem
281 1080 515 1127 assumptus
536 1076 621 1114 fuit.

163 1139 216 1177 Et
238 1149 290 1177 ex
311 1142 339 1176 t.
359 1138 404 1177 V.
423 1139 568 1176 Petrus
584 1136 631 1176 cle
644 1134 886 1174 Ancharano
908 1133 966 1182 (a).
987 1133 1078 1170 Far-

112 1200 314 1238 nesiorum
342 1199 515 1239 Castello
531 1228 540 1246 ,
563 1196 673 1237 Baldi
696 1208 758 1234 an.
791 1195 906 1234 4400.
936 1193 1077 1232 defun-

112 1261 167 1298 cti
195 1259 417 1310 discipulus
444 1261 559 1298 Jctus
587 1258 754 1298 celebris
789 1256 1076 1304 Bononiensis,

111 1322 280 1373 scriptor
324 1322 712 1361 Commentariorum
764 1319 802 1357 in
849 1317 1077 1357 Decretales

111 1383 283 1422 Sextum
311 1387 352 1422 et
380 1383 671 1430 Clementinas,
700 1381 956 1420 consiliorum
985 1379 1078 1417 alia-

111 1456 283 1495 rumque
311 1445 643 1484 lucubrationum.
677 1443 774 1481 Vide
813 1441 1076 1481 Trithemium

108 1516 194 1557 cap.
217 1504 267 1545 75
284 1534 293 1554 ,
316 1506 547 1545 Forsterum
567 1508 605 1544 in
628 1505 792 1543 historia
810 1506 830 1542 J
837 1505 918 1543 uris
938 1502 1076 1543 Civilis

111 1578 198 1618 pag.
229 1568 319 1606 664.
347 1567 571 1607 Guidonem
595 1567 859 1606 Pancillorum
889 1566 967 1614 ΙΙΙ,
997 1564 1074 1612 267

111 1630 178 1679 qui
197 1633 239 1668 et
256 1629 469 1680 collegium
487 1640 709 1680 pauperum
732 1627 1002 1667 studiosorum
1026 1627 1075 1664 ab

109 1702 156 1730 eo
174 1692 372 1729 Bononiae
392 1691 623 1729 institutum
644 1689 817 1728 celebrat
835 1702 842 1726 :
874 1689 1074 1726 Labbeum

110 1757 138 1790 t.
159 1753 193 1791 II
214 1752 264 1791 de
279 1753 318 1791 S.
333 1753 379 1791 E.
396 1764 434 1802 p.
456 1752 546 1800 483,
560 1751 800 1789 Wartonum
817 1749 867 1787 ad
881 1750 1072 1796 Caveum,

109 1813 314 1853 Ondinum
338 1817 434 1851 tom.
460 1813 482 1851 3
506 1824 591 1863 pag.
620 1812 721 1850 4239
746 1816 822 1850 etc.

162 1874 269 1914 *Jcti
284 1873 405 1925 hujus
434 1878 590 1926 praeter
619 1873 724 1912 edita
742 1874 854 1924 plura
870 1877 962 1912 sunt
978 1884 1075 1924 opu-

111 1937 223 1976 scula
238 1938 278 1975 in
293 1936 495 1975 codicibus
508 1937 615 1975 MSS.
626 1947 796 1986 quorum
814 1936 957 1985 aliqua,
973 1946 1074 1985 quae

113 1999 221 2038 MSS.
263 1997 428 2039 Codices
464 1999 667 2037 Ecclesiae
696 1998 854 2036 maioris
884 1999 1075 2036 Lucensis

114 2060 364 2110 servant,hic
380 2060 552 2100 indicare
566 2071 707 2111 operae
722 2061 917 2111 praetium
929 2058 1073 2109 judico.

113 2124 159 2161 In
183 2123 319 2174 regula
352 2124 457 2161 sexti
492 2123 776 2161 commentaria
805 2121 1073 2159 subtilissima.

111 2186 312 2235 Incipiunt
333 2183 459 2224 solent
475 2182 746 2222 Juriconsulti.
765 2184 810 2221 In
834 2183 911 2221 fine
926 2184 1075 2232 primae

116 2247 371 2297 praefationis
386 2247 532 2297 legitur
543 2259 555 2284 z·
567 2244 784 2295 Repetitum
799 2243 877 2296 fuit
892 2243 999 2282 istud
1012 2256 1077 2282 ca-

106 2311 185 2359 put
195 2319 274 2360 per
292 2319 353 2347 me
378 2310 540 2347 Petrum
555 2306 850 2346 cleAncliarano
873 2306 1077 2345 minimam

111 2370 227 2410 Juris
249 2369 461 2422 utriusque
480 2371 685 2409 Doctorem
703 2369 742 2406 in
759 2368 831 2407 hac
845 2367 1077 2420 felicissima

109 2432 269 2471 civitate
302 2432 498 2471 Bononiae
534 2430 758 2471 studiorum
799 2434 939 2469 matre.
969 2432 1076 2470 4597

109 2493 172 2532 (lie
202 2495 225 2532 3
251 2493 451 2533 Januarii.

160 2555 352 2594 Eiusdem
381 2557 560 2607 repetitio
584 2557 708 2595 altera
750 2556 902 2606 incipit:
932 2565 1074 2605 pecca-

111 2620 194 2655 tam
226 2627 304 2654 non
335 2615 558 2655 dimittitur.
589 2619 634 2656 In
676 2618 771 2656 fine:
803 2615 961 2668 publice
985 2628 1072 2655 eam

108 2677 251 2730 repetii
271 2677 379 2718 Pisis
401 2677 475 2717 ubi
507 2682 596 2717 erat
608 2679 699 2729 jam
734 2689 897 2717 sacrum
936 2678 1073 2718 Conci-

108 2738 205 2778 lium
227 2743 507 2791 conyreyatam
531 2743 570 2778 et
589 2740 630 2778 in
648 2739 810 2791 scriptis
835 2743 971 2791 postea
997 2741 1072 2779 Bo-

106 2801 248 2840 noniae
269 2800 406 2853 redeqi
428 2802 534 2842 4442
553 2801 617 2840 die
639 2801 665 2839 5
690 2801 807 2839 Iunii.

160 2865 263 2902 Tum
309 2867 534 2914 sequuntur
578 2863 861 2914 praelectiones
897 2864 994 2902 aliae
1031 2865 1070 2902 in

106 2925 268 2964 easdem
292 2926 460 2977 regulas.
485 2926 699 2964 Praelectio
722 2925 900 2964 eiusdem
925 2926 973 2964 ad
998 2928 1070 2965 Le.-

107 2999 197 3038 gem
214 2989 228 3027 4
248 2988 285 3027 ff.
301 2987 350 3026 de
364 2989 501 3039 paenis
523 2987 678 3034 ubilate
701 2991 844 3026 tractat
860 2999 1070 3039 argumen-

106 3053 194 3088 tum
218 3049 267 3088 de
290 3051 480 3088 mixtione
508 3051 595 3088 Fori
616 3051 699 3088 laici
725 3054 765 3088 ct
787 3049 1064 3090 Ecclesiastici.

106 3112 151 3150 In
185 3111 263 3151 fine
299 3113 439 3164 prioris
461 3113 760 3163 praelectionis,
790 3123 890 3162 quae
920 3113 1064 3164 incipit.

168 3244 218 3285 (a)
241 3245 383 3277 Ancora
405 3245 507 3277 Juris
522 3245 598 3278 inde
621 3246 730 3280 dictus
753 3248 788 3280 in
813 3247 991 3290 Epitaphio
1005 3250 1068 3282 Bo-

103 3294 225 3326 noniae
248 3295 282 3325 in
305 3295 429 3333 templo
452 3298 483 3328 s.
506 3296 684 3330 Dominici.

1157 270 1303 312 Laicus
1342 271 1509 321 quidam
1555 271 1651 310 haec
1683 270 1886 322 leguntur:
1920 269 2124 323 disputata

1155 334 1235 387 fuit
1255 334 1360 373 (licta
1382 332 1559 386 quaestio
1570 344 1646 384 per
1661 333 1824 371 Petrum
1843 331 1890 371 de
1911 330 2120 371 Anchara-

1154 408 1202 434 no
1225 396 1265 435 J.
1293 398 1330 435 V.
1356 396 1400 433 D.
1428 395 1467 432 in
1489 393 1596 432 alma
1619 393 1776 432 civitate
1789 394 2120 433 Bononiensistn-

1154 458 1310 496 diorum
1334 457 1506 496 omnium
1542 460 1689 503 matre,
1715 456 1755 494 in
1777 468 1857 507 qna
1880 455 2038 508 publice
2066 457 2121 495 ad

1153 523 1366 571 utramque
1384 522 1542 569 partem
1565 516 1743 556 omnibu-s
1767 516 2029 568 aryuentibus
2056 529 2120 556 re-

1154 580 1312 632 spondit
1327 590 1494 630 maqnae
1511 579 1714 628 scientiae,
1740 582 1778 617 et
1795 577 1953 618 subtilis
1973 579 2122 630 inqenii

1154 643 1220 682 vir
1238 644 1284 681 D.
1309 639 1497 681 Nicolaus
1520 640 1734 679 monachus
1752 642 1822 681 SS.
1841 642 2035 690 Qaatuor,
2051 652 2121 692 qm

1154 703 1365 742 materiam
1383 700 1575 753 praebuit
1589 701 1819 752 disputandi
1838 703 2033 741 (lictorum
2046 702 2119 741 du-

1154 764 1311 803 biorum
1335 763 1455 802 latius
1477 774 1592 814 quem
1609 774 1686 814 per
1713 762 1812 802 alios
1833 763 1983 815 factum
2011 763 2118 803 inve-

1151 824 1336 864 niebatur
1357 824 1431 863 An.
1458 825 1563 865 4442
1586 823 1648 862 die
1671 825 1726 864 25
1742 825 1889 864 Mensis
1908 825 2069 876 Aprilis.

1203 888 1484 926 Famosissirna
1505 891 1544 925 et
1565 886 1756 924 solemnis
1776 888 1956 936 repetitio
1979 889 2022 926 D.
2047 889 2117 926 Pe-

1151 950 1201 987 tri
1224 948 1273 987 de
1297 947 1536 987 Ancharano
1561 949 1598 986 in
1624 949 1789 987 materia
1813 952 2068 987 statutorum.

1204 1011 1376 1050 Consilia
1396 1011 1502 1049 illius
1526 1022 1636 1049 num.
1664 1010 1739 1047 432
1757 1010 1874 1060 plane
1890 1009 2049 1048 diversa
2068 1010 2116 1049 ab

1150 1071 1267 1111 editis
1289 1073 1466 1111 continet
1494 1072 1576 1111 Vol.
1601 1072 1688 1111 405.
1712 1072 1790 1110 MS.
1818 1072 1856 1109 in
1879 1071 2118 1110 Bibliotheca

1150 1134 1295 1172 Felina.

1206 1197 1280 1245 (Et
1300 1208 1350 1236 ex
1374 1201 1401 1235 t.
1426 1197 1475 1235 VI
1502 1197 1605 1244 346)
1646 1195 1766 1236 Errat
1795 1196 1997 1235 Fabricius
2025 1206 2117 1234 cum

1151 1258 1288 1297 multis
1304 1262 1447 1297 notans
1463 1258 1746 1298 Ancharanum
1762 1270 1825 1297 an.
1853 1259 1920 1297 444
1933 1258 1954 1296 Ο
1979 1257 2119 1296 defun-

1150 1323 1274 1358 ctum.
1299 1320 1483 1359 Pluribus
1500 1321 1608 1358 enim
1624 1320 1875 1358 demonstrat
1898 1320 1946 1358 cl.
1960 1320 2118 1358 Mazzu-

1150 1381 1304 1420 chellus
1329 1386 1355 1419 t.
1382 1383 1415 1420 II
1439 1393 1524 1432 pag.
1551 1381 1629 1420 676
1648 1393 1799 1420 annum
1816 1383 1902 1420 eius
1918 1385 2118 1420 emortua-

1151 1444 1230 1482 lem
1250 1444 1490 1495 signandum
1516 1454 1606 1482 esse
1630 1454 1692 1481 an.
1722 1444 1834 1482 4446.
1849 1448 2025 1482 erratum
2054 1446 2117 1481 est

1151 1506 1272 1545 etiam
1307 1505 1371 1543 hic
1400 1516 1421 1543 a
1452 1516 1516 1542 me
1545 1515 1637 1542 cum
1668 1505 1805 1554 scripsi
1836 1503 2118 1544 Ancharanum

1150 1566 1403 1618 respondisse
1432 1566 1592 1604 nomine
1616 1566 1778 1604 Concilii
1799 1567 1928 1604 Pisani
1949 1566 1998 1604 ad
2019 1566 2117 1604 Ver-

1149 1629 1373 1667 dunensem
1410 1629 1653 1679 Episcopum
1672 1657 1680 1676 7
1718 1626 1971 1665 scribendum
2011 1628 2118 1665 enim

1150 1691 1278 1729 fuerat
1302 1689 1351 1728 ad
1379 1689 1624 1729 Verclensem.
1653 1691 1697 1728 In
1722 1688 1856 1728 codice
1882 1689 1956 1728 466
1977 1688 2119 1727 Biblio-

1148 1750 1286 1789 thecae
1316 1752 1439 1789 Felini
1469 1756 1580 1790 extat
1610 1751 1922 1789 commentarius
1951 1761 2024 1788 seu
2051 1750 2121 1788 Le-

1147 1815 1265 1850 ctura
1287 1811 1432 1850 eoeimii
1450 1812 1631 1850 Doctoris
1657 1811 1772 1850 Petri
1804 1811 1851 1849 cle
1877 1810 2117 1850 Ancharano

1146 1884 1268 1924 super
1289 1876 1452 1911 seoetzcm
1471 1871 1735 1910 Decretalium
1754 1871 1893 1910 solerti
1904 1872 2033 1911 stadio
2042 1884 2119 1923 per

1146 1935 1194 1972 D.
1221 1936 1385 1973 Petram
1408 1933 1675 1985 Albiynanam
1703 1933 1888 1971 Traciam
1917 1937 1954 1972 et
1973 1932 2118 1984 plures

1147 1995 1247 2034 alios
1257 1996 1416 2035 emenda
1423 2000 1462 2034 ta
1478 1996 1673 2047 impressa
1687 1995 1853 2034 Venetiis
1872 1996 1928 2035 IV
1942 1995 1992 2034 id.
2008 1996 2118 2033 Mar-

1148 2059 1225 2097 tias
1252 2060 1365 2098 150¹.
1390 2060 1433 2096 In
1460 2059 1598 2097 eodem
1628 2059 1775 2108 pariter
1798 2058 1998 2096 volumine
2012 2069 2118 2096 com-

1148 2126 1261 2172 pacta
1283 2126 1348 2176 est
1373 2122 1545 2159 Lectara
1568 2119 1743 2158 eiusdem
1763 2130 1885 2170 super
1915 2118 2119 2158 Clementi-

1148 2193 1222 2221 nas
1244 2181 1540 2233 (lileyeizti'ssz‘tize
1564 2181 1761 2232 castiqata
1786 2185 1823 2220 et
1845 2184 2024 2219 correcta
2042 2192 2117 2231 per

1148 2245 1194 2282 D.
1218 2244 1473 2283 Bernarclnm
1489 2243 1707 2282 Olieerium
1727 2242 1773 2281 cle
1797 2242 2036 2293 Sanquineto
2053 2242 2085 2279 F
2089 2241 2120 2279 i-

1148 2306 1374 2345 nariensem
1402 2305 1602 2357 impressa
1631 2303 1847 2344 Mediolani
1871 2316 1897 2341 a
1926 2304 1971 2340 D.
2013 2302 2116 2341 4494

1149 2366 1211 2406 (lie
1227 2368 1279 2407 24
1301 2367 1452 2407 Martii.
1470 2368 1605 2406 Codex
1622 2368 1724 2406 alius
1740 2367 1817 2406 MS.
1837 2367 2017 2416 signatus
2040 2365 2115 2403 463

1149 2430 1329 2469 eiusdem
1367 2430 1630 2468 Bibliothecae
1668 2429 1995 2467 membranaceus
2041 2426 2115 2463 fert

1148 2492 1359 2529 Lecturam
1384 2491 1496 2529 Petri
1512 2490 1558 2529 (le
1580 2489 1820 2528 Ancharano
1836 2499 1958 2538 super
1979 2487 2112 2524 Primo

1146 2551 1414 2590 Decretalium
1437 2551 1627 2604 scriptam
1646 2563 1723 2602 per
1758 2562 1818 2588 me
1842 2548 2048 2588 Nicolaum
2065 2547 2112 2586 de

1145 2613 1276 2651 Misna
1298 2612 1402 2652 alias
1425 2612 1472 2651 cle
1501 2612 1701 2652 Dreschen
1728 2611 1790 2650 (lie
1809 2612 1858 2650 45
1875 2608 2112 2648 Novembris

1148 2675 1260 2714 4398.
1287 2674 1473 2714 Succedit
1501 2674 1682 2713 eiusdem
1712 2674 1816 2711 Petri
1844 2671 2032 2723 Repetitio
2077 2683 2109 2710 c.

1141 2735 1289 2789 judicis
1304 2735 1473 2788 officium
1487 2735 1534 2774 cle
1549 2734 1672 2787 officio
1679 2733 1842 2786 judicis.
1867 2733 2026 2772 Claudit
2042 2744 2111 2771 vo-

1146 2798 1280 2836 lumen
1305 2798 1475 2835 Lectura
1499 2796 1673 2835 eiusdem
1698 2794 1810 2834 Petri
1834 2805 1955 2846 snper
1982 2795 2008 2834 2
2035 2795 2110 2832 De-

1145 2857 1365 2897 cretalinm.
1407 2860 1450 2897 ln
1490 2858 1566 2897 fine
1597 2857 1751 2897 Codicis
1794 2856 1890 2895 haec
1920 2857 2107 2906 leguntur

1145 2932 1266 2960 manu
1304 2921 1452 2959 Felini:
1489 2919 1703 2971 Apostillae
1731 2922 1824 2958 sant
1858 2930 1914 2956 eac
1937 2916 2107 2968 propria

1142 2994 1264 3021 manu
1284 2982 1397 3021 Petri
1417 2981 1462 3021 (le
1482 2981 1740 3027 Ancharano,
1764 2984 1808 3019 ut
1832 2979 1914 3019 vidi
1931 2991 1986 3017 az:
2005 2989 2107 3016 com-

1135 3044 1346 3095 paratione
1368 3043 1477 3095 facta
1500 3043 1546 3082 (le
1566 3043 1708 3083 Literis
1728 3042 1782 3081 acl
1804 3040 1968 3081 consilia
1985 3052 2107 3079 mann

1141 3115 1217 3143 sna
1239 3105 1392 3155 scripta
1412 3109 1451 3144 et
1467 3104 1712 3158 subscripta,
1737 3116 1839 3156 qnae
1863 3102 1985 3142 habeo
2016 3102 2055 3140 in.
2080 3103 2102 3140 4

1141 3165 1242 3205 libro
1269 3166 1590 3219 informationwn
1615 3167 1751 3218 ipsius.

1192 3230 1360 3267 Demum
1398 3229 1522 3268 codex
1567 3234 1629 3268 cst
1669 3229 1770 3267 alius
1807 3229 1986 3278 signatus
2026 3226 2100 3265 467

1138 3289 1676 3330 eliartaceusMS.continens.
1687 3290 1798 3329 Petri
1806 3287 2097 3330 (Ie.-lncharano
