2500 3841
910 249 1297 288 ALBERTUS
1680 254 1683 256 “
2066 244 2119 284 45

125 322 294 376 Iosophia
309 321 519 370 naturalis7
536 319 639 370 quod
652 319 752 358 idem
768 329 856 356 esse
876 330 965 357 cum
987 319 1075 359 Phi-

123 384 296 437 losophia
319 395 545 437 pauperum
572 385 642 421 vix
671 382 833 431 dubito,
863 381 1073 420 editionem

121 459 210 487 esse
235 448 460 487 Brixianam
490 446 582 485 anni
608 446 707 485 4490
733 446 772 483 in
802 446 822 484 4
843 445 1072 496 presbytero

122 511 298 561 Baptista
320 509 369 548 de
395 508 586 559 Farsengo
620 509 865 559 impressore.
890 508 951 547 Ex
978 512 1070 546 tom.

123 573 190 621 VI,
215 573 305 611 346.

181 635 228 684 (6)
252 635 370 674 Novit
398 632 650 672 Audifredius
684 644 769 683 pag.
791 634 863 672 465
880 633 1075 684 pulchrio-

124 709 206 736 rem
229 700 270 736 et
299 697 514 735 auctiorem
548 695 758 734 editionem
787 706 848 733 an.
886 696 987 735 4493
1018 697 1077 734 iti-

123 758 252 809 demq.
275 759 499 798 Brixianam
522 769 544 796 a
567 758 739 796 Fabricio
764 762 1030 797 memoratam.

176 820 290 860 Alius
305 820 568 860 ALBERTUS
599 819 631 859 Ie
651 819 804 867 Grand,
826 821 1076 860 Morlaeensis

126 883 373 933 (deMorlaix)
387 884 611 922 Britanniae
626 883 788 921 minoris
807 882 1076 933 opid0‚itidem

122 946 421 994 Dominicanus,
452 946 520 984 sed
544 945 658 995 longe
692 946 898 983 recentiori
921 947 1073 990 aetate,

123 1009 190 1060 qui
213 1008 408 1048 Nannetis
423 1007 496 1046 An.
519 1006 637 1057 4637,
656 1009 689 1046 4.
708 1007 852 1046 Gallice
869 1005 989 1045 edidit
1010 1005 1076 1044 Vi-

123 1076 184 1110 tas
207 1075 248 1110 et
266 1070 455 1110 miracula
479 1071 712 1110 Sanctorum
734 1069 956 1107 Britanniae
979 1067 1075 1105 Are-

124 1135 311 1182 moricae,
332 1144 472 1172 recusa
491 1132 631 1172 deinde
647 1135 842 1181 auctaque
862 1129 910 1168 ab
925 1129 1010 1168 aliis
1026 1128 1070 1167 A.

123 1197 242 1245 4659,
274 1196 388 1251 4680.

173 1258 437 1299 ALBERTUS
469 1255 735 1304 Marchesius,
770 1255 995 1295 Cotoniolae
1035 1257 1071 1293 in

123 1321 298 1371 AEmilia‚
315 1322 400 1361 sive
418 1319 672 1360 Romandiola
689 1323 807 1358 natus
821 1323 860 1357 et
880 1317 953 1357 An.
971 1318 1066 1358 4534

124 1384 356 1432 defunctus,
380 1395 403 1423 a
425 1383 638 1422 Possevino
673 1381 840 1420 traditur
867 1382 1074 1432 scripsisse

127 1445 371 1498 Colloquium
393 1443 563 1494 morale,
583 1445 668 1484 aliis
692 1442 995 1495 Centiloquz'um,
1015 1456 1076 1484 re—

126 1510 229 1548 ctius
259 1507 544 1560 Coeliloquium
569 1507 679 1546 libris
707 1507 792 1546 VIH
829 1506 1073 1546 distinctum.

121 1570 267 1610 Prodiit
288 1571 484 1610 Bononiae
504 1569 618 1609 4529.
651 1611 657 1620 ,

171 1631 456 1682 ALBERTUS,
478 1632 690 1672 Monachus
706 1633 763 1683 (S.
780 1632 1053 1684 Symphoriani
1070 1631 1079 1681 )

119 1695 302 1735 Metensis
325 1695 416 1736 Ord.
448 1695 487 1735 S.
515 1695 716 1735 Benedicti
744 1696 847 1734 circa
873 1693 946 1733 An.
978 1693 1079 1734 4030

121 1757 286 1808 Scripsit
313 1757 362 1796 ad
379 1757 620 1809 Episcopum
647 1768 765 1797 suum
793 1758 1001 1797 Historiam
1033 1756 1081 1795 de

120 1820 242 1868 gestis
261 1820 323 1859 sui
345 1821 549 1871 temporis,
565 1820 640 1859 etsi
655 1820 835 1867 brevem,
855 1823 988 1858 tamen
1008 1818 1084 1857 uti-

119 1880 216 1930 lem,
240 1884 286 1920 ut
308 1893 358 1920 ex
387 1882 578 1932 Sigeberti
601 1882 897 1921 Gemblacensis
929 1892 961 1919 c.
995 1880 1082 1921 443.

120 1943 362 1983 Trithemius
381 1955 464 1995 cap.
490 1944 565 1983 329
586 1948 626 1983 et
648 1945 695 1992 ΙΙ,
714 1943 763 1982 78
779 1944 991 1983 illustrium
1015 1945 1087 1982 Be-

115 2005 413 2045 nedictinorum.
434 2006 514 2044 Hoc
542 2016 630 2044 esse
658 2009 753 2056 puto
781 2005 950 2053 Alberti‚
981 2007 1084 2054 sive⁷

122 2071 167 2106 ut
185 2067 326 2106 titulus
349 2067 482 2116 habet,
505 2067 654 2118 Alperti
671 2067 718 2106 de
740 2067 969 2106 diversitate
985 2072 1084 2106 tem-

121 2140 259 2180 porum
281 2129 330 2168 ab
348 2130 506 2168 Ottonis
533 2129 586 2168 ΙΙΙ
615 2129 724 2168 obitu
761 2127 876 2168 Anno
907 2130 1008 2169 4002
1037 2129 1086 2168 ad

116 2189 277 2231 Annum
319 2191 420 2232 4048
453 2191 502 2231 ad
542 2190 815 2231 Burchardum
842 2191 1082 2242 Episcopum

120 2254 472 2303 wormatiensem,
488 2253 594 2305 quod
617 2256 750 2292 exstat
770 2254 808 2291 in
831 2254 994 2292 Joannis
1009 2253 1084 2292 Ge-

117 2314 215 2367 orgii
237 2315 402 2356 Eccardi
431 2316 612 2367 Corpore·
630 2316 822 2354 Historieo
847 2315 965 2354 medii
993 2317 1081 2354 aevi

116 2389 203 2430 pag.
227 2378 270 2418 94
292 2400 311 2406 -
326 2378 413 2418 432.
433 2379 674 2418 Possevinus
703 2379 821 2417 etiam
846 2377 932 2428 ejus
961 2377 1083 2416 Chro-

117 2441 232 2478 nieon
259 2439 307 2479 ab
336 2441 444 2479 initio
471 2440 602 2480 Mundi
640 2451 767 2490 usque
796 2439 844 2479 ad
874 2439 947 2479 An.
981 2441 1082 2479 4038

119 2506 416 2550 commemorat,
436 2501 565 2541 adhuc
588 2502 798 2551 ineditum7
824 2506 869 2541 ut
887 2503 1081 2541 existimo.

171 2562 435 2602 ALBERTUS
470 2562 704 2614 Monachus,
734 2575 855 2614 quem
885 2565 1086 2614 Computi-

121 2628 225 2663 stam
244 2625 587 2674 incomparabilem
610 2626 825 2664 existitisse
849 2629 889 2663 ct
908 2625 956 2663 de
979 2636 1085 2663 com-

119 2687 202 2737 puti
222 2686 372 2737 regulis
395 2685 570 2724 libellum
591 2687 784 2736 insignem
804 2687 1008 2737 scripsisse
1028 2690 1086 2724 te-

126 2751 255 2787 statur
272 2745 508 2797 Anonymus
525 2747 761 2785 Mellicensis
781 2757 814 2785 c.
836 2747 897 2785 77.

173 2808 433 2848 ALBERTUS
456 2806 725 2847 Narbonensis
747 2809 849 2847 cirea
877 2807 950 2847 An.
984 2809 1082 2847 4489

120 2870 346 2918 Carmenta,
357 2873 476 2920 quem
487 2867 628 2920 Alegre
644 2880 729 2919 pag.
748 2868 823 2907 367
839 2874 949 2908 notat
965 2872 1086 2920 scrip—

121 2932 222 2970 sisse
245 2930 286 2969 z'n
319 2930 556 2982 Mayz'strum
578 2930 871 2970 Sententiarum
890 2929 1008 2968 libros
1036 2932 1085 2970 IV

125 2996 165 3031 et
187 2992 564 3032 Determinationum
585 2991 741 3030 librum.

173 3052 436 3094 ALBERTUS
459 3053 696 3094 Nichtmann
715 3053 762 3092 (le
784 3054 941 3104 Lippia‚
971 3051 1088 3103 cujus

120 3115 300 3166 prosodia
329 3118 490 3156 metrice
520 3117 665 3167 scripta
688 3127 779 3154 cum
808 3116 1087 3153 commentario

123 3180 254 3215 exstat
276 3177 354 3217 MS.
375 3179 414 3216 in
442 3177 681 3217 Bibliotheca
711 3177 874 3216 illustris
901 3175 1086 3215 Abbatiae

124 3237 521 3291 Quedlinburgensis⁷
546 3240 619 3278 hoc
644 3240 768 3278 initio:

197 3317 244 3348 De
266 3318 368 3349 variis
391 3320 505 3350 metris
527 3320 553 3350 si
579 3319 688 3350 littera
713 3320 818 3358 prima
842 3321 995 3355 notetur,

200 3363 349 3398 Albertus
373 3367 572 3400 Nichtmann
595 3367 634 3399 de
659 3369 782 3408 Lipquc
805 3369 860 3407 piu
882 3367 1056 3399 retinetur.

1148 320 1243 359 Vide
1280 332 1316 358 v,
1342 334 1373 358 c.
1401 321 1538 359 Tobiae
1564 319 1757 359 Eckliardi
1794 317 1971 357 notitiam
2004 319 2116 356 Codi-

1149 394 1240 421 cum
1265 383 1370 422 Mss.
1395 382 1833 433 Qucdlimburgcnsium
1855 392 1890 431 p.
1914 379 1973 418 37.

1199 444 1460 484 ALBERTUS
1486 444 1720 490 Patavinns,
1748 442 1887 494 AEgidii
1925 443 2114 485 Romani.

1149 512 1250 547 teste
1274 508 1485 546 Trithemio
1513 517 1596 556 cap.
1621 507 1689 546 534
1731 505 1969 556 discipulus,
1999 509 2039 543 ct
2067 504 2116 542 al)

1148 569 1261 608 Anno
1282 569 1432 608 CHristi
1465 568 1564 606 4293
1593 567 1924 619 Augustinianus‚
1952 567 2114 606 Parisiis

1148 636 1188 669 et
1211 632 1357 670 Patavii
1376 630 1526 678 docuit,
1550 630 1722 680 obiitque
1762 630 1836 668 An.
1869 629 1982 670 4323.
2012 628 2112 678 Ejus

1150 695 1355 732 Sermones
1366 694 1402 731 in
1415 690 1631 741 Evangelia
1646 691 2004 741 Quadragesimalia
2019 690 2114 729 etde

1151 758 1357 806 Tempore,
1377 754 1554 805 prodiere
1576 754 1731 791 Parisiis
1748 754 1869 802 4544,
1895 754 1995 793 4550
2014 783 2022 796 ,
2043 755 2117 792 Ve-

1150 821 1229 855 net.
1253 817 1365 856 4584.
1389 817 1431 854 ln
1456 815 1670 865 Evangelia
1695 815 1947 853 Dominiealia
1968 820 2004 853 ct
2022 816 2118 854 San-

1148 883 1251 927 ctus,
1272 864 1567 924 1³ansiis‘tz>’›50⁷
1590 877 1625 914 8.
1649 877 1862 915 Sermones
1882 877 1921 914 in
1952 878 2113 915 Festum

1146 939 1372 978 Nativitatis
1392 942 1431 977 et
1450 938 1736 977 Purificationis
1756 940 1797 976 B.
1813 938 1971 985 Mariae,
1994 939 2032 975 in
2057 939 2118 976 Bi-

1147 1001 1339 1040 bliotheca
1360 1001 1543 1052 Virginea
1563 1001 1666 1039 Petri
1687 1000 1735 1039 de
1754 999 1855 1039 Alva
1875 1005 1914 1038 et
1929 999 2117 1045 Astorga.

1147 1062 1296 1102 Madrit.
1324 1064 1426 1103 4648
1451 1062 1513 1102 sol.
1544 1061 1830 1104 Commentarii
1849 1061 1889 1100 in
1913 1063 2120 1100 Pentateu-

1148 1124 1280 1175 clmm,
1306 1126 1365 1165 IV
1378 1125 1624 1178 Evanqelia,
1653 1123 1846 1176 Paulique
1865 1121 2065 1175 Epistolas
2094 1135 2113 1161 a

1147 1188 1346 1226 Patavinis
1361 1188 1458 1227 MSti
1478 1192 1706 1235 servantur7
1723 1187 1790 1237 qui
1806 1182 2025 1225 marmorea
2041 1189 2121 1223 sta-

1147 1255 1214 1289 tua
1225 1251 1452 1290 memoriam
1468 1250 1554 1301 ejus
1570 1250 1646 1289 hon
1654 1253 1833 1297 orarunt,
1851 1250 1889 1287 in
1907 1260 1984 1299 qua
1999 1249 2118 1286 etiam

1149 1311 1431 1352 Commentarii
1456 1311 1542 1362 ejus
1571 1312 1611 1350 in
1636 1310 1782 1350 librum
1824 1309 2114 1350 Sententiarum

1146 1374 1405 1414 celebrantur.
1427 1375 1522 1413 Vide
1544 1375 1707 1425 Philippi
1734 1374 1833 1413 Elsii
1852 1373 2117 1412 Encomiasti-

1147 1448 1239 1475 cum
1262 1435 1594 1487 Augustinianum
1615 1448 1700 1488 pag.
1723 1436 1786 1475 23.
1808 1435 2019 1474 Portenarii
2044 1436 2115 1473 Pa-

1148 1500 1301 1553 tavium
1324 1510 1410 1550 pag.
1434 1499 1520 1538 452.
1550 1498 1831 1537 Scardeonium
1859 1509 1945 1548 pag.
1973 1496 2047 1536 447
2077 1501 2116 1533 et

1149 1561 1293 1601 Nicolai
1328 1562 1518 1601 Comneni
1541 1561 1749 1600 Historiam
1774 1560 1979 1610 Gymnasii
2008 1561 2119 1599 Pata-

1152 1625 1234 1662 vini
1257 1628 1350 1662 tom.
1381 1625 1415 1663 lI
1444 1635 1529 1675 pag.
1555 1624 1643 1668 454,
1673 1623 1740 1672 qui
1763 1634 1814 1660 ex
1830 1623 2053 1661 Portenario
2083 1624 2117 1659 ei

1155 1697 1311 1736 quoque
1330 1686 1467 1725 tribuit
1488 1684 1822 1726 Commentarium
1846 1683 1892 1722 de
1920 1683 2116 1723 Paradiso

1155 1748 1352 1797 terrestri,
1378 1759 1450 1787 nec
1470 1760 1547 1787 non
1569 1747 1691 1787 libros
1715 1747 1760 1787 cle
1784 1746 2115 1786 Praedestinatio-

1158 1822 1205 1848 ne
1234 1813 1271 1848 et
1291 1808 1586 1860 Reprobatione.

1209 1872 1230 1893 ³*
1252 1871 1402 1910 Alberti
1429 1873 1605 1910 Pa'avini
1635 1870 1914 1922 Augustiniani
1942 1870 2116 1908 doctoris

1157 1935 1388 1974 Parisiensis
1412 1933 1451 1972 in
1470 1932 1687 1985 Evanqelia
1720 1932 1835 1972 totizcs
1868 1932 1966 1971 anni
1985 1931 2116 1971 Domi-

1156 1996 1304 2036 nicalia
1327 1997 1446 2048 inque
1479 1995 1699 2047 Evansselia
1723 1997 1792 2035 SS.
1816 1994 1969 2046 aliquot
1988 1994 2116 2033 utilis-

1158 2059 1281 2098 simae
1301 2058 1501 2098 conciones
1524 2060 1560 2096 in
1585 2060 1605 2096 4
1627 2060 1784 2098 Taurini
1805 2059 1844 2096 in
1859 2058 2022 2096 aedibus
2038 2056 2116 2095 An-

1160 2123 1256 2160 tonii
1279 2122 1419 2160 Ranoti
1443 2122 1542 2160 civis
1566 2121 1822 2160 Taurincnsis
1845 2119 1906 2158 die
1930 2120 2024 2158 XIX
2048 2121 2118 2157 Fe-

1160 2184 1293 2223 bruar.
1315 2196 1377 2223 an.
1405 2184 1517 2223 4529.
1539 2183 1764 2223 Editionem
1780 2183 1880 2221 hanc
1901 2183 2056 2221 curavit
2074 2183 2114 2220 F.

1154 2246 1325 2298 August.
1355 2248 1402 2285 M.
1445 2246 1686 2285 Perachinus
1724 2246 1921 2284 Taurinus
1950 2246 2115 2283 eremita

1152 2308 1363 2360 Augustin.
1395 2310 1434 2346 in
1462 2320 1646 2360 congreg.
1679 2307 1953 2357 Lombardiae7
1978 2308 2045 2357 qui
2077 2308 2114 2344 in

1155 2372 1392 2422 praefatione
1416 2371 1611 2409 adiecisse
1636 2382 1678 2409 se
1703 2372 1756 2409 ait
1781 2371 1945 2420 singulis
1966 2371 2117 2408 concio-

1157 2434 1272 2472 nibus
1291 2432 1574 2484 Evanqelicum
1600 2435 1766 2484 tem-tum.
1783 2444 1831 2470 ac
1848 2432 1980 2470 teoetni
1997 2443 2117 2483 quece-

1156 2495 1248 2534 (lam
1277 2507 1332 2534 eas
1359 2495 1506 2534 Batavi
1541 2494 1742 2534 Ciceronis
1773 2495 1948 2543 (Erasmi
1980 2493 2113 2541 credo]-

1158 2557 1199 2595 in
1223 2557 1376 2596 Novum
1405 2558 1686 2595 Testamentum
1712 2554 2041 2594 adnotationibus.

1210 2619 1422 2657 Sermones
1453 2619 1489 2655 in
1514 2619 1730 2665 Evangelia
1755 2617 2114 2666 Quadragesimalia

1157 2680 1333 2731 prodiere
1354 2682 1478 2730 primo
1498 2680 1673 2718 Venetiis
1694 2681 1731 2716 in
1752 2680 1776 2717 8
1797 2690 1858 2717 an.
1885 2679 1984 2717 4523
2005 2681 2111 2729 typis

1157 2741 1288 2780 Jacobi
1308 2743 1431 2779 Pentii
1455 2742 1502 2779 de
1527 2741 1695 2780 Leucho.
1720 2740 1942 2779 Editionem
1959 2743 2113 2779 curavit

1159 2805 1200 2841 F.
1214 2803 1394 2841 Valerius
1416 2804 1675 2841 Bononiensis
1696 2801 1787 2841 Ord.
1805 2801 2023 2853 sAugust.
2045 2804 2110 2853 qui

1158 2867 1196 2903 in
1220 2865 1458 2915 praefatione
1474 2868 1644 2902 testatur
1663 2864 1868 2903 Albertum
1889 2869 2018 2903 ortum
2041 2865 2113 2903 du-

1159 2928 1264 2964 xisse
1285 2937 1346 2964 an.
1371 2926 1471 2964 4282
1492 2937 1624 2965 sacras
1645 2930 1780 2965 vestes
1800 2927 2110 2973 Augustinianes

1160 2988 1335 3027 induisse
1349 3000 1410 3026 an.
1427 2990 1439 3026 4
1452 2988 1538 3025 293.
1551 2988 1736 3027 habuisse
1757 2991 1964 3027 conciones
1979 2990 2026 3028 ad
2044 2992 2113 3029 Pe.-

1160 3061 1248 3100 pam
1273 3055 1312 3088 et
1336 3051 1549 3100 principes,
1573 3054 1876 3090 commentarios
1904 3054 2110 3103 scripsisse

1161 3114 1199 3150 in
1225 3111 1523 3150 Pentateuchum
1558 3117 1596 3151 et
1618 3112 1736 3151 Pauli
1757 3113 1938 3164 epistolas
1961 3126 2108 3164 omnes.

1161 3178 1245 3211 tum
1265 3178 1303 3211 et
1326 3176 1651 3213 commentarium
1671 3175 1709 3213 in
1727 3174 1870 3214 librum
1892 3177 2108 3216 Sententia-

1160 3246 1269 3282 rnm3
1293 3234 1434 3274 obiisse
1458 3236 1617 3275 tandem
1641 3248 1742 3275 anno
1771 3239 1911 3277 aetatis
1938 3250 2032 3278 suae
2059 3240 2106 3277 46

1159 3296 1332 3347 adeoque
1358 3308 1418 3335 an.
1446 3298 1557 3337 4328.
1581 3299 1634 3336 lbi
1656 3301 1799 3350 pariter
1826 3306 2104 3340 commemorat

1160 3360 1210 3397 vii
1221 3370 1264 3395 os
1272 3360 1460 3409 quosdam
1473 3360 1642 3401 doctosA
1652 3363 2105 3412 ugustinianoseiiisdcm
