2500 3841
781 209 1319 251 EVERISDENUS

66 281 143 321 An.
180 280 282 320 4058
317 288 438 330 prope
477 277 715 316 Gandavum
756 280 794 316 in
833 280 1014 318 Flandria

65 343 200 382 Abbas
223 341 315 381 Ord.
339 339 485 379 Bened.
512 338 726 379 defunctus
745 340 819 380 An.
843 342 956 381 1069.
979 343 1012 391 a)

67 406 243 457 Scriptor
265 403 371 442 vitae
394 403 433 441 S.
456 402 648 454 Popponis
672 402 835 442 Abbatis
872 405 1012 443 Stabu-

64 468 212 516 lensis,
236 467 298 505 cui
339 465 521 503 morienti
551 477 742 515 praesens
776 466 901 505 adfuit
937 466 1012 505 An.

64 530 195 578 1048,
226 529 289 568 25.
318 529 477 567 Januar.
507 527 641 566 Edidit
683 529 825 567 Surius
870 528 918 567 ad
962 529 1011 567 23

60 592 148 630 Jan.
165 594 206 629 et
227 590 448 628 breviatam
473 591 707 628 Pranciscus
732 592 919 637 Har-aeus,
946 590 1013 627 Za-

61 653 215 692 charias
262 652 472 703 Lippeolus
497 682 505 700 ,
547 652 719 692 Jacobus
767 653 1010 692 Doubletius.

61 715 322 754 sinceriorem
359 716 416 753 Jo.
452 715 666 754 Bollandus
703 714 790 753 Act.
832 716 1008 753 Sanctor.

62 782 155 815 tom.
196 779 230 816 1.
266 778 442 816 Januarii
480 789 566 828 pag.
611 778 700 816 638.
738 779 1010 816 Praemittitur

58 839 274 879 ONULPHI
308 839 487 878 Monachi
511 839 721 890 praefatio,
746 839 795 878 ad
819 839 1011 878 Everhel-

59 912 271 952 mum‚qua
285 912 329 940 se
349 901 437 951 ejus
453 905 593 952 rogatu
612 902 742 940 Vitam
759 903 796 940 S.
819 902 1010 951 Popponis

57 963 308 1003 scribendam
333 964 560 1014 suscepisse
584 964 804 1014 profitetur.
841 963 893 1001 At
927 962 1010 1015 sor-

60 1025 180 1066 tassis
198 1056 207 1073 ‚
231 1027 361 1076 inquit
383 1025 612 1072 Bollandus‚
637 1036 722 1064 eam
748 1037 822 1063 non
841 1024 1012 1077 perfecit

58 1090 165 1137 (nam
196 1087 390 1126 hominem
426 1087 709 1126 inconstantem
743 1087 869 1140 fuisse
901 1090 1013 1139 patet

59 1163 115 1190 eac
136 1148 368 1189 Everhelmi
387 1149 620 1188 narratione
639 1151 661 1198 .·)
684 1154 757 1188 aut
774 1150 812 1189 si
827 1148 1007 1202 perfecit,

54 1213 184 1252 minus
214 1210 318 1264 forte
347 1209 521 1262 probata
552 1215 610 1250 est
645 1211 902 1261 EverhelmO,
940 1212 1011 1263 qui

52 1275 174 1314 aliam
203 1276 418 1327 propterea
458 1271 637 1312 scribere
672 1277 733 1313 est
765 1284 1005 1325 a99ressus,

52 1341 126 1376 aut
151 1335 260 1376 illam
297 1334 353 1375 ita
388 1335 471 1386 ipse
508 1335 688 1386 recudit,
732 1340 778 1374 ut
814 1335 898 1387 ejus
931 1347 1007 1374 non

50 1399 223 1451 Onulphi
246 1409 342 1451 opus
364 1397 520 1436 censeri
535 1396 705 1437 deberet.
732 1398 761 1436 A
782 1409 823 1437 se
847 1397 1006 1449 quidem

53 1461 179 1501 Vitam
203 1460 314 1499 illam
335 1460 589 1512 compositam
615 1460 696 1511 ipse
718 1459 883 1512 fatetur.

102 1524 274 1563 Joannes
289 1523 655 1572 EVERISDENUS,
677 1525 762 1561 sive
782 1523 1005 1561 EVERHE-

52 1587 181 1626 SDEN
195 1617 206 1635 ,
230 1586 565 1626 EVERISTINUS
579 1616 590 1633 ,
614 1585 831 1624 Monachus
851 1584 1005 1636 Anglus

5 1680 7 1683 ,
50 1651 88 1687 in
127 1648 322 1690 Coenobio
358 1649 397 1688 S.
425 1647 630 1687 Edmundi
653 1648 883 1696 Buriensis,
910 1647 1002 1686 Ord.

49 1710 253 1750 Benedict.
274 1711 435 1761 scripsit
454 1709 599 1749 seriem
621 1713 839 1761 temporum
863 1709 911 1747 ab
934 1710 1005 1746 ini-

51 1774 104 1812 tio
126 1772 259 1812 Mundi
285 1772 334 1811 ad
358 1771 432 1811 An.
455 1772 570 1811 4336.
592 1771 697 1822 quod
722 1782 821 1822 opus
841 1772 917 1809 MS.
935 1770 1004 1809 ad—

48 1835 128 1874 huc
151 1836 190 1872 in
216 1833 357 1885 Anglia
380 1835 413 1882 a)
439 1837 637 1872 servatur.
662 1833 822 1871 Librum
848 1832 893 1870 de
928 1834 999 1871 Re-

45 1895 164 1949 qibus
187 1899 225 1934 et
241 1894 443 1948 Episcopis
465 1893 632 1946 Anyliae
650 1926 662 1944 ,
689 1906 761 1933 nec
786 1905 863 1932 non
903 1894 1001 1934 Con-

49 1958 280 1998 cordantias
288 1957 457 1997 Divinae
473 1956 674 2005 historiae,
689 1962 728 1996 et
742 1956 1000 1996 Concordiam

48 2022 318 2060 Decretorum.
343 2021 475 2058 Etiam
495 2021 672 2058 carmine
692 2019 767 2057 alia
791 2019 1000 2068 scripsisse

47 2084 192 2123 Baleus
207 2083 258 2131 V,
282 2083 344 2120 40.
365 2086 502 2120 auctor
525 2085 599 2131 est,
620 2093 668 2120 ex
685 2081 831 2131 quibus
853 2091 1004 2119 memo-

49 2150 108 2184 rat
131 2146 278 2196 Leyum
297 2142 536 2192 medullam,
561 2154 663 2194 quae
687 2144 825 2193 incipit
846 2156 853 2180 :
886 2142 1000 2181 Disce

48 2206 146 2259 quid
182 2206 397 2246 humanum
433 2206 507 2245 Jus
539 2205 817 2257 Divinumque.
856 2205 999 2244 Confer

47 2271 223 2309 Pitseum
244 2280 331 2320 pag.
359 2269 433 2308 434
457 2298 465 2317 ,
492 2269 581 2308 435.

99 2331 432 2378 EVERWINUS,
456 2331 676 2370 EVRINUS
693 2359 700 2379 ,
723 2329 997 2379 EBROINUS,

44 2393 316 2434 EVERBERO
331 2423 343 2442 ,
373 2394 459 2432 sive
484 2393 794 2441 EVERBINUS,
826 2392 863 2430 S.
893 2393 1000 2431 Mau—

49 2457 125 2496 ritii
150 2454 374 2507 Dolejensis
403 2455 441 2493 in
481 2466 573 2505 agro
607 2455 832 2493 Trevirensi
869 2455 1000 2492 Mona-

46 2519 172 2571 chus,
211 2522 331 2568 atque
370 2517 461 2556 inde
490 2515 624 2556 Abbas
650 2517 688 2555 S.
718 2516 874 2554 Martini
906 2517 999 2553 Tre-

48 2581 219 2620 virensis
268 2578 360 2618 Ord.
406 2580 708 2629 Cluniacensis⁷
748 2578 906 2627 scripsit
949 2576 997 2615 ad

46 2645 272 2694 Popponem
302 2642 351 2681 ab
379 2641 453 2680 An.
485 2641 588 2680 1016
628 2639 675 2678 ad
713 2638 828 2678 1047.
862 2639 998 2676 Trevi-

47 2716 181 2744 rorum
197 2703 551 2755 Archiepiscopum
581 2701 706 2741 Vitam
729 2702 768 2740 S.
794 2700 996 2747 Simeonis,

45 2765 323 2819 Syracusani,
345 2765 521 2805 Monachi
547 2765 714 2803 reccluri
748 2763 996 2801 Trevirensis

43 2829 118 2868 An.
152 2829 252 2868 1035
281 2827 482 2875 defuncti,
514 2837 634 2876 quam
664 2829 753 2875 post
784 2824 943 2862 Surium
973 2826 987 2863 1

46 2891 178 2938 iunii,
217 2890 470 2940 integriorem
505 2900 556 2926 ex
595 2891 683 2925 octo
728 2886 848 2926 Codd.
887 2886 993 2925 MSS.

44 2952 235 2992 exhibent
268 2951 367 2989 Acta
410 2951 647 2989 Sanctorum
688 2954 783 2987 tom.
825 2949 850 2986 Ι.
888 2949 993 2987 Junii

0 3064 4 3071 ¹
42 3025 129 3066 pag.
147 3014 210 3052 89.
231 3014 439 3051 Praeterea
463 3011 589 3050 Vitam
606 3012 645 3050 S.
667 3009 888 3061 Maynerici
902 3011 995 3049 Tre-

43 3075 218 3115 virensis
234 3074 282 3114 ab
298 3073 373 3113 An.
399 3073 476 3113 573
502 3073 551 3112 ad
577 3075 664 3112 595.
687 3073 992 3124 Archiepiscopi‚

45 3149 146 3188 quae
167 3141 301 3176 exstat
325 3140 420 3174 tom.
447 3136 482 3174 6.
506 3135 598 3174 Julii
622 3136 684 3174 25.
710 3147 795 3186 pag.
819 3135 982 3173 183-191

49 3201 153 3238 notis
172 3199 365 3238 Johannis
383 3198 478 3236 Pinii
497 3197 702 3236 illustrata.
731 3198 856 3235 Etiam
880 3199 991 3247 qesta

100 3338 132 3378 a)
156 3338 280 3372 oudin.
307 3342 376 3370 tom
413 3339 442 3369 5.
471 3347 544 3378 pag.
571 3339 643 3369 [³00.

1088 282 1278 333 Popponis
1296 312 1303 329 ,
1324 283 1372 321 de
1407 283 1582 334 quojam
1608 285 1711 335 dixi,
1738 287 2030 343 Archiepiscopi

1087 345 1335 384 Trevirensis
1358 348 1566 398 scripsisse
1590 353 1762 389 testatur
1785 352 2028 393 Trithemius

1088 408 1124 444 in
1163 408 1358 448 Chronico
1393 411 1677 461 Hirsaugiensi.
1713 413 1808 452 Vide
1845 416 2030 456 Vossium

1087 480 1173 519 pag.
1194 471 1283 508 368.

1138 532 1465 583 EVERWffiUS,
1492 537 1577 574 sive
1598 538 1875 585 HERVINUS,
1903 542 2033 580 Stein-

1087 594 1275 633 seldensis
1294 597 1530 644 Monasterii,
1542 600 1948 642 praemonstratensis
1962 604 2035 644 Or-

1085 656 1204 706 dinis,
1220 659 1466 697 Coloniensis
1483 660 1680 700 Dioecesis
1697 664 2034 718 Praeposituspri-

1086 730 1188 768 mus,
1214 721 1247 768 a)
1267 732 1371 759 circa
1394 721 1555 760 Annum
1575 725 1676 762 1146
1698 728 1856 777 scripsit
1873 728 2028 780 Episto-

1084 780 1163 818 lam
1199 781 1254 819 ad
1294 783 1333 821 S.
1364 782 1616 822 Bernardum
1644 784 1690 823 de
1721 787 1929 829 haereticis
1966 792 2035 830 sui

1083 843 1286 893 temporis.
1323 855 1490 894 quorum
1532 845 1714 897 dogmata
1755 852 1898 889 refellit.
1927 853 2028 893 idern

1082 905 1308 944 Bernardus
1344 917 1527 946 sermone
1570 910 1698 954 LXV,
1729 917 1769 949 et
1804 914 1947 963 LXVI,
1991 918 2030 954 in

1083 968 1305 1006 Canticum.
1347 970 1416 1007 His
1452 972 1670 1020 praemissa
1699 974 1747 1011 ab
1774 975 1923 1013 ultimis
1951 977 2031 1015 edi-

1082 1030 1233 1081 toribus
1289 1042 1451 1081 operum
1504 1035 1691 1073 Bernardi
1740 1037 1802 1075 illa
1856 1038 2030 1088 Epistola

1082 1092 1237 1143 legitur.
1267 1093 1363 1131 Vide
1406 1093 1619 1134 editionem
1663 1100 1919 1138 novissimam
1953 1103 2031 1140 Ma—

1080 1155 1333 1194 billonianam
1358 1160 1452 1195 tom.
1490 1160 1522 1197 1.
1546 1170 1581 1209 p.
1608 1158 1709 1198 1490
1732 1192 1739 1210 ,
1761 1172 1843 1211 seq.
1878 1168 1918 1201 et
1952 1164 2030 1201 Ma—

1080 1217 1230 1255 billonii
1254 1219 1534 1268 praefationem
1560 1221 1608 1259 ad
1633 1223 1879 1262 Bernardum
1905 1226 1939 1276 ἓ.
1965 1226 2026 1273 76,

1080 1291 1166 1329 sqq.
1192 1282 1515 1331 notationemque
1536 1283 1742 1322 Mabillonii
1760 1317 1771 1334 ,
1806 1286 2025 1338 subjectam

1080 1341 1208 1380 eidem
1235 1343 1462 1393 Epistolae,
1484 1344 1611 1384 editae
1630 1348 1801 1396 primum
1823 1348 1897 1387 An.
1923 1351 2026 1391 1682

1080 1404 1118 1441 in
1142 1404 1344 1443 Analectis
1368 1411 1460 1443 tom.
1488 1408 1522 1445 3.
1547 1418 1632 1458 pag.
1662 1409 1749 1447 452.
1773 1412 1910 1458 (novae
1931 1411 2022 1449 edit.

1080 1477 1164 1517 pag.
1192 1466 1293 1515 473.)
1325 1467 1390 1506 ubi
1422 1473 1608 1518 typorum
1644 1481 1775 1509 errore
1809 1472 2023 1512 identidem

1077 1529 1307 1568 Evervinus
1337 1530 1398 1568 hic
1442 1530 1738 1571 Steinteldensis
1775 1535 2026 1585 Praepositus

1078 1602 1284 1641 perperam
1294 1592 1889 1645 proSteinfeldensiappellatur,
1905 1599 2023 1635 etiam

1077 1652 1182 1703 apud
1210 1654 1369 1703 Pagium
1401 1655 1449 1693 ad
1479 1654 1553 1693 An.
1588 1657 1720 1705 1146,
1752 1670 1790 1697 n.
1821 1658 1856 1696 7.

1128 1716 1343 1754 Monachus
1370 1717 1771 1767 EVESHAMENSIS,
1791 1721 1826 1769 b)
1857 1720 2024 1773 Anglus,

1073 1778 1136 1816 cui
1164 1777 1356 1817 debemus
1385 1779 1604 1819 Historiam
1631 1782 1735 1820 vitae
1759 1787 1797 1820 et
1821 1784 1936 1835 reyni
1961 1785 2026 1824 Ri-

1074 1838 1217 1877 cliardi
1242 1840 1294 1889 II,
1324 1841 1372 1879 ab
1400 1841 1471 1880 An.
1505 1842 1608 1882 1377
1636 1845 1685 1882 ad
1717 1846 1831 1884 1399.
1855 1847 2018 1897 Angliae

1074 1902 1202 1952 Regis.
1234 1903 1333 1941 Eam
1365 1915 1414 1942 ex
1444 1905 1520 1944 MS.
1560 1906 1793 1946 Cottoniano
1818 1909 1856 1946 in
1893 1908 2021 1947 lucem
2071 1907 2074 1909 ’

1074 1965 1227 2014 primus
1268 1976 1394 2016 nuper
1432 1967 1618 2018 produxit
1655 1968 1826 2008 Thomas
1867 1971 2019 2009 Hearne

1074 2026 1200 2064 Oxon.
1227 2027 1327 2067 1729
1348 2060 1359 2077 ,
1383 2030 1418 2067 8.

1127 2090 1411 2140 EUGENIUS,
1442 2092 1489 2131 ab
1518 2093 1590 2131 An.
1624 2095 1710 2132 480.
1755 2095 2023 2146 Archiepisco—

1074 2163 1149 2202 pus
1167 2152 1508 2204 Cartha9iniensis
1516 2159 1556 2194 et
1571 2160 1747 2206 tempore
1756 2157 2020 2196 Vandalorum

1071 2213 1244 2253 Africam
1270 2218 1501 2255 vexantium
1527 2218 1765 2256 Confessor:
1793 2220 2020 2270 missusque

1074 2277 1111 2314 in
1137 2278 1300 2317 exilium
1326 2279 1375 2318 ab
1393 2281 1644 2329 Hunnerico,
1669 2280 1811 2320 deinde
1835 2293 1856 2320 a
1876 2282 2022 2321 Gonta-

1073 2339 1216 2377 mondo
1231 2344 1444 2379 revocatus
1457 2341 1529 2379 An.
1543 2341 1618 2380 487
1636 2347 1755 2393 atque
1767 2343 1859 2382 hinc
1875 2345 2018 2384 iterum

1072 2400 1252 2450 dejectus
1274 2413 1296 2440 a
1320 2403 1641 2453 ThrasamondO,
1673 2404 1778 2443 diem
1813 2406 1908 2443 obiit
1942 2406 2018 2444 An.

1073 2464 1161 2501 505.
1209 2465 1264 2502 De
1307 2464 1379 2503 hoc
1408 2466 1585 2515 Eugenio
1615 2466 1942 2517 diligentissime,
1973 2473 2017 2506 ut

1072 2525 1197 2573 solet,
1229 2526 1504 2565 Tillemontius
1547 2532 1641 2565 tom.
1685 2529 1772 2566 XVI
1812 2531 2018 2568 memoria—

1072 2600 1171 2627 rum.
1220 2590 1275 2626 De
1317 2588 1405 2638 ejus
1447 2590 1606 2639 scriptis
1649 2601 1754 2628 unus
1796 2591 2017 2630 audiendus

1070 2650 1301 2689 Gennadius
1325 2661 1408 2700 cap.
1430 2650 1494 2688 97.
1518 2650 1720 2700 Eiiyenius
1745 2651 2014 2702 Carthayi'niS.

1069 2711 1233 2763 Africae
1256 2712 1428 2751 civitatis
1462 2712 1699 2764 Episcopus,
1732 2716 1769 2751 et
1805 2713 2015 2765 Confessor

1065 2773 1274 2825 publicus,
1297 2774 1520 2813 admonitus
1543 2773 1594 2812 ab
1617 2775 1836 2823 Hunerico,
1863 2775 2016 2814 Vanda—

1071 2836 1198 2874 lorum
1218 2838 1330 2887 Regye,
1356 2836 1578 2875 Catholicae
1601 2837 1687 2875 lidei
1710 2838 2013 2888 expositionem,

1069 2902 1106 2937 et
1132 2899 1309 2937 maxime
1353 2897 1470 2937 verbi
1504 2898 1698 2938 homousii
1728 2900 2013 2950 proprietatem

1068 2961 1265 3000 disserere
1288 2972 1376 2999 cum
1401 2972 1592 3000 consensu
1627 2961 1795 3000 omnium
1820 2961 1982 3013 Africae
2003 2995 2010 3004 .

1068 3023 1346 3070 illauritaniae,
1364 3027 1401 3062 et
1422 3023 1634 3063 Sardiniae
1650 3056 1659 3072 ,
1687 3028 1804 3075 atque
1826 3024 2012 3064 Corsicae

1068 3085 1352 3135 Episcoporum
1376 3089 1412 3123 et
1432 3085 1462 3124 C
1465 3084 1722 3136 onfessorum.
1747 3087 1816 3137 qui
1847 3087 1884 3124 in
1919 3088 2012 3127 Cat-

1119 3248 1151 3277 a)
1177 3240 1254 3269 Vide
1271 3241 1408 3270 Joaunis
1424 3239 1452 3270 le
1464 3241 1562 3279 Paige
1577 3239 1814 3272 Bibliothecam
1833 3243 2013 3274 Praemon-

1059 3294 1254 3320 stratensem
1277 3297 1351 3328 pag.
1370 3289 1442 3320 505».

1105 3340 1124 3369 b
1165 3343 1242 3370 Actu
1269 3338 1487 3371 Erudiwruin
1510 3344 1544 3371 A.
1572 3340 1662 3372 1730.
1677 3349 1706 3379 p.
1736 3341 1797 3371 257.

1663 3410 1710 3445 437
