2500 4009
390 245 666 297 pestilentiam.
685 247 889 284 Sermones
904 242 951 280 de
968 247 1143 293 tempore
1155 273 1163 291 ,
1174 243 1233 290 ,de
1254 245 1352 283 San-

393 309 469 346 ctis
489 313 528 345 et
552 304 928 353 Quadrngesimales'.
956 302 1292 343 Commentarium
1311 306 1353 344 in

396 364 849 418 reyul‹1mS..iagustini.
867 363 962 402 Vide
975 365 996 402 J
999 375 1055 403 ac.
1071 365 1207 411 Qvetif
1217 371 1310 405 tom.
1322 368 1349 415 1,

394 441 478 480 pag.
504 430 579 466 807
602 433 638 464 ot
667 426 753 463 749.

449 494 465 510 “
496 491 564 527 list
589 492 628 523 et
667 485 768 524 alius
796 485 1121 526 Bartholomaeus
1159 489 1353 540 Priynani

392 541 641 592 Mutinensis,
661 547 777 585 cuius
791 548 997 597 vulgatum
1019 554 1083 587 est
1097 561 1256 589 carmen
1273 551 1353 589 ele-

391 613 542 658 giamm
561 607 608 645 de
628 607 712 646 vita
735 607 868 659 quieta
884 608 938 646 ad
952 611 1045 648 Rev.
1065 610 1257 650 Pressum
1272 611 1348 651 Ca-

385 668 612 721 phar-ellum
626 670 843 708 Romanum
869 669 1112 709 Asculanum
1128 672 1257 725 Episc.
1273 673 1348 713 Bo-

389 730 527 769 noniae
547 728 719 780 leyatum
746 732 988 781 impressum
1025 733 1160 782 llhegii
1185 745 1254 784 per
1281 734 1348 774 Al-

387 793 543 831 bertum
562 791 830 831 deMazalibus
843 804 904 830 an.
918 795 932 832 4
945 793 1091 832 487ἀίο
1108 795 1162 833 xl
1181 796 1224 833 K.
1237 796 1344 846 Sept.

439 852 860 893 BARTHOLOMAEUS
883 853 929 892 de
952 854 1184 906 Neocastro,
1199 858 1345 896 Messa-

385 916 545 959 nensiS‚
569 916 772 953 Messanae
804 915 932 954 Judex
962 927 1008 954 ac
1031 918 1150 967 Regni
1190 919 1342 957 Siciliae

385 976 468 1013 iisci
507 980 697 1025 patronus
714 1005 725 1023 ‚
765 987 885 1026 quem
918 977 1089 1016 Jacobus
1125 978 1343 1029 Aragoniae

384 1037 466 1074 Rex
492 1037 664 1087 legatum
686 1037 794 1074 misit
824 1037 896 1075 An.
924 1038 1026 1076 4286
1050 1038 1098 1076 ad
1129 1040 1339 1078 llonorium

385 1097 444 1135 [Υ.
480 1098 645 1147 Scripsit
678 1098 928 1145 Messanam,
950 1099 1034 1137 sive
1058 1099 1125 1137 XV
1149 1097 1270 1138 libros
1293 1099 1339 1139 (le

381 1156 501 1196 rebus
518 1157 641 1208 {lestis
662 1158 773 1196 Petri
792 1158 1017 1209 Arayoniae
1046 1159 1161 1210 Ileyis
1185 1159 1339 1200 Siculo-

383 1231 551 1271 rumque
588 1219 783 1259 adversus
815 1220 1004 1260 Carolum
1022 1224 1113 1273 post
1135 1221 1339 1260 Gallorum

380 1280 642 1330 clrulen1‚An.
674 1282 775 1321 4282
806 1282 1035 1321 hexametro
1073 1284 1272 1322 carmine:
1297 1288 1339 1323 et

379 1341 601 1380 Historiam
616 1342 682 1381 sui
698 1343 883 1394 temporis
899 1374 907 1392 ,
923 1346 1097 1382 oratione
1114 1344 1242 1384 soluta
1260 1374 1269 1393 ,
1285 1343 1336 1383 ab

380 1403 453 1441 An.
481 1404 580 1442 4250
606 1405 691 1441 sive
714 1407 838 1442 morte
872 1404 1076 1444 Friderici
1096 1405 1147 1443 II.
1179 1406 1277 1456 Imp.
1302 1409 1341 1445 et

382 1463 541 1502 Siciliae
561 1464 696 1515 Bessis,
720 1475 844 1516 usque
866 1465 921 1503 acl
937 1466 1010 1503 An.
1035 1467 1148 1505 4294.
1179 1469 1339 1506 Utrum-

380 1537 458 1574 que
481 1536 581 1575 opus
606 1527 644 1563 in
666 1526 793 1564 lucem
823 1525 916 1564 dare
946 1528 1072 1566 voluit
1109 1528 1336 1568 Antoninus

381 1586 567 1625 Amicus:
597 1588 706 1636 prius
746 1589 864 1625 etiam
899 1589 1162 1638 Hieronymus
1191 1591 1333 1629 Surita.

381 1645 476 1684 Vide
499 1652 755 1697 conspectum
786 1659 919 1687 mcum
945 1649 1119 1687 thesauri
1157 1650 1334 1689 litterarii

381 1708 513 1745 ltalia«¹
529 1719 613 1758 pag.
636 1710 706 1747 1622·
723 1713 763 1746 et
782 1711 1007 1758 Mongitoris
1023 1710 1205 1748 Biblioth.
1224 1712 1336 1750 Sicu-

381 1769 458 1806 lam
483 1773 575 1806 tom.
601 1770 636 1817 1,
659 1780 744 1819 pag.
771 1771 819 1807 96
845 1782 927 1820 seq.

434 1830 453 1849 ¹⁵
476 1829 663 1867 Autboris
688 1829 805 1868 buius
830 1830 1032 1869 historiam
1051 1843 1170 1881 quam
1202 1833 1338 1883 plures

380 1891 418 1927 in
448 1901 490 1927 se
526 1895 788 1940 susceperunt
825 1891 1036 1942 edendam,
1070 1893 1126 1932 Cl.
1165 1895 1336 1933 Murato-

377 1952 460 1990 rius
483 1964 504 1988 e
527 1952 603 1989 MS.
627 1950 722 1989 Cod.
754 1953 887 1991 Siculo
928 1953 1091 1992 tandem
1129 1956 1334 2005 evulgavit

381 2014 468 2050 Ber.
494 2013 613 2050 Italic.
630 2017 656 2050 t.
680 2014 783 2051 Xlll.
808 2015 884 2051 Res
905 2019 1037 2064 gestas
1060 2016 1335 2065 complectitur

381 2073 430 2110 ab
453 2084 514 2111 an.
538 2073 634 2111 1250
652 2084 779 2122 usquc
795 2073 842 2112 ad
858 2086 919 2112 an.
943 2076 956 2112 l
970 2075 1056 2112 494.
1074 2076 1215 2114 Totum
1236 2088 1336 2127 opus

383 2135 420 2170 in
445 2145 528 2183 cap.
554 2133 713 2182 quidem
738 2135 898 2172 CXXIV
922 2146 999 2172 non
1016 2146 1109 2173 vero
1134 2137 1171 2174 in
1190 2137 1333 2186 libros,

383 2198 536 2243 prat-ter
559 2205 677 2243 quam
699 2194 868 2231 Fabricio
887 2199 1089 2233 narratum
1106 2197 1189 2243 fuit,
1205 2197 1336 2235 distri-

383 2254 525 2291 buitur.
549 2254 590 2291 ln
616 2255 856 2304 praefatione
881 2255 1025 2294 indicat
1041 2257 1183 2295 author
1199 2257 1270 2296 hoc
1291 2269 1333 2297 se

383 2326 484 2365 opus
513 2315 676 2353 metrica
712 2317 885 2353 oratione
923 2316 1096 2364 dedisse,
1121 2317 1211 2356 dein
1240 2331 1333 2358 vero

382 2377 532 2425 roganti
562 2376 638 2414 tilio
675 2378 951 2427 acquieturum
986 2378 1114 2417 soluta
1154 2381 1328 2418 oratione

381 2436 475 2474 illud
497 2437 715 2475 refluxisse.
743 2439 871 2484 Quare
888 2439 1002 2477 valde
1019 2442 1196 2491 suspicor
1215 2441 1335 2479 histo-

383 2499 478 2536 riam
504 2499 608 2536 illam
634 2501 853 2547 metricam,
883 2502 998 2539 cuius
1034 2501 1096 2539 hic
1134 2502 1334 2541 Fabricius

381 2561 576 2607 meminit,
601 2560 779 2598 eamdem
804 2572 894 2599 cum
918 2567 1055 2601 nostra
1080 2563 1227 2613 tuisse,
1250 2575 1336 2604 ora-

380 2621 482 2657 tione
508 2625 663 2659 tanturn
687 2622 856 2659 variata.

430 2681 848 2721 BAltTllOlDMzEIJS
870 2683 1028 2722 Ordinis
1044 2685 1248 2734 Malorum,
1269 2696 1335 2724 su-

381 2754 445 2792 pra
457 2741 744 2791 Glunvillns‚de
754 2744 792 2782 S.
805 2743 1090 2793 Concord1'0,de
1099 2744 1128 2784 A
1131 2750 1329 2797 pona,etc.

431 2804 846 2844 BARTHOLOMAEL'S
871 2807 1008 2844 Mortui
1025 2808 1141 2845 Maris
1165 2808 1204 2846 in
1229 2807 1331 2846 Nor-

378 2865 563 2912 mannia,
600 2866 813 2904 Monachus
847 2867 980 2905 Ordin.
1013 2869 1177 2907 Cistcrc.
1215 2868 1330 2918 cujus

381 2927 660 2965 Commentarii
683 2927 722 2964 in
743 2928 800 2966 IV
819 2927 853 2964 E
857 2928 1035 2979 vanyelia
1059 2934 1329 2969 memorantur

379 3000 399 3023 a
422 2988 556 3026 Carolo
580 2987 628 3025 de
654 2989 770 3026 visch
795 3000 879 3038 pag.
906 2990 954 3027 33
979 2991 1073 3029 Bibl.
1099 2992 1262 3030 Cisterc.

434 3049 847 3088 lssAltTllOLOMrEUS
862 3049 908 3088 de
926 3051 1015 3098 Osa,
1035 3052 1120 3089 sive
1137 3053 1331 3102 Ossanus,

384 3109 672 3157 llvrgonwnsis,
706 3121 823 3159 quem
863 3110 977 3149 Anno
1016 3113 1116 3150 4340
1153 3113 1332 3152 floruisse

382 3167 621 3208 Tritlwmius
642 3182 724 3221 cap.
747 3172 820 3209 590
842 3176 1030 3219 annotat,
1052 3175 1210 3224 scripsit
1225 3174 1333 3225 Opus

385 3225 640 3268 historiarum
663 3232 771 3271 libris
795 3234 881 3272 XVI
906 3234 1049 3284 quilius
1078 3235 1186 3274 Vitas
1205 3239 1245 3275 ct
1266 3247 1333 3287 ge-

1076 172 1720 216 BARTHOLOMAEUS

1425 250 1487 284 sta
1525 246 1812 296 Imperatorum
1849 244 2164 296 Pontificumque
2202 246 2384 296 tradidit,

1425 305 1621 345 hactenus
1643 309 1838 356 quantum
1861 307 2054 357 comperi,
2079 306 2247 346 ineditis.

1476 366 1895 406 BART1101.0MAEUS
1922 367 2168 417 Patave'nus,
2198 367 2385 419 Augusti-

1427 429 1593 475 nianus,
1631 427 1748 477 cujus
1789 427 2093 467 commentarios
2133 429 2174 467 in
2211 433 2386 482 quatuor

1424 489 1458 527 E
1460 488 1641 540 vanqelia
1655 489 1824 528 lacobus
1840 490 1874 528 le
1889 491 1996 539 Long
2012 502 2098 540 pag.
2110 489 2187 529 627
2202 491 2381 540 Biblioth.

1423 550 1590 590 Biblicae
1609 581 1618 598 ,
1637 563 1686 589 ex
1708 549 1838 588 Elssio
1861 555 2156 588 commemorat.

1474 611 1893 650 BAR'I'llOLOMAEUS
1922 609 2106 661 Platina,
2141 611 2242 650 inira
2269 611 2383 651 PLA-

1419 672 1549 711 TlNA.

1474 731 1894 772 BARTHOLOMAEUS
1908 730 2002 770 Ord.·
2018 730 2154 770 Praed.
2168 732 2235 782 qui
2249 730 2299 771 de
2308 733 2383 773 Ca-

1418 795 1528 833 sibus
1546 794 1821 833 Conscientiae
1842 793 2010 844 scripsit.
2026 792 2123 832 Vide
2143 803 2263 844 supra
2281 792 2381 834 con-

1418 854 1565 894 cordio.

1468 915 1885 956 BARTHOLOMAEUS
1903 915 2118 966 Lapaccius
2133 927 2183 955 ex
2197 913 2376 956 aimber-

1416 979 1525 1026 tinis,
1542 979 1791 1017 Florentinus
1809 975 1902 1014 Ord.
1923 974 2057 1015 Praed.
2073 978 2259 1028 Magister
2273 978 2374 1016 sacri

1414 1040 1547 1079 Palatii
1567 1038 1670 1090 apud
1691 1039 1801 1077 Pium
1823 1038 1854 1075 li
1879 1042 1920 1075 et
1936 1037 2158 1088 Episcopus
2177 1049 2228 1076 ex
2249 1037 2372 1089 Argo·

1413 1102 1549 1140 licensi
1573 1105 1613 1139 et
1632 1100 1855 1138 Cortincnsi
1879 1098 1928 1137 ab
1951 1097 2066 1137 Anno
2089 1099 2192 1138 4449
2209 1100 2247 1137 in
2266 1099 2377 1138 Hun-

1411 1163 1516 1213 garia
1539 1161 1774 1201 Coronensis
1797 1160 1890 1199 obiit
1915 1160 2028 1199 4466.
2053 1158 2152 1210 Ejus
2175 1159 2261 1199 libri
2295 1159 2376 1200 duo

1410 1223 1456 1261 (Ie
1467 1222 1750 1274 qlorificatione
1765 1232 1953 1260 sensuum
1966 1220 2007 1259 in
2020 1224 2185 1260 aeterna
2202 1219 2371 1260 beatitu-

1410 1284 1498 1323 dine
1520 1286 1576 1333 (in
1596 1281 1874 1333 compendium
1892 1283 2002 1321 missi
2023 1293 2073 1321 ex
2086 1283 2236 1321 Joanne
2255 1283 2372 1322 'l'am-

1409 1346 1519 1394 baco)
1534 1346 1662 1384 lucem
1672 1343 2020 1383 videruntParisiis
2031 1345 2044 1383 4
2055 1344 2097 1384 64
2110 1344 2130 1382 4
2142 1343 2372 1384 8.'⁰Inedita

1410 1407 1513 1458 apud
1537 1407 1686 1446 Julium
1710 1407 1870 1456 Nigrum
1894 1417 1979 1457 pag.
2005 1406 2055 1444 83
2083 1405 2260 1457 aliosque
2287 1417 2370 1445 me-

1412 1473 1632 1508 morantur:
1643 1469 1697 1507 De
1712 1467 1954 1507 distinctione
1968 1466 2142 1519 Spiritus
2158 1468 2198 1506 S.
2215 1479 2242 1505 a
2254 1465 2368 1517 Filio,

1409 1531 1456 1570 ad
1482 1531 1768 1569 Bessarionem.
1794 1530 1850 1567 De
1878 1527 2161 1567 incarnacione.
2182 1528 2238 1566 De
2269 1528 2372 1577 effu·

1408 1592 1514 1631 sione
1534 1590 1740 1642 sanyuinis
1757 1589 1971 1629 CHRISTI
1984 1620 1993 1639 ,
2008 1589 2056 1628 ad
2072 1590 2182 1628 Dium
2199 1590 2246 1628 11.
2268 1589 2368 1630 Con-

1407 1651 1608 1692 troversia
1621 1651 1668 1690 de
1684 1651 1897 1691 CHRISTI
1907 1650 2154 1691 divinissimo
2166 1650 2370 1701 sanquine.

1407 1713 1455 1750 In
1474 1712 1695 1762 Psalmum,
1718 1713 1929 1752 Miserere:
1953 1712 2162 1752 Sermones
2178 1741 2188 1761 ,
2215 1711 2371 1751 Oratio-

1408 1784 1493 1822 nes,
1520 1778 1594 1812 etc.

1461 1834 1849 1874 BARTOLOMAEUS
1865 1832 2074 1874 Raccolius
2092 1863 2100 1883 ,
2117 1834 2204 1872 sive
2217 1834 2371 1885 Roqva-

1407 1895 1572 1945 callias,
1597 1897 1900 1936 Carmelitarum
1923 1895 2083 1935 Ordinis
2108 1896 2215 1935 Prior
2242 1894 2370 1934 Gene-

1405 1958 1498 1997 ralis
1522 1958 1570 1996 ab
1593 1956 1706 1996 Anno
1736 1958 1837 1997 4424
1858 1961 1898 1995 et
1926 1958 2159 2007 Episcopus
2182 1956 2232 1995 ab
2254 1955 2369 1995 Anno

1408 2019 1509 2057 4433
1533 2018 1581 2056 ad
1607 2019 1708 2057 4445
1723 2018 2008 2068 Massiliensis,
2032 2021 2190 2067 praeter
2211 2018 2370 2056 Sermo-

1404 2089 1473 2117 nes
1495 2079 1544 2117 ad
1568 2079 1730 2117 Clerum
1755 2078 1911 2117 habitos
1948 2078 2107 2128 scripsit
2129 2076 2171 2115 in
2196 2080 2369 2129 quatuor

1407 2138 1528 2178 libros
1563 2138 1874 2179 Sententiarum.
1910 2138 2007 2177 Vide
2043 2137 2247 2189 Alegrium
2279 2150 2366 2190 pag.

1407 2201 1485 2239 333
1510 2205 1550 2239 et
1573 2200 1869 2239 Sammarthani
1891 2199 2059 2239 Galliam
2088 2200 2234 2240 Christ.
2270 2204 2366 2239 tom.

1407 2263 1476 2309 111,
1496 2273 1582 2311 pag.
1608 2261 1696 2299 664.

1459 2320 1881 2361 BARTHOLOMAEUS
1915 2320 2246 2360 Ruremundanae
2274 2321 2369 2360 Car-

1406 2383 1562 2422 tbusiae
1588 2384 1703 2421 Prior.
1728 2381 1825 2420 Vide
1848 2392 1969 2432 supra
1994 2380 2306 2422 Carthasiensis.

1459 2443 1880 2483 BARTHOLOMAEUS
1902 2441 1949 2481 de
1962 2441 2132 2482 Saliceto
2147 2443 2284 2494 JCtus,
2298 2444 2367 2494 qui

1406 2506 1558 2556 primus
1593 2505 1792 2543 Ferrariae
1828 2505 1901 2543 Jus
1926 2504 2057 2544 Civile
2094 2503 2230 2544 docuit
2262 2506 2367 2544 circa

1405 2566 1567 2606 Annum
1594 2567 1695 2606 4390
1722 2566 1850 2616 infra,
1875 2564 2168 2605 SALICETUS.

1458 2627 1825 2666 BARTHOLOMAEI
1870 2625 2139 2666 Sulmonensis
2181 2627 2367 2666 Poemata

1406 2689 1510 2727 MSS.
1531 2692 1724 2727 memorat
1745 2687 1929 2727 Labbeus
1948 2687 2128 2726 Biblioth.
2151 2686 2258 2727 MSS.
2277 2698 2364 2738 pag.

1455 2809 1876 2850 BARTIIOLOMAEUS
1912 2809 1960 2849 de
1999 2807 2213 2849 Tolomaeis
2227 2839 2239 2859 ,
2277 2808 2364 2847 sive

1403 2871 1652 2919 Ptolemaeis,
1677 2870 1796 2921 cujus
1820 2872 1903 2909 vita
1930 2871 1972 2909 B.
1996 2869 2179 2910 Luchesii
2193 2870 2239 2910 A.
2261 2870 2362 2910 4260

1402 2933 1575 2972 defuncti
1594 2936 1728 2971 exstat
1743 2933 1780 2970 in
1797 2931 1909 2971 Actis
1926 2931 2160 2971 Sanctorum
2174 2931 2226 2970 28
2238 2929 2360 2981 April.

1403 2998 1496 3032 tom.
1523 2994 1598 3041 111,
1623 3004 1709 3043 pag.
1736 2993 1824 3030 594.

1456 3053 1881 3093 BARTHOLOMAEUS
1921 3052 2198 3100 Tridentinus,
2239 3063 2360 3102 quem

1405 3117 1508 3154 vitas
1544 3116 1780 3154 Sanctorum
1817 3114 2025 3162 scripsisse
2057 3113 2112 3151 ait
2139 3112 2358 3163 Simlerus,

1404 3176 1618 3214 videndum
1638 3203 1646 3222 ,
1671 3175 1723 3212 sit
1746 3184 1794 3212 ne
1817 3173 2052 3222 exsculptus
2073 3183 2124 3211 ex
2160 3172 2361 3212 Bartholo-

1406 3248 1515 3276 maeo
1543 3235 1750 3283 Vicentin,o
1783 3233 1831 3272 dc
1855 3244 1934 3283 quo
1954 3233 2065 3272 inira.
