2500 3841
893 188 1288 228 BARBARUS

91 255 284 297 Lauclatio
299 255 339 292 in
354 252 561 292 Albertum
587 250 851 292 Guidalotum.
863 255 1049 306 Vulgavit

87 320 207 358 etiam
224 318 285 354 vir
298 315 459 354 doctiss.
472 313 723 352 Prooemium
740 314 913 355 eiusdem
931 317 971 356 in
987 318 1045 356 Fl.

86 376 228 418 Blondi
247 375 409 414 Italiam
427 374 689 414 Illustratam.
716 376 770 414 lbi
795 379 941 427 pariter
961 390 1046 428 pag.

84 440 161 479 282
185 442 296 477 extat
316 437 392 476 alia
414 438 505 476 eius
526 436 665 475 oratio.
687 435 750 475 Ad
758 437 943 489 popolum
959 439 1049 477 Bri-

83 499 256 539 aeianum
270 498 367 538 dum
383 499 551 537 solemni
566 499 645 537 ritu
662 498 762 549 pileo
778 499 993 539 donaretur
1010 503 1047 538 in

82 560 263 602 Ecclesia
270 561 484 599 SS.Fausti
499 563 541 599 et
558 561 705 599 lovitae
715 560 846 600 habita
862 564 947 601 an.l
961 563 1048 601 437.

135 620 375 661 Hermolaus
397 620 689 669 BARBARUS,
716 622 949 673 Zachariae,
978 625 1046 674 qui

82 684 282 723 Francisci
320 682 441 721 frater
463 686 570 730 erat,
596 682 720 726 filius,
750 685 1046 723 protonotarius

84 744 354 796 Apostolicus‚
378 744 601 794 Episcopus
639 744 893 794 Trevisanus,
923 750 1044 796 atque

78 805 170 845 inde
197 804 444 853 Veronensis,
468 800 683 845 defunctus
702 805 776 844 An.
805 806 920 847 1471.
938 808 1042 846 Scri-

75 871 166 918 ptor
191 865 299 906 Vitae
321 867 361 906 S.
385 865 612 917 Athanasii,
649 872 690 906 et
728 870 964 907 narrationis
993 867 1041 907 de

78 926 337 967 translatione
373 927 552 979 corporis
575 928 662 982 ejus
686 928 726 967 in
748 928 948 968 civitatem
973 930 1042 969 Ve-

75 987 288 1027 netiarum.
316 989 510 1038 EJusdem
553 989 714 1032 homilia
737 990 778 1029 in
799 992 839 1030 S.
863 989 1041 1028 Athana-

74 1049 195 1099 sium,
214 1051 360 1100 aliique
385 1052 616 1100 Sermones,
656 1063 756 1102 quos
792 1050 1036 1102 Aquilejensi

75 1115 233 1162 praeter
248 1123 333 1151 rem
340 1113 505 1152 Vossius
521 1113 669 1162 tribuit,
679 1117 720 1152 et
735 1113 905 1151 Lectura
918 1112 1043 1151 Theo—

76 1172 200 1224 logica
233 1177 274 1212 et
300 1175 408 1213 Juris
428 1174 635 1223 Canonici‚
652 1175 826 1225 spissum
847 1173 1040 1214 Volumen

72 1234 113 1272 in
133 1236 295 1284 majoris
311 1235 388 1274 folii
406 1236 530 1274 torma
547 1239 801 1274 memoratur.
818 1234 916 1273 Vide
935 1233 1039 1273 idem

72 1296 250 1335 Diarium
273 1308 360 1348 pag.
387 1298 461 1337 440
487 1308 570 1348 seq.
610 1301 650 1335 et
689 1297 784 1347 ⁴65,
811 1296 914 1342 167,
944 1297 1035 1336 246.

77 1357 346 1397 Mabillonium
365 1362 447 1396 tom
468 1360 483 1397 I
503 1359 629 1398 Musei
653 1359 738 1396 Ital.
764 1369 850 1409 pag.
876 1359 966 1398 204.

121 1418 361 1459 Hermolaus
380 1419 667 1469 BARBARUS,
693 1419 900 1458 Zachariae
917 1420 1034 1469 filius,

69 1481 267 1519 Francisci
291 1491 430 1530 nepos,
452 1481 668 1519 Zachariae
692 1481 858 1519 alterius
875 1485 1036 1531 patrue-

70 1541 137 1589 lis,
157 1541 345 1591 Pomponi
370 1542 478 1580 Laeti
518 1541 752 1592 discipulus,
784 1543 961 1592 praecoci
989 1553 1034 1581 ac

72 1602 174 1641 felici
190 1603 364 1653 ingenio,
374 1603 437 1641 vir
451 1602 760 1651 eruditissimus,
776 1607 817 1642 et
832 1607 920 1654 post
936 1604 1033 1642 alias

70 1674 141 1714 pro
162 1663 377 1714 Republica
399 1664 623 1703 functiones
654 1664 880 1703 Patriarcha
906 1663 1034 1716 Aqui-

69 1722 244 1776 lejensis‚
269 1724 318 1764 de
342 1737 421 1775 quo
441 1725 539 1764 haec
561 1727 703 1764 Petrus
739 1725 957 1776 Alcyonius
986 1726 1031 1764 li-

68 1786 138 1824 bro
156 1787 283 1837 priore
306 1785 355 1824 de
378 1787 494 1825 exilio
515 1799 601 1837 pag.
627 1788 676 1825 60
701 1798 812 1837 seqq.
843 1787 1030 1825 Innocen-

69 1845 149 1886 tius
159 1846 254 1886 VIII
263 1846 663 1899 PontifescMaoeimus
673 1859 772 1898 ,meo
781 1847 1032 1900 potissimum

73 1912 241 1960 roqatu,
274 1909 527 1948 Hermolaum
556 1910 790 1959 Barbarum,
823 1911 1030 1958 Venetam,

68 1967 375 2022 Aqulejensibus
403 1969 534 2008 sacris
565 1969 724 2022 publice
741 1970 951 2023 praefecit.
981 1972 1027 2019 a)

68 2031 184 2070 Hunc
205 2041 273 2082 eqo
305 2041 463 2069 summa
484 2029 741 2070 observantia
764 2031 884 2070 colui.-
909 2031 1033 2070 homi-

67 2091 209 2143 nisque
231 2094 314 2130 tum
345 2102 496 2130 summo
519 2090 688 2142 inqenio,
712 2103 944 2144 summaque
972 2093 1032 2131 in-

69 2151 244 2203 dustria,
269 2155 352 2191 tum
373 2151 534 2201 studiis,
558 2164 607 2191 ac
626 2153 734 2192 omni
749 2153 930 2192 doctrina
946 2165 1030 2192 ma-

66 2225 239 2265 ynopere
262 2213 500 2253 delectabar.
521 2215 576 2253 Et
602 2227 644 2254 eo
667 2215 813 2266 maqis,
842 2216 948 2267 quod
974 2215 1032 2254 in-

72 2274 293 2327 telligebam
315 2275 427 2315 illum
450 2279 657 2316 tantarum
678 2276 882 2316 virtutum
898 2277 1031 2327 laude,

68 2341 108 2377 et
119 2337 302 2389 patriae,
319 2341 359 2377 et
377 2337 535 2387 Italiae,
552 2342 591 2377 et
605 2338 858 2391 Reipublicae
873 2343 1033 2378 nostrae

68 2409 153 2438 esse
189 2403 428 2438 ornamento.
452 2399 552 2439 Ante
590 2399 748 2451 quidem
773 2401 814 2439 in
838 2400 980 2440 Urbem
1008 2413 1035 2440 a

71 2460 222 2500 Venetis
243 2460 410 2510 missus,
433 2450 637 2511 legationis
660 2473 824 2501 munere
842 2461 1035 2514 fiinqeba-

69 2524 138 2559 tur
155 2521 266 2572 apud
287 2522 515 2573 Pontificem
529 2522 759 2562 Maoeimum
779 2521 817 2562 et
829 2534 911 2572 nos,
928 2534 1035 2562 sum-

68 2581 126 2620 mi
146 2581 298 2621 ordinis
339 2581 560 2622 Antistites:
598 2583 688 2622 dein
721 2584 843 2623 eoeilio
866 2584 1034 2634 affectus

71 2647 148 2693 est,
165 2642 271 2694 quod
293 2643 490 2694 ejusmodi
508 2643 773 2683 sacerdotium
787 2644 1035 2696 AquileJense

69 2704 328 2756 suscepisset,
347 2708 482 2755 spreta
504 2705 755 2754 auctoritate,
779 2710 825 2745 ut
843 2704 1034 2755 dicebant,

70 2767 138 2807 sui
153 2768 341 2808 Senatus.
365 2766 408 2816 b)
432 2767 491 2805 Ne
512 2766 662 2816 vivam,
692 2766 730 2805 si
748 2766 942 2819 acceptior
969 2778 1036 2804 no-

125 2879 161 2921 a)
183 2883 246 2912 An.
268 2879 346 2911 1491
372 2883 446 2921 post
467 2879 662 2912 defunctum
687 2879 722 2910 11
746 2881 856 2911 Martii
888 2880 1038 2911 Marcum

64 2929 226 2963 Bai-bum.
243 2929 324 2961 vide
347 2929 518 2969 ughellum
540 2933 564 2960 t.
591 2931 616 2959 v
640 2929 753 2960 ltaliae
775 2931 893 2960 sacrae
915 2937 946 2967 p.
966 2927 1037 2960 150.

66 2978 209 3017 ¹Fallitur
229 2976 343 3018 itailuc
363 2977 528 3016 bembus,
551 2979 610 3017 qui
633 2978 675 3008 ab
697 2976 883 3009 Alexandro
910 2978 947 3006 Vl
971 2979 1036 3007 Pa-

64 3027 248 3059 triarcham
271 3031 420 3059 creatum
456 3027 574 3058 scribit
597 3026 824 3058 Hermolaum.
848 3023 937 3055 Adde
960 3026 1033 3056 Dia-

64 3078 154 3108 rium
175 3076 390 3108 Eruditorum
413 3076 529 3107 italiae
545 3080 625 3107 tom.
650 3077 774 3106 xxvni
799 3082 872 3114 pag.
888 3072 946 3103 155
962 3081 1032 3112 seq.

65 3127 100 3155 et
123 3123 183 3155 150
203 3126 346 3156 Niceron
368 3126 540 3157 Memoires
565 3133 648 3165 pour
673 3126 778 3156 servir
819 3122 838 3153 a
872 3120 1036 3153 l'llistoire

66 3173 125 3206 des
146 3172 294 3205 hommes
317 3174 464 3206 illustros
487 3178 568 3206 tom.
589 3176 658 3204 xlv
681 3183 713 3213 p.
739 3172 787 3203 12.

130 3221 166 3260 b)
193 3221 345 3256 Nicolaus
368 3224 558 3256 comnenus
579 3222 782 3264 Papadopoli
802 3224 957 3261 Gymnas.
974 3223 1037 3252 Pa-

68 3271 175 3303 tavin.
200 3273 290 3304 tomo
316 3273 344 3303 11
367 3280 443 3313 pag.
466 3272 519 3305 28.

2015 195 2087 231 1111

1124 256 1184 295 bis
1207 269 1283 295 non
1302 262 1407 305 erat,
1434 261 1471 295 et
1493 258 1639 305 nescio,
1664 267 1739 307 quo
1764 268 1842 308 pac
1852 262 1886 296 to
1907 260 2086 300 admira-

1125 318 1241 357 bilior
1263 318 1370 357 illius
1386 318 1542 369 privati
1561 324 1597 368 c)
1622 318 1754 358 virtus
1776 317 1892 358 nobis
1925 321 2086 361 videba-

1123 382 1206 428 tur,
1231 390 1352 431 quain
1388 383 1477 417 ante
1516 390 1605 418 cum
1637 378 1839 430 publicam
1864 392 2084 431 personam

1119 444 1292 491 ssereret,
1328 452 1376 479 ac
1411 441 1511 479 tanti
1531 444 1702 481 Senatus
1732 452 1798 479 res
1828 449 2081 493 procuraret.

1124 503 1252 550 Quam
1272 501 1317 540 ob
1342 514 1426 540 rem
1446 502 1599 540 iuiltum
1615 502 1773 541 honoris
1795 503 1833 540 ei
1843 504 2004 554 privato
2019 506 2083 544 ‹Ie-

1120 562 1364 615 ferebamus,
1377 563 1482 613 quod
1497 563 1809 612 z'ntelle‘qebamus
1822 596 1832 613 ,
1849 565 2078 615 sapientiae,

1118 624 1328 674 yravitati,
1365 624 1623 672 constantiae,
1661 625 1923 665 moderationi
1957 629 2080 668 animi

1120 684 1226 724 illius
1251 689 1372 723 totum
1396 684 1438 722 iel
1462 684 1617 736 deferri
1633 690 1834 736 oportere:
1865 689 2079 739 Maqistra-

1119 749 1201 783 tum
1224 748 1356 784 autem
1381 745 1538 796 {serenti
1572 757 1661 783 cum
1696 746 1877 786 honorem
1909 748 2079 788 habeba-

1115 817 1223 855 mus,
1247 806 1415 845 Senatui
1431 806 1635 844 cluntaaeat
1661 809 1852 855 Veneto,a
1872 822 1949 859 quo
1972 810 2077 862 lessa-

1106 870 1232 917 yatus
1256 866 1400 905 missus
1420 870 1524 915 erat,
1549 878 1619 906 nos
1640 866 1824 906 honorem
1845 869 1988 909 habere
2008 883 2075 910 su-

1113 926 1383 978 spicabamur.
1408 927 1592 966 Eocilium
1617 928 1739 979 iyi'tur
1769 929 1952 967 Barbaro
1972 962 1979 980 ,
2000 943 2076 970 non

1113 987 1240 1027 solum
1263 988 1526 1028 calamitatem
1549 989 1749 1039 detraxit,
1774 990 1844 1029 secl
1871 991 1988 1030 etiam
2019 993 2077 1031 di-

1110 1050 1299 1100 9nitatem
1314 1051 1446 1089 auaeit.
1462 1050 1575 1100 Quod
1590 1051 1747 1102 quidem
1767 1052 1823 1090 ita
1838 1056 2073 1101 constanter,

1115 1112 1391 1164 moderateque
1425 1111 1594 1164 ferebat,
1620 1116 1665 1150 ut
1698 1112 1937 1164 facetissime
1963 1114 2076 1164 joca-

1115 1176 1247 1212 retur:
1264 1175 1400 1213 Musas
1427 1173 1525 1212 illutl
1539 1172 1618 1212 sibi
1627 1186 1653 1211 a
1661 1173 1800 1223 patria
1817 1174 2048 1224 impetrasse
2061 1206 2072 1223 ,

1116 1235 1302 1285 quoniam
1323 1247 1442 1287 aeyre
1459 1234 1614 1288 ferrent
1636 1226 1825 1274 bominem
1844 1235 1929 1274 suis
1944 1236 2074 1274 sacris

1113 1294 1327 1345 initiatum,
1362 1295 1572 1335 ambitione
1616 1295 1844 1347 rulyarium
1884 1296 2074 1334 honorum

1111 1355 1304 1405 distineri,
1316 1361 1351 1396 et
1359 1356 1488 1409 plebej
1491 1358 1523 1396 is
1543 1356 1863 1409 occupationibus
1880 1357 2071 1408 impediri.

1110 1419 1249 1470 Itaque
1271 1417 1394 1469 plura
1419 1419 1582 1469 scripsit
1616 1418 1767 1457 biennio
1797 1418 1912 1468 eoeul,
1952 1431 2072 1470 quam

1109 1481 1174 1519 XX
1190 1484 1281 1518 ante
1296 1480 1412 1519 annis
1430 1510 1438 1527 ,
1455 1491 1545 1518 cum
1557 1480 1698 1530 patria
1711 1479 1934 1531 frueretur,
1951 1484 1990 1518 et
2002 1479 2068 1518 ho-

1106 1540 1272 1579 noribus
1295 1540 1401 1579 illius
1421 1540 1724 1591 florentissimus
1750 1545 1865 1589 esset,
1882 1543 2066 1592 Recoyni-

1106 1603 1247 1642 tionem
1269 1606 1501 1642 erratorum
1525 1603 1691 1640 l‘liniani
1714 1601 1874 1649 codicis,
1906 1602 1950 1651 d)
1982 1603 2068 1641 Eac-

1099 1664 1368 1716 planationem
1383 1663 1578 1702 librorum
1601 1662 1647 1701 cle
1671 1663 1806 1701 anima
1829 1662 2066 1710 Aristotelis,

1106 1728 1144 1775 e)
1170 1738 1259 1764 cum
1274 1726 1364 1776 jam
1385 1729 1475 1764 ante
1505 1724 1678 1776 ejusdem
1702 1723 1925 1775 Philosophi
1947 1723 2068 1762 libros

1111 1786 1203 1826 talis
1225 1787 1466 1837 ar9umenti,
1507 1786 1547 1824 in
1581 1785 1765 1824 Latinum
1789 1785 2067 1832 convertisset,

1105 1853 1144 1888 et
1162 1850 1252 1888 XVI
1268 1847 1389 1888 libros
1409 1848 1455 1886 de
1475 1847 1627 1886 ratione
1658 1846 1882 1886 disserendi
1905 1848 1920 1884 f
1930 1847 1938 1893 )
1978 1846 2070 1897 [ve-

1105 1914 1206 1949 teres
1231 1909 1500 1961 Peripatetici,
1532 1910 1720 1958 Orfsanon
1748 1919 1811 1946 eos
1843 1906 2066 1958 appellant]

1104 1976 1142 2011 et
1165 1973 1203 2012 V.
1228 1971 1472 2019 Rbetoricos,
1497 1972 1536 2022 g)
1561 1973 1600 2008 et
1626 1981 1748 2008 unum
1771 1969 1995 2018 Poeticum,
2025 1968 2067 2016 h)

1158 2095 1191 2132 c)
1212 2094 1365 2134 Accepta
1393 2094 1488 2124 enim
1523 2094 1675 2125 Senatus
1724 2091 1930 2127 voluntate,
1968 2089 2074 2120 cessit

1100 2149 1226 2185 sponte
1262 2145 1414 2184 adeptae
1450 2142 1650 2182 ἀὲρηίιαιί,
1679 2149 1782 2180 seque
1808 2139 2068 2171 Patriarchatu

1097 2198 1223 2234 sponte
1245 2193 1437 2225 abdicavit.
1459 2195 1577 2224 Petrus
1600 2191 1745 2224 Delfinus
1763 2190 1868 2228 Epist.
1887 2189 1928 2220 ad
1943 2187 2071 2227 Ugolin.

1098 2245 1259 2275 verinum
1286 2243 1343 2276 lib.
1367 2243 1386 2273 2
1412 2243 1517 2282 Epist.
1541 2240 1594 2272 92.

1159 2292 1196 2333 d)
1217 2294 1439 2332 Praecipuum
1456 2291 1518 2323 hoc
1541 2298 1625 2330 opus
1645 2287 1927 2328 castiyationum
1937 2285 2074 2317 Plinia-

1099 2350 1228 2374 narum
1244 2366 1254 2380 ‚
1270 2349 1355 2382 quae
1371 2342 1515 2381 primae,
1531 2348 1607 2371 cum
1623 2337 1771 2378 Epistola
1794 2336 1835 2367 ad
1852 2334 2074 2368 Alexandrum

1102 2393 1143 2422 vl
1166 2392 1318 2432 prodiere
1347 2392 1470 2421 Romae
1495 2388 1575 2420 1492
1598 2390 1684 2427 typis
1706 2386 1866 2418 Eucharii
1889 2385 2044 2423 Argentei
2064 2406 2074 2421 ‚

1099 2441 1170 2472 sive
1190 2440 1310 2477 Silber,
1333 2443 1366 2470 et
1388 2437 1554 2470 secundae
1577 2445 1655 2467 cum
1678 2433 1967 2467 emendationibus
1987 2433 2071 2461 ller-

1100 2489 1199 2521 molai
1222 2488 1262 2519 in
1286 2487 1522 2527 Pomponium
1539 2486 1672 2518 Melam
1685 2509 1694 2521 ‚
1714 2485 1748 2515 in
1762 2483 1883 2522 quibus
1905 2484 1937 2511 ct
1960 2481 1994 2510 in
2012 2481 2068 2510 Se-

1101 2545 1237 2574 necam,
1252 2537 1287 2567 in
1310 2534 1576 2573 Quintilianum,
1595 2535 1628 2564 in
1644 2531 1858 2563 Columellam
1875 2528 1982 2560 simile
1995 2531 2068 2558 stu-

1103 2586 1197 2617 dium
1220 2593 1254 2616 se
1288 2586 1438 2624 posuisse
1466 2583 1590 2614 innuit.
1614 2583 1735 2611 Romae
1759 2578 1870 2609 idibus
1893 2576 2065 2607 Februarii

1102 2634 1182 2666 1495
1204 2634 1260 2665 sol.
1284 2632 1461 2664 Mediolani
1489 2630 1568 2661 1494
1608 2629 1664 2661 sol.
1693 2631 1737 2659 De
1761 2629 1911 2666 utrisque
1935 2624 2002 2654 dixi
2027 2625 2063 2654 iu

1100 2682 1305 2715 Bibliotheca
1327 2682 1454 2712 Latina.
1476 2680 1669 2711 Dissertatio
1694 2681 1824 2713 autom,
1847 2681 1913 2712 qua
1945 2672 2067 2711 proba-

1104 2733 1190 2764 verit
1211 2730 1421 2766 Hermolaus,
1447 2728 1594 2758 Plinium
1628 2726 1728 2756 fuisse
1760 2726 2063 2758 Novommensem,

1101 2783 1283 2812 memorata
1307 2786 1325 2808 a
1349 2776 1521 2808 varillasio
1547 2783 1622 2814 pag.
1650 2774 1708 2804 189
1730 2772 1971 2804 anecdotorum
1993 2769 2066 2799 Flo·

1102 2830 1310 2861 rentinorum
1324 2849 1334 2864 ,
1370 2824 1461 2856 nulla
1499 2831 1647 2862 unquam
1684 2821 1757 2852 suit.
1802 2819 1880 2850 Vide
1915 2819 2063 2848 niarium

1104 2876 1320 2908 Eruditorum
1345 2872 1463 2905 ltaliae
1495 2876 1584 2903 tomo
1609 2872 1733 2902 xxvm
1764 2877 1837 2910 pag.
1866 2867 1935 2898 184.
1964 2868 2059 2897 Nice-

1100 2927 1173 2958 roni
1198 2924 1371 2955 Memorias
1396 2925 1481 2953 tom.
1506 2922 1573 2951 le
1595 2928 1670 2960 pag.
1693 2919 1745 2950 ⁶25.

1158 2974 1190 3013 e)
1212 2976 1297 3004 llaec
1321 2978 1493 3010 nunquam
1516 2969 1624 3001 lucem
1649 2967 1742 3000 vidit.

1157 3023 1184 3061 t)
1206 3024 1271 3054 llos
1294 3020 1432 3059 vulgare
1459 3022 1534 3057 post
1566 3017 1672 3050 Rlieto
1697 3018 1788 3047 icim
1824 3014 1929 3047 voluit
1944 3036 1954 3051 ,
1977 3015 2059 3043 teste

1098 3074 1262 3108 Gesncr0‚
1287 3069 1402 3100 Daniel
1418 3067 1600 3104 Barbarus,
1623 3065 1786 3098 llcrmolai
1803 3070 1964 3104 pronepos
1980 3075 1986 3092 :
2005 3060 2061 3091 scd

1096 3122 1296 3160 promissum
1320 3117 1455 3156 implere
1477 3118 1507 3148 el
1531 3124 1597 3147 non
1616 3115 1725 3146 licuit.

1158 3169 1192 3208 g)
1216 3168 1326 3199 Edidit
1349 3165 1461 3198 Daniel
1484 3166 1647 3196 Barbarus
1663 3187 1672 3202 ,
1694 3164 1839 3195 venetiis
1865 3159 1943 3191 ‘1544
1963 3184 1971 3198 ,
1995 3159 2061 3194 410,

1100 3219 1187 3250 unde
1208 3217 1340 3256 saepius
1364 3222 1478 3246 recusa
1501 3213 1671 3253 Lugduni,
1698 3212 1841 3242 Basilcac
1856 3233 1866 3248 ,
1896 3209 2042 3241 Parisiis,

1169 3267 1204 3303 h)
1230 3266 1296 3297 llic
1318 3272 1490 3303 nunquam
1515 3264 1549 3295 in
1575 3263 1684 3294 lucem
1707 3261 1854 3300 prolatus
1879 3267 1943 3290 esc.

1658 3330 1699 3366 ’21
