2500 3841
842 225 1320 266 BENEDICTUS

94 303 131 337 et
149 298 190 337 in
208 295 562 334 Deuteronomium.
581 294 654 333 An.
677 296 788 334 4472.
802 295 900 335 Vide
921 299 982 335 W.
998 299 1043 337 F..

97 358 344 398 Tentzelium
367 357 463 395 Bibl.
488 357 663 396 curiosae
686 362 779 395 tom.
802 359 829 396 l.
850 358 922 397 An.
944 359 1045 399 4704

91 431 177 471 pag.
200 420 287 458 458.
308 420 516 458 Sermones
531 423 733 469 praeterea
751 420 881 458 varios
904 426 944 459 et
961 422 1047 461 Col-

89 479 252 519 lationes
275 480 455 519 diversas
486 484 679 520 memorat
707 482 947 522 Trithemius
984 495 1047 523 ca-

90 544 170 593 pite
193 544 269 582 830
293 543 342 581 de
366 543 404 581 S.
430 543 474 581 E.

141 605 461 644 BENEDICTUS
475 605 730 652 Tamacedus,
743 608 752 651 (
763 606 910 658 Cangio
925 609 1046 647 Tara-

89 665 259 715 credus,
287 666 549 706 Tomacredus
577 668 662 706 aliis
686 668 750 707 vel
782 668 1043 719 Tomacellus)

88 729 303 767 Perusinus
320 759 329 766 .
369 729 461 768 Ord.
496 730 630 768 Praed.
665 730 844 769 floruisse
876 732 1045 772 traditur

85 789 191 830 circa
217 788 262 829 A.
294 791 395 829 4260
426 796 466 830 et
495 793 702 842 scripsisse
731 791 776 831 cle
807 797 1044 844 paupertate

89 851 396 893 GHristicontra
407 852 735 892 Fratricellorum
746 865 920 894 errores.-
933 856 1046 896 Com-

85 913 282 952 memoria
323 925 445 966 super
475 916 530 954 IV
566 913 688 954 libros
724 917 1016 956 Sententiarum
1033 949 1042 966 ‚

85 975 295 1015 Sermones
329 975 376 1014 de
412 980 582 1028 tempore
609 982 650 1016 et
677 977 723 1016 de
751 978 922 1027 Sanctis,
950 990 1042 1018 cum

89 1035 372 1076 Collationibus
392 1049 461 1088 pro
482 1039 587 1078 illius
607 1041 750 1078 aetatis
775 1051 881 1078 more
905 1039 1044 1089 adjun-

86 1099 173 1137 ctis.
185 1099 282 1138 Vide
297 1101 487 1139 Jacobum
502 1101 728 1140 Echardum
740 1106 845 1140 tomo
859 1103 886 1149 Ι,
898 1114 932 1152 p.
950 1102 1039 1141 210.

138 1162 456 1202 BENEDICTUS
500 1162 747 1211 Veronensis,
780 1163 872 1202 Ord.
906 1164 1040 1203 Praed.

86 1223 190 1262 circa
207 1223 253 1262 A.
281 1225 356 1264 420
375 1225 492 1275 qu'us
516 1225 619 1263 idem
646 1225 853 1264 Echardus
880 1229 974 1264 tom.
999 1227 1040 1275 Ι,

86 1295 172 1335 pag.
196 1284 266 1325 774
299 1290 492 1325 memorat
514 1288 723 1326 Sermones
742 1285 788 1324 de
808 1290 976 1338 tempore
1002 1293 1043 1326 et

86 1345 134 1384 de
153 1347 310 1386 Sanctis
323 1379 334 1396 ‚
351 1349 526 1398 itemque
550 1347 590 1386 in
607 1346 832 1399 Symbolum
845 1347 1043 1400 Apostolo-

84 1419 192 1457 rum,
212 1408 253 1448 in
266 1408 524 1461 Decaloyum,
546 1413 586 1449 et
606 1410 648 1448 in
668 1409 893 1449 Orationem
910 1411 1041 1450 Domi-

83 1481 214 1508 nicam

136 1532 455 1572 BENEDICTUS
468 1532 748 1583 Urbevetanus,
757 1533 938 1584 ejusdem
945 1535 1038 1574 Ord.

83 1593 188 1632 circa
217 1593 292 1632 An.
318 1595 420 1634 4260
444 1606 490 1634 ac
525 1595 723 1647 deinceps.
760 1598 891 1636 Etiam
920 1597 1040 1648 hujus

82 1655 178 1694 nihil
191 1656 296 1695 aliud
316 1657 523 1697 Echardus
539 1662 645 1696 tomo
662 1659 701 1706 I,
722 1670 808 1709 pag.
824 1659 893 1699 771
920 1672 1041 1710 quam

82 1728 282 1757 sermones
301 1718 348 1757 de
365 1722 533 1772 tempore
553 1723 591 1759 et
611 1719 658 1758 de
677 1721 824 1760 sanctis
849 1724 1041 1773 nominat,

82 1789 216 1828 neque
235 1778 332 1817 adeo
355 1780 497 1820 horum
523 1783 795 1822 meminissem
824 1785 898 1822 nisi
919 1784 1043 1823 vidis-

83 1854 167 1881 sem
191 1854 258 1882 eos
281 1854 304 1881 a
324 1844 471 1894 Gangio
494 1844 660 1894 aliisque
680 1845 841 1883 laudari.

135 1906 300 1944 Summa
317 1906 611 1953 BENEDICTI,
636 1906 685 1945 de
714 1904 794 1956 quav
821 1909 977 1948 Baelius
1001 1910 1040 1947 in

84 1968 226 2006 Lexico
245 1997 253 2017 ,
273 1979 371 2006 voce
391 1967 593 2017 Sanchez,
613 1969 843 2007 recentioris
863 1974 925 2008 est
948 1972 1042 2009 scri-

83 2030 206 2080 ptoris
227 2031 477 2068 Franciscani
493 2029 693 2068 Benedicti
706 2030 887 2082 Sanyalli
901 2034 1043 2082 Bergo-

82 2092 200 2130 matis
217 2121 226 2138 ‚
261 2090 378 2141 cujus
413 2102 570 2130 summa
605 2093 864 2130 Peccatorum
900 2094 1042 2144 prodiit

83 2154 240 2192 Parisiis
259 2152 374 2193 Anno
400 2154 501 2193 ⁴595
525 2155 644 2193 etiam
667 2154 815 2194 Gallice
834 2167 951 2195 versa
965 2155 1039 2195 An.

91 2215 203 2254 4602.

135 2276 492 2317 BENEVENTANI
534 2279 758 2317 Monasterii
792 2280 831 2318 S.
875 2280 1041 2331 Sophiae

86 2338 189 2379 Ord..
208 2340 453 2379 Benedictini
483 2339 704 2379 Chronicon
735 2342 927 2392 scriptum
957 2354 1043 2381 sae-

83 2401 172 2439 culo
187 2401 261 2440 XII
277 2401 424 2451 edidit(
439 2403 594 2441 utinam
610 2402 882 2452 emendatius)
900 2404 1043 2454 Ughel—

85 2462 149 2500 lus
169 2463 307 2501 Italiae
341 2473 475 2501 sacrae
498 2467 592 2501 tom.
617 2464 703 2502 VIII
737 2475 923 2502 recusum
947 2464 1039 2503 edit.

85 2533 212 2561 novae
234 2526 342 2561 tomo
360 2525 398 2562 X
416 2553 424 2571 ,
446 2535 534 2574 pag.
559 2525 739 2563 444—560
764 2526 954 2564 refertum
974 2538 1043 2564 ve-

86 2582 238 2622 teribus
262 2584 560 2632 Instrumentis,
578 2585 792 2634 mandatis,
813 2586 982 2625 dec-retis
1002 2591 1042 2625 et

87 2645 302 2696 privilegiis
319 2646 616 2696 Imperatorum,
632 2647 794 2698 Regum,
810 2649 1041 2687 Pontificum

86 2711 127 2745 et
148 2706 446 2757 Episcoporum.
468 2706 558 2745 'Alia
576 2706 625 2745 ad
648 2719 713 2745 res
741 2710 1042 2746 Bene-ventanas

11 2805 14 2807 .
88 2769 269 2808 facientia
291 2767 398 2806 dabIt
418 2768 630 2807 thesaurus
650 2769 885 2819 scriptorum
910 2769 1042 2808 ltaliae

86 2831 406 2870 Burmannianus
424 2833 530 2868 tomo
550 2830 616 2867 IX.

143 2891 362 2932 Chronicon
380 2892 602 2931 Monasterii
627 2891 664 2929 S.
691 2891 891 2930 BENIGNI
912 2891 1041 2929 Divio-

90 2955 226 2992 nensis
248 2953 297 2992 ab
320 2952 393 2992 An.
416 2954 491 2992 458
511 2952 560 2991 ad
582 2953 682 2991 1026
698 2956 803 2990 tomo
824 2953 836 2990 I
855 2953 1040 3003 spicilegii

90 3015 322 3054 Dacheriani
350 3027 436 3066 pag.
462 3015 537 3054 353
567 3019 607 3053 et
629 3014 720 3053 edit.
746 3025 834 3052 nov,
865 3018 956 3051 tom.
984 3016 1040 3061 11,

13 3109 18 3116 .
92 3087 177 3128 pag.
198 3076 287 3116 357.
308 3076 380 3127 Huj
389 3087 515 3127 usque
541 3076 720 3116 Chronici
741 3074 975 3113 continuatio
995 3075 1044 3113 ab

92 3139 166 3177 An.
188 3140 290 3178 4405
309 3138 359 3178 ad
381 3139 482 3178 1543
506 3138 556 3177 id.
580 3150 665 3189 pag.
689 3138 879 3175 394-399.
902 3136 1047 3175 Aucto-

94 3211 178 3239 rem
194 3199 377 3240 Chronici
399 3201 587 3239 Joannem
607 3204 749 3238 vocant
772 3199 983 3237 Daclierius
1006 3202 1047 3235 et

24 3293 26 3295 .
94 3261 363 3311 MabilloniuS,
385 3261 557 3302 eundem
575 3273 714 3312 nempe
730 3260 960 3300 Monachum
980 3262 1048 3297 Bc-

97 3321 338 3363 ncdictinum
355 3355 365 3373 ,
391 3325 458 3374 qui
482 3326 682 3364 Bcsucnse
711 3323 926 3364 Glironicon
956 3322 1049 3359 scri-

2000 224 2074 264 193

1118 299 1212 348 psit:
1238 297 1307 335 sed
1336 307 1474 347 parum
1497 299 1646 334 certam
1671 292 1937 343 conjecturam
1966 294 2069 333 iilam

1118 370 1206 397 esse
1234 357 1409 396 ostendit
1438 357 1680 407 Papillonus‚
1705 354 1821 405 cujus
1849 354 2072 394 dissertatio

1119 422 1266 459 inserta
1288 424 1393 458 tomo
1413 421 1552 469 quarto
1576 418 1662 456 libri
1685 418 1749 456 cui
1777 417 1940 455 titulus:
1972 418 2072 457 Con—

1118 483 1311 521 tinuation
1352 481 1423 519 des
1457 481 1666 519 memoires
1703 479 1751 518 de
1790 479 2009 518 litterature
2031 484 2071 518 et

1117 543 1341 590 d'histoire,
1366 544 1474 581 Paris
1500 541 1621 589 4727,
1647 543 1670 579 8
1693 552 1781 591 pag.
1805 541 1894 579 224.
1923 541 1974 579 Et
2002 552 2071 580 au—

1118 609 1266 643 ctorem
1297 604 1510 643 Besnensis
1539 603 1721 641 Chronici
1762 607 1924 641 centum
1953 605 2069 641 annis

1114 665 1310 716 juniorem
1327 666 1515 715 scriptore
1534 664 1715 702 Chronici
1732 665 1769 702 S.
1787 666 1964 715 Benigni,
1980 676 2071 703 con-

1118 729 1243 766 tendit
1262 727 1378 766 Hadr.
1398 726 1579 764 Valesius
1605 727 1641 762 in
1661 726 2001 765 observationibus
2021 727 2070 765 de

1116 791 1231 829 annis
1252 789 1460 837 Dagoberti
1483 787 1510 825 1.
1535 787 1774 825 Francorum
1799 788 1929 837 Regis,
1954 788 2069 826 editis

1116 852 1236 890 Paris.
1262 850 1363 889 4684
1390 849 1424 886 4.

1168 913 1368 961 Excerpta
1391 921 1440 948 ex
1465 908 1658 950 Chronico
1683 910 1756 948 alio
1778 909 1795 930 *ἓ
1818 910 1855 948 S.
1871 910 2067 949 BENIGNI

1116 975 1369 1016 Divionensis
1392 972 1440 1010 ab
1463 972 1536 1010 An.
1562 971 1637 1010 753
1662 972 1710 1010 ad
1741 972 1843 1010 4223
1867 973 1904 1009 in
1933 972 2071 1009 Biblio—

1116 1035 1231 1073 theca
1260 1046 1362 1073 nova
1389 1034 1496 1073 MSS.
1536 1033 1699 1084 Philippi
1733 1034 1874 1072 Labbei
1906 1037 1998 1071 tom.
2032 1036 2069 1082 Ι,

1117 1109 1202 1148 pag.
1227 1097 1424 1135 293-296.

1167 1160 1416 1198 BENIGNUS
1442 1157 1671 1205 Visclomt‘nz',
1693 1159 1942 1197 Florentinus
1959 1188 1968 1200 ,
1994 1157 2070 1196 Al,-

1114 1223 1185 1261 bas
1208 1221 1784 1261 GeneralisVallumbrosanus
1815 1220 1907 1257 Ord.
1949 1222 2070 1258 Bene-

1115 1283 1232 1332 dicti,
1257 1283 1469 1322 defunctus
1488 1282 1561 1321 An.
1589 1283 1690 1321 1236
1710 1311 1718 1329 ,
1737 1282 1786 1319 26
1803 1282 1877 1320 Jul.
1900 1281 2068 1319 traditur

1116 1347 1322 1396 scripsisse
1331 1344 1563 1384 Claustrum
1582 1344 1750 1393 animate,
1759 1345 1842 1381 sive
1854 1341 2070 1380 methodum

1115 1407 1168 1446 ad
1202 1410 1305 1445 recte
1338 1405 1571 1454 vivendum,
1594 1410 1634 1443 et
1667 1404 1886 1444 Historiam
1913 1403 2071 1442 Ordinis

1113 1470 1194 1519 sui,
1214 1480 1404 1508 excusam
1420 1468 1494 1506 An.
1518 1470 1532 1507 4
1544 1468 1618 1506 500
1642 1472 1686 1506 ut
1714 1467 1831 1504 habet
1854 1467 1982 1504 Julius
2012 1467 2072 1503 Ni-

1111 1544 1180 1583 ger
1202 1531 1250 1570 de
1274 1530 1530 1581 scriptoribus
1556 1529 1794 1567 Florentinis
1818 1540 1903 1578 pag.
1929 1528 1978 1565 98
1998 1529 2065 1577 qui

1113 1593 1161 1631 de
1195 1591 1376 1643 ejusdem
1417 1590 1575 1629 Ordinis
1616 1589 1935 1628 Vallumbrosani
1969 1590 2065 1626 viris

1114 1655 1229 1694 claris
1252 1658 1424 1693 testatur
1446 1654 1565 1691 etiam
1589 1653 1795 1702 scripsisse
1822 1650 2066 1689 Bernardum

1112 1718 1270 1756 Serram
1305 1715 1461 1755 Venetia
1483 1714 1630 1753 Giuntct
1662 1715 1772 1753 1546.
1801 1714 1820 1750 [ι
1845 1717 1885 1750 et
1908 1714 2071 1750 Bernar-

1114 1779 1213 1818 dum
1234 1778 1282 1817 de
1301 1779 1458 1817 chrtis
1480 1789 1564 1828 pag.
1589 1777 1829 1826 ¹108.quibus
1849 1786 1988 1813 recens
2011 1785 2072 1812 ac-

1116 1841 1237 1879 cessit
1265 1841 1485 1879 Venantius
1515 1840 1662 1877 Simius
1680 1837 1810 1876 Abbas
1833 1838 1868 1874 in
1888 1837 2070 1884 Catalogo

1118 1904 1302 1941 Virorum
1342 1902 1556 1940 illustrium
1597 1900 1919 1950 Congregationis
1959 1898 2072 1936 vallis

1117 1964 1338 2003 umbrosae.
1360 1966 1505 2003 Romae
1530 1964 1644 2002 4693.
1672 1962 1704 1999 4.

1167 2026 1188 2048 *
1211 2025 1513 2065 BENIVIENUS
1534 2025 1781 2071 Dominicus,
1800 2023 1917 2060 frater
1942 2023 2070 2060 {liero-

1115 2089 1226 2139 nymi
1243 2087 1461 2134 Benivieni,
1477 2087 1590 2124 cuius
1609 2089 1747 2123 extant
1762 2086 1916 2130 egregia
1933 2084 2071 2121 carmi-

1114 2161 1163 2188 na
1188 2149 1390 2196 hetrusca,
1415 2149 1662 2187 Canonicum
1684 2147 1723 2185 S.
1747 2146 1943 2183 Laurentii
1968 2145 2070 2193 egit,

1114 2211 1403 2263 philosophiam
1432 2209 1723 2248 Aristotelicum
1766 2212 1805 2246 et
1833 2207 2070 2245 Platonicam

1115 2275 1248 2323 coluit,
1270 2284 1342 2311 nec
1371 2273 1504 2310 minus
1527 2273 1566 2309 in
1593 2270 1799 2319 Theologia
1819 2269 1981 2306 claruit:
2011 2267 2071 2303 vir

1115 2336 1321 2386 insigniter
1337 2336 1443 2385 pius.
1459 2335 1584 2372 Huius
1599 2333 1674 2370 viri
1691 2334 1881 2369 memorat
1893 2330 2071 2368 Pocciau-

1115 2403 1196 2446 tus,
1220 2397 1456 2447 opusculum
1477 2393 1634 2433 schalae
1649 2391 1870 2445 spiritualis
1886 2392 2069 2429 hetrusco

1115 2469 1348 2510 expressum
1373 2468 1567 2496 sermone.
1589 2456 1754 2505 Scripsit
1769 2455 1886 2493 etiam
1902 2462 2068 2502 opuscu-

1115 2522 1198 2560 lum
1221 2519 1266 2557 cle
1283 2518 1377 2570 fide,
1402 2517 1505 2568 quod
1531 2528 1694 2555 aureum
1711 2515 1879 2566 appellat
1894 2515 2064 2551 Joaunes

1114 2583 1276 2621 Nessius
1299 2580 1550 2618 Florentinus
1567 2579 1603 2614 in
1620 2578 1775 2615 oraculo
1793 2575 1840 2613 de
1861 2585 1960 2611 novo
1981 2584 2065 2610 sae-

1115 2644 1219 2689 culo,
1245 2643 1282 2679 in
1320 2652 1398 2690 quo
1431 2640 1544 2690 plura
1584 2638 1631 2675 de
1667 2637 1805 2675 codem
1843 2635 2062 2673 BenivienO.

1115 2705 1260 2743 Floruit
1275 2703 1377 2740 circa
1393 2712 1454 2739 an.
1481 2700 1593 2739 4480.
1620 2700 1695 2747 (33
1720 2698 1822 2736 Obiit
1839 2706 1931 2733 vero
1949 2696 1970 2731 3
1991 2695 2063 2732 De-

1113 2765 1237 2805 ccmb.
1266 2761 1380 2802 1507.

1165 2833 1328 2873 BENNO
1343 2832 1391 2870 ab
1410 2830 1482 2869 An.
1510 2830 1610 2869 1085
1629 2829 1845 2867 Cardinalis
1863 2827 2060 2869 ,Concilio

1111 2899 1283 2936 Romano
1319 2892 1392 2932 An.
1432 2892 1532 2930 4098
1567 2891 1766 2935 interfuit,
1792 2887 2054 2927 llilzlebrundo

1113 2961 1197 2997 sive
1227 2954 1414 3005 Gre901·io
1446 2952 1524 2990 VII.
1556 2954 1678 3002 Papae
1707 2954 1799 2989 vivo
1822 2962 1865 2989 ac
1895 2950 2055 3000 spiranti

1116 3020 1307 3057 infestus:
1334 3020 1420 3065 post
1445 3015 1573 3064 ipsum
1600 3014 1672 3052 An.
1702 3015 1801 3052 4085
1829 3012 2059 3049 defunctum

1115 3081 1161 3119 (le
1181 3079 1263 3129 ejus
1284 3077 1364 3115 vica
1387 3079 1423 3113 et
1447 3073 1563 3113 rebus
1585 3074 1703 3125 (sestis
1728 3075 1881 3123 scripsit
1917 3070 2061 3109 librum

1118 3141 1266 3180 editum
1283 3139 1454 3189 primum
1473 3137 1520 3175 ab
1539 3135 1724 3175 Ortlucino
1747 3133 1881 3173 drucio
1898 3135 1934 3171 in
1953 3134 2061 3171 iasci-

1173 3283 1185 3294 ·
1206 3279 1282 3312 Vide.
1315 3282 1384 3313 lac.
1402 3278 1429 3309 le
1457 3280 1544 3317 Long
1575 3278 1656 3310 Bibl.
1680 3277 1912 3310 historicorum
1944 3273 2066 3306 Galliac

1121 3340 1192 3371 pag.
1214 3330 1288 3361 552.

1569 3397 1613 3432 215
