2500 3841
876 220 1288 262 DURANDUS

146 292 167 314 *
196 291 251 329 De
272 289 346 327 hoc
370 289 562 339 scriptore
586 290 770 341 ambigua
796 298 892 331 sunt
911 293 1045 343 plura:

92 352 260 392 confusa
286 355 382 390 sunt
406 351 533 390 multa
557 353 661 402 apud
681 353 904 394 historicos.
924 357 967 394 ln
989 367 1051 395 or-

89 415 181 454 dine
205 413 465 452 Dominicano
485 414 678 464 professio
705 417 838 467 ignota
860 421 922 456 est
941 422 1057 457 vetu-

91 475 281 530 stioribus
296 476 572 526 scriptoribus:
589 477 690 516 addo
705 484 746 517 et
762 480 835 530 ipsi
848 480 1053 527 Durand03

89 549 184 578 nam
209 539 248 576 in
272 537 436 589 speculo
460 538 751 580 subdiaconum
778 553 821 580 se
847 547 888 580 et
913 543 1054 593 Capel-

88 601 227 639 lanum
247 601 358 639 Dom.
375 601 516 651 Papae,
542 603 788 642 Canonieum
820 604 1053 644 Narbonen—

91 673 176 701 sem
193 693 206 712 ,
229 663 436 702 Decanum
463 664 752 705 Carnotensem
780 671 819 705 et
843 668 1054 705 Doctorem

88 724 243 776 prodit,
283 736 493 776 nunquam
533 738 630 765 vcro
674 729 920 768 Dominicani
969 729 1052 768 ord.

89 787 253 826 fratrem
275 798 318 826 se
346 794 567 839 nuncupat.
591 789 658 828 Ait
682 793 859 841 gessisse
885 803 927 830 sc
965 802 1053 842 gra-

89 850 280 888 vissimos
313 850 517 889 Ecclesiae
550 853 750 891 Romanae
790 854 1052 903 magistratus

87 912 384 951 praefecturam
417 914 454 951 in
486 915 722 964 patrimonio
759 916 965 954 Ecclesiae
1011 919 1052 953 et

87 974 335 1024 provinciam
350 975 631 1015 Romandiolae
650 978 831 1016 Rectoris
850 977 1049 1027 generalis

85 1037 247 1074 nomine
271 1035 590 1076 administrasse.
617 1039 748 1085 Quare
774 1041 859 1089 ipse
885 1049 1046 1088 quoque

89 1098 320 1137 Pancirolus
347 1110 484 1148 parum
512 1100 676 1139 inclinat
702 1103 739 1139 in
764 1112 853 1139 eam
887 1104 1052 1138 senten-

87 1161 184 1199 tiam
208 1170 312 1210 quae
333 1160 441 1199 hunc
475 1162 735 1201 Dominicano
756 1162 884 1201 ordini
909 1173 1050 1200 accen-

87 1221 351 1262 set.Vicissim
367 1224 742 1263 tamenPancirolus
758 1222 1050 1273 indesignando

85 1288 266 1334 tempore
290 1313 301 1332 ‚
326 1295 406 1334 quo
442 1285 575 1324 floruit
616 1286 831 1325 Durandus
863 1287 965 1334 iste,
989 1297 1052 1324 er-

18 1339 45 1370 Ἑ
86 1347 202 1386 ravit.
255 1345 424 1396 Scripsit
462 1348 568 1385 enim
607 1359 670 1386 an.
712 1348 828 1387 4258.
866 1347 1054 1386 Clemen-

88 1413 170 1448 tem
217 1409 262 1448 V.
306 1409 579 1449 Viennensem
631 1410 829 1460 synodum
884 1409 1052 1448 indixis-

85 1482 158 1520 se,
188 1471 253 1510 cui
282 1471 534 1510 Mimatensis
572 1473 648 1510 iste
682 1473 896 1523 episcopus
929 1473 1051 1510 inter-

86 1533 224 1583 fuerit3
247 1533 394 1571 obiisse
415 1544 511 1571 vero
533 1533 644 1572 addit
667 1535 846 1573 Nicosiae
868 1535 906 1571 in
918 1533 1050 1583 Cypro

83 1594 159 1634 An.
194 1594 310 1635 ⁴270.
348 1595 453 1641 Quot
490 1596 643 1645 verba,
668 1601 726 1634 tot
756 1596 914 1634 menda.
941 1597 1042 1635 Nam

84 1658 315 1697 Viennense
335 1658 558 1697 Concilium
583 1659 743 1697 nonnisi
764 1658 840 1698 An.
861 1660 874 1698 i
888 1659 931 1698 31
946 1660 959 1697 l
985 1662 1049 1696 est

87 1719 269 1759 habitum
288 1749 296 1769 ,
313 1732 392 1770 quo
420 1724 599 1771 tempore
624 1722 813 1761 Clemens
830 1723 875 1769 V,
896 1732 1050 1759 annum

91 1786 254 1821 sextum
278 1782 540 1822 Pontificatus
556 1783 710 1834 agebat.
732 1783 938 1830 Quomodo
960 1793 1053 1833 ergo

88 1845 194 1883 circa
207 1855 271 1883 an.
298 1844 414 1884 ⁴268.
434 1845 707 1884 Viennensem
729 1846 935 1896 synodum
956 1845 1057 1883 indi-

90 1918 181 1946 cere
196 1904 348 1957 potuit?
357 1907 526 1957 Insuper
542 1918 620 1957 quo
641 1912 821 1958 tempore
838 1907 1056 1946 Dur-andus

90 1969 301 2020 speculum
340 1979 460 2008 suum
505 1969 723 2018 scribebat,
754 1981 885 2008 annus
910 1969 1059 2008 Christi

92 2031 190 2072 427⁴
221 2032 415 2082 agebatur
438 2035 484 2070 ut
508 2033 593 2082 ipse
619 2032 768 2070 indicat
801 2034 838 2070 in
864 2032 973 2071 rubr.
1009 2032 1058 2070 de

88 2095 208 2133 Instr.
234 2092 316 2131 edit
340 2093 376 2144 ἓ.
403 2094 438 2132 i.
462 2093 506 2132 V.
537 2092 666 2131 hodie.
692 2093 809 2132 Anne
842 2098 933 2144 post
954 2104 1058 2131 mor—

89 2160 174 2194 tem
187 2152 412 2194 scribebat?
427 2155 669 2195 Censendus
686 2160 748 2194 est
767 2157 888 2206 igitur
905 2155 1054 2194 obiisse

86 2218 234 2256 Romae
257 2228 320 2256 an.
348 2217 465 2257 ⁴296.
497 2222 542 2257 ut
566 2217 816 2269 epitaphium
856 2230 879 2257 a
918 2219 1058 2257 multis

25 2285 28 2288 ⁴
90 2281 304 2319 recitatum
328 2279 447 2319 docet
470 2280 688 2331 legendum
714 2281 753 2318 in
787 2281 913 2320 Gallia
944 2281 1059 2321 Chri-

105 2344 262 2391 stiana,
287 2343 371 2382 loco
395 2342 459 2382 hic
483 2354 506 2381 a
528 2342 706 2382 Fabricio
730 2342 914 2382 indicato.

149 2405 353 2456 Scriptum
384 2405 434 2444 ab
464 2405 538 2444 hoc
559 2405 761 2445 Durando.
785 2404 1062 2456 Repertorz'um

92 2468 289 2507 contineri
309 2469 515 2518 integrum
530 2468 569 2506 in
584 2468 817 2519 Repertorio
832 2466 1061 2505 Bertachini

87 2530 138 2570 de
161 2532 292 2570 Firmo
311 2531 521 2570 annotavit
554 2541 629 2570 sua
661 2541 785 2575 manu
833 2529 996 2567 Felinus
1023 2528 1062 2565 in

92 2592 190 2632 Cod.
205 2592 471 2632 Bibliothecae
497 2604 606 2641 suae,
624 2594 663 2630 in
683 2603 761 2641 quo
784 2590 889 2629 idem
920 2601 1062 2640 specu-

93 2655 593 2706 latorisopusimpressum
611 2665 796 2692 seorsum
816 2653 1059 2690 continetur.

149 2715 370 2756 Guilelmus
386 2716 672 2764 DURANDUS,
692 2715 911 2765 superioris
929 2714 1061 2752 fratris

93 2779 215 2827 filius,
240 2783 282 2817 et
299 2781 336 2817 in
353 2778 582 2817 Mimatensi
598 2778 845 2828 Episcopatu
861 2774 936 2814 An.
960 2775 1060 2814 4296

97 2850 331 2887 successor,
356 2841 390 2889 a)
424 2840 572 2878 librum
609 2837 657 2876 de
684 2836 795 2875 modo
831 2835 1064 2875 celebrandi

94 2899 296 2954 yeizeralz's
311 2899 560 2941 ConciliiAn.
574 2901 587 2939 l
601 2901 668 2938 344
695 2900 732 2936 in
751 2899 925 2938 Concilio
942 2899 1060 2937 Vien-

98 2965 214 3003 nensi
239 2964 489 3014 composuit,
510 2961 663 3000 editum
688 2972 708 2999 a
734 2960 910 3010 Philippo
934 2960 1058 2999 Probo

97 3027 258 3066 Parisiis
284 3026 387 3066 ⁴545
411 3030 452 3064 et
472 3035 661 3064 recusum
683 3022 773 3061 ibid.
802 3021 930 3072 4647,
959 3023 994 3060 8.
1015 3027 1055 3060 et

101 3089 206 3128 4635
221 3119 233 3137 ,
261 3089 296 3127 4.
321 3092 471 3128 etcum
501 3086 647 3127 Nicolai
663 3085 896 3134 Clemangis
912 3083 961 3123 de
979 3096 1065 3123 cor-

159 3256 193 3297 a)
212 3256 293 3289 Vide
309 3257 581 3289 sammarthanos
600 3259 681 3292 tom,
701 3255 732 3286 5.
757 3253 880 3285 Galliae
909 3253 1073 3284 Christia-

95 3313 160 3338 nae
177 3314 255 3347 pag.
271 3307 346 3338 752.
365 3315 435 3346 seq.
460 3306 633 3338 oudinum
657 3308 738 3336 tom.
755 3304 788 3342 ⁶2,
813 3311 887 3343 pag.
905 3303 982 3334 705.
999 3311 1068 3342 seq.

97 3359 130 3387 ct
143 3355 315 3396 supplem.
329 3364 404 3396 pag.
420 3356 492 3388 5⁴30.
511 3363 579 3394 seq.

2008 226 2090 265 1283

1128 299 1244 345 rupto
1267 295 1469 334 Ecclesiae
1499 299 1634 346 statu,
1661 297 1765 336 Petri
1790 297 1838 337 de
1864 297 2012 336 Alliaco
2038 297 2087 335 de

1130 356 1408 396 emendatione
1432 358 1659 408 Ecclesiae,
1685 364 1726 399 et
1750 359 2022 400 Cardinalium
2039 359 2089 398 ad

1132 420 1300 459 Paulum
1322 421 1386 459 ΙΙΙ.
1412 422 1587 460 Consilio
1607 423 1639 471 a)
1664 422 1713 461 de
1737 422 1989 462 emendanda
2012 423 2090 461 Ec-

1131 483 1251 521 clesia
1277 512 1284 531 ,
1311 484 1471 522 Parisiis
1493 483 1588 523 467⁴
1606 515 1617 532 ‚
1643 485 1679 523 8.
1702 485 1764 523 Ex
1789 485 1914 523 altero
1939 485 2088 534 scripto

1131 545 1261 584 adbuc
1287 545 1433 583 inedito
1453 544 1501 584 (le
1524 545 1646 585 rebus
1686 546 1726 584 in
1765 545 1939 587 Concilio
1978 546 2090 585 Vien-

1130 606 1244 645 nensi
1263 605 1518 658 definiendis,
1545 613 1734 659 excerpta
1763 608 1867 659 apud
1894 610 2088 647 Bzovium

1131 669 1179 708 ad
1206 670 1371 708 Annum
1398 670 1514 708 1311.
1547 669 1647 708 Vide
1681 675 1722 709 et
1746 670 2008 721 Spondanum
2038 670 2085 709 ad

1129 733 1240 771 illum
1275 742 1428 771 annum
1456 743 1565 769 num.
1598 733 1634 770 3.

1181 794 1202 818 ³⁵²
1223 795 1424 844 Scriptum
1443 792 1489 831 cle
1504 791 1626 831 rebus
1647 793 1686 831 in
1696 793 1869 833 Concilio
1886 794 2094 834 Viennensi

1125 855 1358 907 definiendis
1379 857 1446 893 vix
1467 856 1698 906 persuaderi
1719 867 1883 906 possum
1902 862 1946 894 ut
1962 857 2010 895 ab
2025 868 2094 895 au-

1126 918 1240 956 thore
1262 918 1382 956 libelli
1411 916 1458 955 cle
1487 916 1599 955 modo
1635 915 1864 956 celebrandi
1892 917 2094 968 yeneralis

1127 978 1295 1021 Concz'llz'
1309 979 1528 1030 profectum
1547 979 1830 1019 coedanmNam
1846 980 1939 1018 licet
1954 980 2094 1018 eadem

1122 1044 1330 1092 utrimque
1351 1045 1579 1081 tractantur
1599 1043 1637 1079 in
1664 1042 1773 1080 nullo
1794 1045 1930 1081 tamen
1950 1053 2098 1080 conve-

1125 1106 1242 1144 niunt
1268 1105 1384 1143 ambo
1404 1103 1501 1142 haec
1529 1105 1690 1154 scripta.
1716 1104 1757 1142 Id
1788 1115 1880 1155 ergo
1907 1104 2010 1142 facta
2053 1104 2098 1142 li-

1124 1167 1227 1206 bello
1248 1167 1297 1206 de
1321 1167 1498 1205 Concilio
1522 1166 1760 1205 celebrando
1782 1178 1874 1205 cum
1894 1167 2097 1216 excerptis

1125 1230 1292 1268 alterius
1317 1230 1447 1280 operis
1463 1240 1482 1267 a
1504 1230 1651 1267 Bzovio
1677 1229 1781 1267 datis
1802 1229 2012 1267 collatione
2037 1239 2097 1266 re-

1125 1293 1221 1342 peri.
1243 1293 1288 1330 In
1310 1290 1523 1330 afferendis
1540 1292 1736 1342 exemplis
1758 1292 1958 1330 relaxatae
1980 1290 2098 1329 disci-

1125 1354 1257 1405 plinae
1280 1365 1401 1404 super
1421 1366 1462 1392 re
1483 1355 1667 1404 quapiam
1687 1354 1760 1392 alia
1782 1354 1978 1404 scriptum
1997 1352 2094 1391 illud

1125 1418 1264 1467 tangit.
1290 1416 1376 1455 Alia
1396 1426 1491 1454 vero
1511 1417 1672 1454 omnino
1703 1415 1864 1454 diversa
1899 1417 1936 1453 in
1962 1420 2096 1466 poste-

1125 1480 1215 1517 riori
1237 1479 1553 1517 afferunturffsix
1569 1477 1686 1516 credo
1702 1477 2004 1528 uni,'eidemque
2024 1489 2094 1518 au-

1125 1542 1242 1591 thori,
1260 1543 1292 1579 si
1315 1543 1527 1591 utriusque
1551 1552 1656 1579 unus
1677 1541 1832 1587 suisset,
1853 1552 1931 1578 non
1949 1540 2091 1579 eadem

1125 1605 1163 1641 in
1196 1607 1373 1642 mentem
1405 1604 1579 1641 venisse.
1608 1602 1691 1641 Cur
1721 1604 1885 1652 insuper
1916 1601 2101 1641 secunda

1126 1667 1343 1717 scriptione
1365 1665 1576 1704 tractanda
1605 1665 1854 1715 suscepisset
1883 1663 2099 1703 Durandus

1127 1740 1228 1778 quae
1246 1727 1328 1778 jam
1354 1732 1592 1766 excusserat
1612 1729 1648 1765 in
1667 1725 1815 1778 priori?
1832 1726 2018 1777 Nunquid
2036 1738 2105 1777 pa-

1129 1790 1300 1828 rendum
1323 1789 1495 1828 duxerat
1515 1790 1727 1837 Clementi,
1751 1791 1819 1839 qui
1843 1788 2104 1828 mandaverat

1129 1864 1152 1891 a
1167 1852 1335 1902 singulis
1352 1863 1398 1890 ea
1414 1853 1577 1902 proponi
1593 1863 1695 1901 quae
1710 1863 1731 1889 c
1748 1852 2028 1890 reformatione
2047 1851 2104 1889 di-

1132 1915 1321 1965 sciplinae
1339 1925 1429 1952 esse
1446 1912 1732 1952 censuissent?
1753 1913 1832 1952 Sed
1849 1913 1989 1951 eodem
2010 1924 2103 1951 con-

1133 1977 1218 2015 silio
1239 1976 1402 2028 parendi
1420 1976 1596 2015 Pontifici
1621 1987 1842 2027 persuasus
1859 1975 1906 2014 ad
1926 1975 2096 2014 scriben-

1131 2039 1229 2078 dum
1258 2040 1368 2089 prius
1397 2039 1634 2089 opusculum
1667 2049 1709 2076 se
1745 2038 1983 2077 contulerat.
2021 2039 2102 2077 Nec

1130 2103 1304 2140 Bzovius
1316 2100 1494 2139 Durandi
1513 2112 1657 2139 nomeu
1674 2101 1709 2137 in
1723 2102 1870 2150 scripto
1888 2101 1964 2148 illo,
1983 2102 2099 2140 cuius

1132 2163 1313 2202 exhibuit
1336 2168 1538 2213 excerpta,
1571 2175 1614 2201 se
1654 2163 1798 2213 legisse
1828 2174 2010 2213 unquam
2040 2163 2099 2201 di-

1132 2227 1211 2273 xit,
1235 2226 1354 2263 immo
1377 2230 1417 2264 et
1437 2226 1638 2276 ambigere
1660 2225 2017 2272 se,n11m.Durandi
2039 2226 2103 2272 sit,

1134 2288 1340 2339 professus
1356 2293 1419 2326 est
1434 2288 1614 2326 scribens
1634 2299 1678 2326 ea
1700 2287 1749 2325 de
1771 2299 1813 2325 re
1834 2287 1883 2326 ad
1901 2299 1964 2326 an.
1987 2288 2054 2327 ,13¹
2069 2294 2103 2325 t.

1136 2348 1271 2388 Placet
1299 2349 1532 2388 sententiam
1564 2349 1740 2388 eiusdem
1771 2349 1994 2399 (Durandi)
2021 2348 2106 2388 sive

1137 2411 1308 2450 alterius
1337 2411 1551 2450 cuiusdam
1577 2411 1762 2450 Praeluti
1784 2411 1823 2449 i'n
1847 2411 1979 2450 eodem
2006 2411 2107 2450 Con-

1138 2473 1226 2512 cilio
1258 2485 1382 2524 super
1411 2473 1596 2512 articulis
1625 2481 1699 2512 etc.
1730 2472 1903 2521 amlire;
1933 2478 2017 2511 tum
2049 2473 2105 2511 af-

1138 2537 1213 2574 fert
1243 2535 1444 2574 secundae
1478 2536 1706 2586 scriptionis
1744 2539 1946 2584 excerpta.
1979 2534 2106 2584 Spon-

1138 2598 1268 2636 danus
1293 2597 1456 2647 quidem
1481 2596 1530 2635 ad
1554 2608 1618 2636 an.
1648 2598 1740 2636 1311
1787 2596 1923 2634 scribit
1962 2607 2107 2634 secun-

1139 2659 1235 2698 dum
1254 2659 1364 2698 illum
1383 2659 1591 2709 scriptum,
1612 2660 1728 2696 cuius
1749 2662 1935 2708 excerpta
1955 2659 1990 2695 in
2008 2659 2105 2696 Bzo-

1137 2723 1201 2759 vio
1223 2721 1330 2771 legit,
1356 2724 1494 2758 extare
1525 2720 1725 2769 integrum
1751 2721 1788 2757 in
1816 2721 1988 2758 Fuxcnsi
2017 2720 2103 2758 cod.

1136 2783 1213 2822 MS.
1234 2781 1356 2820 Addit
1381 2783 1417 2819 in
1445 2781 1606 2820 exordio
1631 2785 1829 2820 tractatus
1854 2781 1974 2820 huius
1994 2782 2104 2821 Guil-

1133 2845 1295 2883 lelmum
1317 2855 1462 2883 nomen
1490 2855 1610 2883 suum
1631 2845 1953 2895 expressisse3at
1973 2846 2105 2895 suspi-

1137 2907 1252 2946 candi
1269 2907 1380 2945 locus
1389 2911 1450 2945 est
1463 2905 1675 2957 Spondano
1695 2906 1830 2945 fucum
1845 2907 1991 2945 factum
2012 2918 2102 2945 esse

1137 2982 1185 3009 ex
1210 2969 1338 3008 libello
1359 2968 1405 3007 cle
1429 2968 1540 3007 modo
1565 2966 1797 3007 celebrandi
1819 2967 2037 3008 Concilium
2064 2971 2102 3006 in

1138 3044 1216 3082 quo
1243 3032 1373 3082 reipsa
1394 3030 1608 3070 Durandus
1632 3041 1775 3069 nomen
1799 3041 1917 3069 suum
1941 3041 2104 3081 expres-

1139 3097 1208 3142 sit·,
1232 3105 1323 3132 cum
1345 3095 1465 3144 igitur
1489 3104 1538 3131 ex
1564 3095 1709 3132 Bzovio
1733 3094 1888 3131 noverit
1906 3094 2104 3143 (quamvis

1142 3167 1217 3205 sub
1245 3164 1390 3213 dubio)
1418 3166 1455 3202 in
1488 3166 1636 3214 scripto
1665 3163 1711 3202 (Ie
1743 3162 1863 3202 rebus
1895 3164 1933 3202 in
1965 3165 2104 3205 Conci-

1197 3301 1230 3337 a)
1248 3302 1292 3329 Dc
1309 3302 1445 3330 auctore
1462 3297 1560 3338 hujus
1581 3296 1719 3330 Consilii
1753 3295 1838 3328 infra
1858 3299 2016 3330 THOMAS
2035 3299 2109 3330 Ba-

1141 3350 1224 3382 dius
1240 3348 1418 3381 AEmilius.
