2500 4009
428 235 505 272 582).

425 304 603 342 Bovario
617 307 653 340 et
671 301 836 339 Ausum
855 300 1094 344 constitutos,
1121 288 1256 349 inqua
1279 311 1370 337 sen-

426 367 587 402 tentiam
609 373 721 399 snam
741 365 913 403 revocat,
931 365 968 396 et
986 371 1028 398 se
1046 362 1082 397 in
1101 359 1367 409 libello,quom

422 426 467 463 :le
505 434 623 461 rur-ne
658 424 846 459 etannna
886 418 1027 466 Verbi,
1059 420 1113 458 ad
1145 420 1368 459 Ger-leonum

422 484 646 534 scripserit,
673 482 829 531 plenius
853 480 902 518 de
923 486 1157 530 argumento
1194 481 1258 519 illo
1291 486 1370 520 tra-

420 549 548 582 ctasse
571 547 753 580 testatur.
781 542 953 580 Libellus
968 542 1129 592 quidem
1149 542 1366 581 intercidit:

417 606 483 642 sed
500 603 698 654 Epistol-ae
718 603 804 640 illae
824 603 989 642 folmari
1007 603 1108 642 duae
1129 603 1256 641 editae
1273 607 1368 642 sunt

417 680 437 704 a
459 668 644 703 tii-etsero
666 669 753 715 post
778 666 924 714 scripta
949 664 1228 704 Waldensibus
1251 676 1369 715 oppo-

419 730 492 765 sita
519 732 613 764 tom.
646 728 654 764 1
680 757 689 772 ,
707 736 793 776 pag.
820 727 909 764 329.
928 726 1016 764 338.
1036 726 1245 775 ingolstad.
1265 727 1365 765 1613

418 791 451 827 1.
477 800 555 826 una
579 799 668 826 cum
691 788 778 826 aliis
802 790 978 838 quinque
1002 789 1190 838 Epistolis
1209 787 1256 826 ad
1283 788 1368 826 Fol-

418 861 572 887 marum
591 880 602 897 ‚
640 849 974 899 (ierlioliunique:
996 855 1035 888 et
1060 851 1096 887 in
1125 850 1365 888 Bibliotheca

415 913 575 949 l‘atrum
616 911 839 949 Coloniensi
881 916 974 949 tom.
1002 912 1075 957 13,
1098 923 1183 961 pag.
1215 911 1304 950 344.
1325 915 1365 949 ct

419 971 674 1021 Lugdunensi
697 976 792 1009 tom.
813 972 888 1018 25,
913 984 998 1022 pag.
1030 973 1118 1010 34¹2.
1145 974 1232 1011 315.
1265 974 1366 1011 (lon-

421 1039 479 1072 tra
505 1034 609 1072 hunc
647 1034 897 1075 Folmarum,
923 1044 1044 1082 quem
1078 1032 1225 1071 Follem
1255 1045 1366 1071 ama-

412 1105 502 1130 rum
529 1098 671 1132 vocant
695 1105 739 1132 ac
765 1099 920 1143 praeter
950 1094 1046 1132 alios
1070 1105 1224 1133 errores
1247 1096 1365 1133 ctiam

413 1168 506 1194 cum
534 1156 658 1193 Felice
682 1161 722 1193 et
746 1154 938 1204 Elipando
963 1156 1138 1194 sensisse
1167 1160 1365 1206 arguunt,

413 1220 606 1267 scripsere
622 1217 903 1264 GERHOUUS,
918 1218 1168 1266 l‘racpositus
1184 1217 1368 1256 Reicher-

413 1279 640 1328 spergensis
658 1307 665 1324 7
683 1279 750 1327 qui
772 1278 845 1316 An.
870 1278 987 1317 1169.
1010 1282 1050 1315 et
1076 1278 1196 1316 frater
1216 1278 1303 1329 ejus
1321 1289 1365 1316 30

414 1350 627 1378 successor
650 1339 810 1387 ARNO,
837 1341 901 1389 qui
928 1340 1001 1378 An.
1038 1339 1152 1378 1175.
1178 1340 1295 1388 obiit,
1317 1339 1365 1378 de

412 1402 557 1451 quibus
593 1413 664 1440 suo
703 1401 798 1439 loco.
839 1401 1027 1451 Prologus
1068 1405 1202 1439 autem
1227 1406 1267 1439 et
1292 1402 1366 1440 fra-

412 1468 618 1508 gmentum
641 1464 771 1513 operis
794 1463 972 1501 Folmaro
1007 1463 1175 1512 oppositi
1212 1463 1362 1501 editum

413 1538 434 1562 a
459 1526 657 1563 Stevartio
684 1526 720 1562 iu
741 1525 892 1574 sylloge
916 1529 1099 1562 veterum
1125 1526 1363 1575 scriptorum

414 1599 500 1637 pag.
544 1587 634 1625 243.
672 1588 720 1635 (in
748 1598 852 1625 nova
890 1585 1061 1624 editione
1098 1585 1364 1635 Antiquarum

416 1650 644 1687 Lectionum
662 1649 809 1687 Canisii
829 1649 1074 1697 Basnagiana
1090 1653 1184 1685 tom.
1201 1649 1235 1686 3.
1253 1652 1363 1697 parto

411 1710 447 1747 2.
471 1722 555 1760 pag.
582 1710 683 1752 200.)
709 1714 747 1747 et
774 1711 810 1746 in
835 1709 1076 1748 Bibliotheca
1099 1710 1257 1747 Patrum
1284 1710 1360 1747 Lu-

409 1771 604 1821 gdunensi
631 1776 723 1808 tom.
746 1772 819 1817 23,
846 1782 931 1821 pag.
969 1770 1057 1807 240.
1094 1781 1170 1807 non
1206 1769 1359 1807 BEATI

410 1845 482 1871 nec
508 1834 742 1872 llli'l'ilERll
768 1836 855 1878 est,
877 1833 943 1881 qui
969 1831 1165 1869 adversus
1190 1831 1358 1869 Felicem

409 1901 447 1932 ot
473 1894 709 1945 lilipandum
747 1894 883 1931 multis
907 1897 999 1931 ante
1025 1893 1249 1931 Folmarum
1275 1903 1360 1931 sae-

410 1957 510 1994 culis
534 1957 795 2006 scripserunt,
822 1954 890 1992 scd
917 1953 1089 2001 ADAlill,
1113 1955 1252 1993 Lecani
1275 1955 1363 1992 Rei-

405 2018 750 2067 eberspergensis,
775 2018 841 2066 qui
868 2021 1030 2055 vastum
1071 2028 1189 2055 suum
1219 2016 1361 2055 adver·

412 2090 482 2117 sus
508 2080 730 2117 Folmamm
759 2079 944 2116 volumen
969 2078 1118 2116 dicavit
1143 2080 1180 2116 P.
1207 2080 1361 2116 Decano

411 2140 705 2189 llerbipolcnsi,
747 2140 1007 2188 meminitque
1046 2138 1245 2189 Epz'stolae
1276 2138 1360 2176 Fol-

414 2189 508 2238 nsari
524 2199 578 2236 orl
600 2200 860 2238 Tavonensem
877 2200 1241 2249 Areliiepiscopum,
1264 2200 1361 2249 (lege

412 2262 698 2306 Juvcwensem⁷
723 2265 758 2298 et
787 2261 1128 2309 Salisburgensem
1164 2260 1361 2309 intellige,

415 2323 483 2360 sed
508 2323 622 2360 aliam
645 2334 761 2371 quam
781 2333 882 2371 quae
907 2326 1040 2359 exstat
1072 2321 1118 2359 ad
1152 2321 1261 2360 illurn
1280 2322 1364 2359 Fol—

415 2386 510 2422 mari
537 2383 763 2434 Epistolain')
793 2384 828 2420 in
851 2394 927 2432 qua
954 2383 1116 2432 injurias
1152 2383 1359 2431 Gorhoho,

416 2447 638 2496 Praeposito
671 2444 1073 2494 lieicberspergensi,
1118 2446 1360 2493 irrogaverit.

417 2509 590 2556 lienique
608 2507 832 2544 §stevartius
849 2507 999 2544 notavit
1017 2507 1052 2543 in
1073 2508 1197 2544 Boicis
1223 2506 1363 2544 Biblio-

415 2568 540 2605 tlwcis
577 2573 732 2617 praetor
759 2567 850 2605 illud
894 2567 1034 2605 Adami
1067 2578 1166 2617 opus
1205 2558 1362 2605 exstare

415 2631 530 2667 etiam
570 2630 789 2667 (11·111110111
826 2629 967 2667 librum
993 2628 1038 2666 (le
1069 2628 1362 2679 investiyatione

415 2690 717 2737 .1ut1'clo·1'sci‚in
744 2702 823 2740 quo
851 2691 1072 2729 Folrnarurn
1099 2690 1361 2729 refellendum

416 2755 484 2790 sibi
511 2755 673 2790 sumsit.
700 2751 862 2802 perinde
889 2756 932 2790 ut
958 2753 992 2789 in
1025 2750 1124 2790 libro
1149 2751 1194 2790 (le
1226 2751 1363 2790 Gloria

415 2818 450 2850 et
473 2815 626 2852 Honore
652 2811 747 2850 Filii
774 2813 952 2852 Hominis
970 2845 979 2861 ‚
1006 2814 1052 2852 ad
1093 2816 1362 2852 llermannum

416 2877 649 2925 l·'.pis‹·opum
679 2876 949 2913 Brixinonsem
971 2907 977 2923 ,
1001 2877 1065 2925 qui
1090 2876 1278 2925 vulgatus
1301 2879 1363 2913 est

417 2951 435 2973 a
490 2937 685 2974 lic-rnarclo
735 2940 807 2976 i'ez
848 2943 941 2975 torn.
989 2940 1021 2976 1.
1070 2937 1361 2975 Anrcdotorum

416 3003 523 3047 parte
548 3000 570 3035 2
591 3029 597 3047 ,
625 3010 710 3049 pag.
738 3001 823 3038 163.
844 3001 1047 3050 Augustae
1071 2998 1360 3037 vindelicorum

420 3061 527 3097 1721.
553 3061 614 3097 iol.

466 3120 635 3159 ltu-obus
671 3123 1006 3170 l⁴'()l.QVl-Lill12⁷8·7
1032 3124 1175 3160 Doctor
1203 3122 1360 3159 Tolosa-

417 3194 490 3217 nus
515 3188 630 3231 atquo
659 3183 798 3221 lwrtor
818 3184 952 3222 Theoi.
975 3184 1133 3221 Ordinis
1168 3184 1360 3221 lireniita-

418 3255 501 3279 ιιιιιι
519 3244 555 3280 S.
575 3246 795 3289 Augustini.
815 3247 972 3295 scripsit
992 3244 1235 3283 viridarium
1260 3246 1357 3283 Gre-

416 3303 622 3351 (va‘annm
644 3333 648 3338 .
676 3307 758 3339 sivo
783 3307 987 3348 allegorias
1012 3310 1047 3342 in
1077 3307 1192 3343 libros
1217 3308 1358 3344 Sacrae

1166 231 1649 277 FOLQUERIUS

1443 302 1670 350 Scripturae
1705 303 1744 340 S.
1784 303 1958 354 Gregorii
1993 308 2120 356 Magni
2159 306 2314 355 verbiS,
2337 307 2386 345 ad

1443 362 1688 400 Clementem
1719 363 1781 400 Vi.
1807 362 1881 401 An.
1906 365 2019 404 ⁴345.
2044 366 2155 417 Opus
2178 367 2330 406 MStum
2348 368 2386 405 in

1442 423 1679 461 Bibliotheca
1710 423 1978 464 Eremitarum
2008 426 2388 479 Augustinianorum

1443 482 1602 533 majoris
1618 485 1851 523 Conventus
1864 486 1986 524 Paris,
2004 491 2107 526 teste
2120 489 2274 528 Oudino
2292 493 2388 528 tom.

1443 546 1465 583 3
1481 575 1491 593 ,
1517 556 1602 596 pag.
1625 546 1715 583 946.
1741 547 1949 597 Prologum
1972 547 2096 586 edidit
2110 551 2178 589 Jac
2195 552 2389 600 Hommey

1442 618 1527 657 pag.
1554 608 1645 646 555.
1671 608 1873 658 spicilegii.

1492 669 1795 716 FOLQViNUS,
1825 679 1969 719 supra,
1998 669 2287 712 FOLCUINUS.

1492 729 1932 769 FONTANELLENSIS
1951 730 2142 770 Abbatiae
2158 732 2196 771 S.
2211 733 2388 773 Vandre-

1438 791 1549 841 gesili
1574 792 1612 828 in
1637 792 1891 838 Normannia,
1916 791 2110 830 dioecesis
2131 793 2390 845 Rotomagen-

1440 853 1518 899 sis,
1551 850 1792 898 Chronz'con,
1838 853 1923 890 sive
1964 855 2077 902 yesta
2115 853 2186 892 SS.
2219 854 2383 893 Patrum

1441 912 1748 951 Fontanellensis
1778 911 1980 962 coenobii,
2003 915 2037 961 a)
2061 913 2110 952 ab
2132 914 2248 953 Anno
2272 914 2389 953 CHri-

1440 976 1490 1012 sti
1520 975 1609 1013 645.
1635 985 1761 1024 usque
1785 974 1833 1013 ad
1869 974 2031 1014 Annum
2056 975 2145 1014 834.
2171 986 2264 1014 cum
2287 986 2393 1014 com-

1440 1037 1722 1074 memoratione
1750 1036 2011 1085 Genealogiae
2047 1035 2205 1087 Arnulfi
2235 1047 2394 1087 progre-

1441 1097 1576 1135 diente
1607 1096 1654 1134 ad
1680 1096 1841 1135 Annum
1865 1097 1954 1136 885.
1980 1101 2021 1135 et
2042 1108 2134 1136 cum
2157 1097 2301 1147 duplici
2326 1107 2394 1147 ap-

1440 1158 1604 1209 pendice
1634 1157 1847 1205 chronici,
1877 1168 2046 1207 quarum
2078 1159 2272 1208 posterior
2290 1157 2394 1197 desi-

1441 1222 1495 1258 nit
1516 1221 1554 1258 in
1579 1219 1653 1258 An.
1677 1220 1791 1258 1053.
1818 1220 1853 1256 in
1872 1219 2049 1257 Dacherii
2071 1219 2272 1270 spicilegio
2295 1222 2390 1258 tom.

1440 1283 1462 1319 3
1493 1293 1578 1331 pag.
1609 1281 1698 1320 185.
1722 1279 1933 1329 (editionis
1956 1291 2083 1320 novae
2112 1284 2207 1319 tom.
2245 1280 2269 1320 2
2306 1290 2392 1331 pag.

1439 1343 1648 1389 atis-390.)
1682 1341 1963 1391 Fraymentum
1999 1341 2048 1380 ab
2076 1340 2191 1380 Anno
2221 1341 2310 1381 841.
2341 1341 2390 1380 ad

1438 1404 1526 1441 856.
1563 1403 1678 1452 plane
1716 1402 1865 1440 diversi
1888 1413 1910 1441 a
1933 1402 2176 1443 Dacheriano
2209 1402 2394 1442 Chronici

1437 1465 1748 1503 Fontanellonsis
1771 1463 1876 1514 apud
1899 1463 2101 1503 Andream
2137 1463 2192 1503 du
2230 1463 2390 1504 Chesne

1433 1531 1525 1563 tom.
1555 1527 1578 1564 2
1602 1526 1838 1575 scriptorum
1866 1536 2000 1564 rerum
2034 1527 2276 1565 Francorum
2300 1535 2389 1576 pag.

1439 1586 1626 1625 387-390.
1658 1586 1723 1625 ubi
1746 1590 1786 1623 ot
1805 1585 1911 1624 aliud
1937 1584 2208 1637 sraqmentum
2235 1586 2285 1625 ab
2313 1585 2394 1625 An-

1439 1660 1488 1687 no
1518 1649 1607 1686 841.
1637 1647 1684 1686 ad
1710 1648 1803 1685 818.

1489 1708 1769 1748 GODFmbUS
1812 1718 1861 1747 DE
1906 1707 2178 1756 FONTAMS,
2222 1709 2309 1747 sive
2337 1717 2387 1747 DE

1435 1770 1703 1819 FON'l'IBUS⁷
1730 1769 1854 1809 bonus
1878 1769 2098 1821 Episcopus
2121 1770 2254 1809 dictus
2271 1798 2280 1816 ‚
2304 1780 2393 1820 ges-

1435 1834 1487 1870 sit
1517 1837 1650 1870 autem
1682 1832 2017 1871 cameracensem
2041 1832 2324 1882 Episcopatum
2345 1830 2395 1869 ab

1434 1894 1549 1932 Anno
1580 1894 1683 1933 4220
1709 1893 1756 1932 ad
1789 1893 1905 1932 1238.
1928 1893 2105 1943 Scriptor
2133 1893 2320 1931 librorum
2349 1890 2397 1930 de

1436 1955 1590 1994 Divinis
1635 1954 1797 2008 Officiis.
1832 1954 1929 1993 Vide
1965 1954 2100 1993 Bulaei
2138 1952 2394 1993 Academiam

1436 2018 1558 2056 Paris.
1590 2021 1684 2055 tom.
1717 2018 1766 2065 3,
1790 2028 1827 2066 p.
1859 2016 1935 2054 680
1961 2020 2001 2054 et
2031 2021 2125 2054 tom.
2157 2016 2207 2063 4,
2236 2027 2273 2066 p.
2306 2014 2397 2054 465.

1489 2078 1776 2116 GALFRIDUS
1818 2077 1867 2115 de
1896 2076 2166 2124 FONTIBUS,
2196 2076 2396 2116 (13000113-

1437 2141 1518 2178 rius
1548 2140 1781 2178 parisiensis
1809 2139 1911 2177 circa
1943 2137 2104 2177 Annum
2144 2138 2247 2177 1283
2280 2138 2395 2188 cujus

1436 2199 1668 2248 Quodlzbeta
1698 2201 1798 2238 satis
1828 2200 1975 2250 prolixa
2013 2198 2314 2250 quatuordecim
2344 2198 2395 2237 de

1436 2263 1556 2300 variis
1586 2263 1834 2311 argumentis
1864 2265 2026 2299 exstant
2054 2261 2160 2300 MSS.
2187 2262 2225 2298 in
2254 2261 2395 2300 Biblio-

1435 2324 1549 2361 theca
1578 2325 1696 2373 Regia
1741 2327 1782 2360 ot
1820 2323 1907 2361 aliis
1943 2322 2091 2360 Galliae
2127 2322 2392 2361 Bibliothecis.

1435 2386 1530 2424 Vide
1559 2385 1760 2423 Oudinum
1793 2389 1886 2422 tom.
1919 2385 1941 2422 3
1972 2395 2009 2433 p.
2039 2384 2130 2422 584.

1486 2445 1684 2497 Anonymi
1727 2443 1978 2484 Benedictini
2020 2443 2181 2483 Burani
2224 2445 2391 2484 Historia

1435 2508 1611 2546 Fle'Tls
1633 2507 1845 2546 SALUTIS
1875 2505 2084 2556 (Legenda
2113 2505 2161 2543 de
2186 2506 2391 2555 llailprun-

1435 2570 1509 2617 ne)
1539 2569 1583 2606 A.
1617 2568 1731 2606 1159.
1759 2569 1795 2604 in
1818 2566 2036 2605 Bernhardi
2074 2567 2149 2604 Pcz
2173 2565 2389 2605 Anecdotis

1436 2635 1530 2668 tom.
1560 2632 1582 2669 3
1609 2634 1719 2680 parte
1745 2630 1781 2667 3.
1801 2639 1889 2679 pag.
1915 2626 2104 2666 647-656.

1488 2689 1813 2729 Bartholomaeus
1845 2690 1870 2727 F
1875 2688 2079 2736 ONTlUS,
2108 2688 2361 2727 Florentinus
2378 2717 2386 2737 ‚

1437 2752 1590 2791 auditor
1615 2763 1691 2790 non
1720 2752 1950 2800 infrequens
1970 2749 2196 2798 Hieronymi
2213 2749 2388 2788 Savona-

1438 2815 1539 2852 rolae
1558 2844 1565 2859 ‚
1591 2814 1632 2862 b)
1650 2813 1847 2852 Francisci
1873 2822 1968 2850 vero
1988 2810 2140 2849 Philelii
2161 2821 2387 2857 successor,

1438 2877 1473 2912 in
1500 2874 1696 2914 Cathedra
1732 2875 1857 2925 patria
1886 2873 2105 2912 Oratoriam
2142 2876 2183 2910 et
2215 2871 2386 2911 Graecas

1437 2938 1587 2975 litteras
1626 2938 1659 2986 e)
1690 2936 1825 2976 (locuit
1853 2936 1901 2974 ab
1930 2934 2045 2974 Anno
2075 2933 2190 2973 4480.
2221 2933 2385 2984 Ugolino

1437 2998 1577 3036 Verino
1608 2998 1769 3048 quidem
1792 2997 1939 3048 Judice.

1488 3172 1522 3210 a)
1548 3170 1786 3209 interpolatum
1810 3177 1880 3200 esse
1904 3171 1997 3199 notat
2020 3167 2157 3199 Carolus
2180 3166 2210 3197 ie
2231 3166 2346 3197 cointe
2364 3170 2388 3198 t.

1426 3223 1448 3250 v
1475 3221 1597 3251 Annai.
1624 3222 1830 3251 Francorum
1856 3225 1930 3258 pag.
1957 3217 2032 3249 458.
2056 3225 2126 3256 seq.

1485 3269 1522 3308 b)
1547 3269 1653 3300 Julius
1667 3270 1765 3307 Niger
1785 3268 1823 3298 tle
1836 3267 2060 3306 scriptoribus
2082 3264 2282 3296 Florentinis
2295 3272 2326 3303 p.
2339 3264 2392 3297 82.

1488 3319 1520 3354 0)
1534 3319 1684 3349 niarium
1702 3317 1917 3347 Erurlitorum
1936 3315 2048 3346 ltaliae
2061 3317 2143 3345 tom.
2160 3313 2240 3343 xvn
2257 3321 2290 3352 p.
2304 3312 2385 3344 552.
