2500 3841
855 186 1309 258 CAROLUsMT

68 293 160 321 cum
187 283 289 321 notis
313 280 504 320 Goldasti.
525 281 677 320 Genov.
710 283 831 333 1600,
859 286 906 333 4,
937 287 1038 325 adde

72 349 187 383 notas
211 343 358 382 Barthii
382 343 522 392 XLVI,
547 343 572 382 2
596 343 867 388 Adversarior.
883 349 1040 387 Primus

69 406 247 445 ediderat
270 406 456 445 Canisius
477 409 570 444 tom.
594 406 656 445 Vl.
682 406 949 459 Antiquarum
973 413 1042 450 Le-

67 468 244 506 ctionum
265 479 352 518 pag.
377 468 453 506 519
475 468 589 517 (tom.
625 469 658 507 11
698 469 882 510 editionis
909 484 1036 511 novae

67 531 336 580 Basnagianae
360 540 446 580 pag.
469 528 575 579 474.)
600 531 751 570 Deinde
774 532 956 572 Andreas
985 534 1040 573 du

66 591 227 630 Chesne
245 595 339 629 tom.
355 593 388 630 11
414 592 662 642 Scriptorum
687 595 933 634 Francorum
951 608 1036 647 pag.

67 653 144 692 188
164 656 204 691 et
228 653 303 692 sub
322 653 528 693 ALCUINI
569 657 729 695 nomine
767 658 807 695 in
841 657 1038 709 Operibus

64 713 221 753 Alcuini
245 726 332 766 pag.
359 715 474 755 1747.
503 717 670 768 Incipit:
709 720 868 758 Rursus
892 719 930 758 in
953 731 1038 758 am-

67 774 205 827 biquos
224 776 367 828 yravis
389 777 575 817 admonet
592 791 746 819 ancora
771 780 900 820 colles.

122 839 212 878 Vita
235 840 363 879 Caroli
382 842 430 879 M.
448 843 666 880 maximam
693 848 846 893 partem
868 844 1036 894 repetita

65 912 123 940 εει)
143 900 390 952 Annalibus,
413 914 514 953 quos
532 902 687 956 plebejo
710 909 751 943 et
772 906 921 944 rustico
951 916 1035 943 ser-

65 975 184 1002 mone
216 966 386 1015 scriptos
422 965 573 1004 evolvit
609 967 758 1017 Regino
793 967 843 1005 ad
871 967 1033 1005 Annum

67 1027 144 1066 814
163 1026 268 1078 apud
287 1027 342 1066 du
367 1027 527 1067 Chesne
548 1032 656 1066 tomo
680 1028 858 1067 secundo
878 1041 917 1079 p.
941 1030 1004 1067 50.

120 1088 269 1127 Similis
309 1089 531 1128 lucubratio
570 1102 596 1128 a
630 1089 821 1129 Monacho
846 1088 1035 1130 coenobii

66 1148 349 1200 Eyolismeusz‘s
376 1152 416 1191 S.
453 1151 666 1202 Eparehii,
689 1153 728 1190 in
752 1153 855 1191 Petri
884 1152 1032 1191 Pithoei

64 1212 326 1263 scriptoribus
354 1215 580 1252 coaetaneis
604 1213 813 1253 duodecim
837 1226 923 1265 pag.
954 1215 1030 1254 230

63 1277 106 1312 et
127 1273 233 1324 apud
265 1273 320 1313 du
351 1274 511 1314 Chesne
535 1279 630 1313 tom.
664 1276 698 1314 II
727 1287 816 1326 pag.
846 1276 896 1313 68
920 1280 961 1314 et
991 1277 1029 1315 in

63 1335 232 1386 Kulpisii
252 1337 511 1387 scriptoribus
534 1337 720 1376 German.
742 1350 779 1388 p.
802 1338 864 1377 45.
887 1338 1031 1379 Confer

64 1397 321 1436 Lambecium
342 1402 439 1436 tom.
462 1399 496 1437 II
516 1410 604 1450 pag.
631 1400 708 1438 343
729 1411 812 1450 seq.

117 1459 298 1498 POETAE
322 1460 557 1510 SAXOMS,
582 1462 650 1512 qui
679 1461 835 1501 Arnulfi
859 1462 1033 1513 Impera-

63 1521 160 1559 toris
182 1525 313 1560 aetate
347 1523 523 1573 scripsit,
560 1524 777 1563 Monachus
815 1523 1030 1562 Paderbor-

62 1583 219 1630 nensis,
243 1581 422 1621 Annales
437 1584 471 1632 3)
488 1584 619 1623 Caroli
641 1587 769 1636 Magni
795 1584 910 1625 libris
934 1586 1029 1625 Vab

56 1645 173 1684 Anno
194 1643 262 1684 771
295 1645 344 1684 3(1
369 1645 458 1684 814.
485 1646 589 1685 Libri
613 1652 784 1697 quatuor
800 1648 969 1687 heroicis
985 1652 1025 1687 et

57 1709 224 1757 quintus
247 1707 436 1746 versibus
459 1708 667 1760 elegiacis,
704 1714 794 1761 post
828 1711 1024 1749 Reineccii

56 1769 278 1808 Helmstad.
304 1770 406 1808 1596
431 1774 473 1809 et
495 1770 550 1808 du
573 1771 731 1810 Chesne
753 1777 847 1810 tom.
873 1773 906 1810 11
936 1784 1024 1823 pag.

57 1832 134 1871 136
157 1830 371 1880 editiones,
392 1833 580 1870 recensiti
603 1844 626 1871 a
650 1833 844 1871 Leibnitio
873 1838 980 1871 tomo
1009 1835 1024 1873 Ι

53 1895 296 1953 scriptorum
319 1893 528 1932 Brunsvic.
554 1905 641 1945 pag.
666 1895 761 1933 420-
766 1894 854 1934 171.

106 1955 281 1994 AEG1D11
319 1954 564 1995 Pariszensis
602 1957 810 1996 Carolinus
849 1958 1026 1996 carmine

55 2017 302 2065 hexametro,
323 2017 434 2055 libris
457 2018 490 2057 V
513 2017 562 2056 ad
586 2017 847 2069 Ludovicum,
872 2019 920 2058 de
941 2020 1028 2069 qui-

55 2079 132 2118 bus
153 2090 274 2129 supra
295 2090 379 2129 pag.
403 2079 467 2119 22.

102 2139 439 2180 ASTRONOMUS
469 2141 658 2180 Ludovici
681 2143 800 2192 Regis
824 2142 1022 2180 Domesti-

52 2214 143 2252 cus,
159 2204 328 2253 scriptor
350 2202 567 2242 Annalium
591 2204 640 2242 ab
655 2203 771 2243 Anno
787 2202 856 2242 741
880 2203 928 2242 ad
945 2205 1022 2243 828

50 2265 143 2304 vide
164 2265 419 2304 Lambecium
439 2270 535 2304 tom.
550 2267 584 2304 ΙΙ
606 2277 692 2317 pag.
713 2265 802 2305 327.
823 2268 1023 2305 111311011-

48 2328 143 2366 bero
165 2339 252 2378 pag.
293 2329 343 2367 15
377 2327 483 2366 editi.
516 2328 644 2377 (unde
664 2329 803 2366 etiam
843 2327 1020 2366 Annales

50 2389 358 2429 REUBERIANI
379 2401 403 2428 a
431 2391 635 2429 nonnullis
676 2390 890 2439 dicuntur)
929 2402 1020 2429 cum

53 2451 350 2490 continuatione
375 2463 505 2502 usque
528 2452 577 2491 ad
612 2451 776 2491 Annum
802 2452 891 2490 842.
920 2451 1023 2490 idem

52 2512 100 2550 de
121 2510 237 2561 cujus
262 2513 346 2550 vita
370 2511 562 2551 Ludovici
587 2515 642 2552 Pii
670 2513 751 2552 dixi
786 2524 907 2563 supra
936 2524 1023 2563 pag.

59 2575 134 2614 136
160 2573 225 2612 ubi
248 2571 297 2611 A.
321 2573 391 2612 841
422 2573 637 2624 legendum
661 2586 731 2625 pro
751 2574 796 2614 A.
822 2575 913 2614 814.
928 2574 1025 2614 Vide

55 2640 96 2675 et
119 2646 206 2686 pag.
233 2635 296 2672 13.

103 2696 332 2735 ANONYMI
376 2696 617 2747 Compilatio
656 2697 940 2747 chronologica
976 2697 1025 2735 ab

47 2758 166 2799 Anno
190 2757 268 2797 772
293 2756 341 2795 ad
369 2757 470 2796 1410
496 2757 601 2808 apud
626 2758 864 2796 Leibnitium
884 2759 1024 2796 tom.11

49 2822 290 2871 scriptorum
312 2820 674 2858 Brunsvicensium
714 2832 750 2870 p.
782 2821 831 2859 62
857 2824 897 2857 et
926 2821 1025 2858 alte-

50 2884 136 2922 rius
157 2882 386 2922 ANONYMI
421 2881 471 2919 de
496 2881 726 2920 fundatione
762 2882 1021 2931 quarundum

51 2944 246 2984 Saxoniae
284 2941 562 2981 Ecclesiarum
596 2943 764 2994 aliisque
802 2943 1021 2992 originibus

51 3017 75 3046 a
103 3005 351 3056 temporibus
389 3005 520 3043 Caroli
555 3005 602 3043 M.
641 3003 689 3043 ad
728 3006 915 3044 Ottonem
945 3006 1022 3043 Ma-

51 3079 191 3119 gnum,
215 3067 321 3119 apud
344 3066 517 3106 eundem
540 3071 647 3105 tomo
670 3067 795 3117 primo
818 3078 905 3116 pag.
928 3066 1018 3104 260.

104 3129 295 3169 Johamu's
319 3128 488 3182 Launojc'
508 3129 559 3168 de
580 3127 724 3168 scholis
740 3127 1021 3167 celebrioribus

112 3271 202 3309 a>11i
229 3271 366 3303 annales
391 3279 566 3311 perperam
581 3272 757 3303 Reineccio
782 3274 944 3309 tanquam
967 3277 1030 3302 au-

58 3322 142 3353 ctori
160 3321 331 3353 tribuntur
355 3327 374 3352 a
399 3321 523 3354 sat-obe
546 3322 575 3353 le
595 3323 697 3360 Long.
724 3329 756 3351 n.
779 3318 873 3352 0757.

2005 222 2079 260 321

1112 301 1132 327 a
1159 291 1299 329 Carolo
1314 292 1358 329 M.
1377 295 1417 329 et
1442 295 1530 341 post
1553 290 1726 329 eundem
1744 302 1813 342 per
1831 291 2079 329 occidentem

1114 353 1358 392 instauratis.
1380 355 1538 392 Parisiis
1565 353 1686 398 4672,
1708 355 1731 392 8
1751 359 1792 393 et
1814 366 1907 393 cum
1935 354 2082 392 ,1011311-

1113 415 1176 452 1115
1198 415 1407 454 Mabillonii
1431 418 1568 454 itinere
1592 418 1843 464 Germanico,
1862 416 2077 466 Ilamburgi

1114 475 1227 526 1717,
1245 478 1288 526 8,
1313 479 1406 516 etin
1430 482 1535 516 tomo
1550 483 1692 532 quarto
1708 477 1869 528 Laurioji
1885 477 2075 528 Operum,

1111 539 1298 578 Genevae
1342 540 1437 579 1731
1481 540 1542 578 sol.
1585 542 1648 580 cui
1690 540 1882 591 jungendi
1922 540 2075 580 Caesar

1111 600 1307 651 Eyassz'us
1343 600 1519 639 Bulaeus
1559 603 1596 639 in
1633 603 1796 640 historia
1833 602 2072 642 Academiae

1112 664 1374 710 parisiensis,
1407 662 1579 702 Carolus
1611 662 1644 701 le
1669 664 1804 702 δοίητε
1844 666 1881 702 in
1912 664 2075 703 Annali-

1110 725 1186 763 bus
1214 726 1476 772 Francorum,
1506 729 1546 762 et
1576 724 1748 763 Jucobus
1778 724 1993 764 Bur-elcard
2024 727 2073 765 de

1109 788 1231 825 variis
1255 787 1490 826 Scholarum
1515 798 1538 825 a
1562 786 1692 824 Caroli
1712 789 1758 825 Μ.
1784 792 1913 826 aetate
1930 789 1979 827 ad
2004 790 2074 828 Se-

1108 848 1244 887 culum
1269 849 1371 888 XVI.
1389 848 1690 887 mutationibus.
1707 850 1830 886 Jenae
1848 849 1968 897 1715,
1995 851 2071 888 lito.

1188 911 1256 947 Mr.
1283 910 1319 948 le
1334 910 1477 958 Blanc,
1494 909 1750 948 dissertation
1770 910 1987 960 historique
2003 923 2074 950 sur

1107 971 1303 1021 quelques
1325 972 1535 1023 Monizoyes
1556 972 1605 1010 de
1626 972 1768 1012 Charle
1784 974 1923 1022 Magne
1954 973 1986 1020 a)
2006 975 2073 1011 Pa-

1106 1035 1161 1071 ris
1192 1034 1309 1082 1689,
1330 1034 1363 1072 4.
1384 1039 1531 1073 etcum
1557 1034 1739 1084 ejusdem
1758 1036 1964 1085 scriptoris
1980 1046 2072 1085 ope-

1104 1107 1147 1134 re
1167 1095 1216 1134 de
1233 1096 1883 1135 numisFrancicis.Amstelodami
1895 1099 1907 1136 1
1920 1097 2016 1145 692,
2034 1099 2067 1134 4.

1186 1158 1242 1196 De
1267 1158 1394 1198 Caroli
1418 1160 1464 1197 M.
1488 1158 1656 1209 ejusque
1679 1163 1929 1209 posterorum
1953 1158 2073 1197 bene-

1104 1220 1279 1258 volentia
1308 1221 1346 1257 in
1376 1220 1564 1269 Judaeos,
1602 1221 1774 1260 Jacobus
1812 1223 1991 1271 Rasnage
2031 1223 2068 1258 in

1105 1282 1270 1320 historia
1293 1282 1536 1322 Judaeorum
1575 1283 1673 1321 libro
1696 1284 1779 1322 Vll.
1810 1294 1893 1333 cap.
1928 1285 1952 1322 2
1986 1295 2069 1333 seq.

1104 1348 1145 1383 et
1164 1345 1370 1383 occasione
1396 1345 1507 1383 numi
1537 1345 1701 1384 Judui'cc'
1719 1358 1740 1384 a
1763 1345 1927 1385 Claudio
1952 1347 1978 1383 F
1982 1357 2071 1384 ran-

1105 1407 1210 1444 cisco
1232 1407 1503 1445 Menestrierio
1534 1407 1569 1456 b)
1601 1408 1783 1457 producti
1815 1408 2068 1445 Hermannus

1105 1468 1154 1507 ab
1174 1467 1297 1507 Hardt
1328 1469 1365 1506 in
1389 1470 1488 1507 Jona
1516 1470 1555 1506 in
1587 1470 1675 1508 luce
1696 1481 1782 1519 pag.
1808 1470 1886 1508 548
1911 1480 1994 1518 seq.
2026 1473 2067 1506 et

1102 1532 1276 1569 Joannes
1300 1530 1495 1580 Georgius
1521 1531 1725 1569 Eccardus
1756 1532 1794 1568 in
1825 1531 2071 1569 dissertatio-

1104 1604 1154 1630 ne
1180 1592 1287 1631 edita
1310 1592 1481 1631 Hclmst.
1516 1592 1636 1641 4720,
1664 1593 1698 1630 4.
1731 1593 1831 1643 Spes
1862 1597 1997 1630 autem
2028 1592 2073 1629 li—

1099 1655 1316 1693 berationis
1346 1666 1468 1706 quam
1495 1655 1569 1694 sibi
1589 1655 1731 1694 Judaei
1756 1659 1853 1693 tunc
1874 1665 2065 1703 concepe-

1098 1728 1160 1765 re,
1186 1728 1264 1754 non
1289 1718 1424 1755 minus
1449 1728 1564 1756 cassa
1588 1721 1629 1755 et
1647 1717 1795 1765 11131115,
1812 1727 1933 1766 quam
1960 1716 2069 1753 fabu-

1097 1778 1228 1817 losum
1245 1780 1321 1817 iter
1336 1779 1465 1818 Caroli
1487 1781 1534 1818 M.
1554 1781 1591 1816 in
1615 1779 1900 1826 Palaestinam,
1926 1778 1974 1815 de
1992 1789 2070 1827 quo

1100 1842 1176 1879 viri
1200 1841 1304 1879 docti
1329 1841 1376 1879 ad
1399 1841 1615 1892 Eginhardi
1641 1845 1760 1890 caput
1787 1841 1836 1878 16
1860 1844 1900 1878 et
1924 1841 2071 1878 Claris-

1101 1905 1229 1942 simus
1253 1905 1511 1942 Burmannus
1541 1903 1706 1953 praefat.
1738 1901 1786 1939 ad
1812 1902 2064 1939 Tliesauruin

1106 1967 1262 2005 Siciliae
1287 1977 1373 2016 pag.
1401 1967 1463 2004 11.
1489 1977 1573 2014 seq.
1598 1965 1764 2002 Valeant
1786 1964 1905 2013 igitur
1924 1963 2070 2002 JOAN-

1098 2029 1196 2066 NES
1211 2027 1385 2073 ADGIO,
1400 2028 1517 2074 Regis
1529 2028 1737 2064 Frisenum
1757 2026 1872 2073 iilius,
1884 2030 1923 2063 et
1935 2025 2066 2064 ADEL

1100 2089 1391 2128 ADELIMUS
1422 2090 1551 2134 Frisii,
1581 2099 1753 2138 quorum
1785 2088 1894 2124 illum
1931 2088 2070 2126 Sull'ri-

1097 2151 1174 2190 dus
1198 2152 1302 2189 Petri
1322 2151 1354 2198 c)
1373 2152 1428 2189 ait
1444 2151 1654 2200 scripsisse
1668 2149 1716 2187 (le
1731 2148 1980 2200 expeditione
1992 2149 2069 2187 Ca-

1097 2213 1190 2262 roli,
1216 2214 1474 2251 Francorum
1494 2212 1627 2262 Regyi's,
1653 2223 1744 2249 cum
1764 2214 1962 2261 0ttogyero,
1988 2212 2068 2248 Da-

1095 2276 1186 2315 uz‘ae
1209 2278 1326 2326 Reye,
1353 2275 1394 2313 z'n
1419 2279 1572 2313 terram
1593 2278 1791 2321 sanctam,
1814 2278 1854 2312 et
1877 2272 1924 2310 (le
1947 2284 2069 2324 empe-

1095 2337 1239 2376 ditione
1268 2337 1355 2389 eJ'us
1384 2336 1424 2374 in
1450 2336 1605 2375 Italiam
1623 2368 1633 2384 ,
1656 2348 1731 2374 nec
1753 2347 1830 2373 non
1861 2334 1907 2372 (Ie
1932 2334 2067 2372 [mlia-

1095 2410 1170 2437 nae
1187 2402 1321 2437 terrae
1340 2397 1533 2449 qualitate
1554 2404 1595 2436 et
1607 2398 1785 2449 {sendum
1807 2397 1845 2434 in
1860 2409 1907 2434 ea
1931 2396 2064 2434 (liver-

1097 2460 1224 2499 sztate.
1249 2459 1413 2497 Adelin0
1396 2472 1490 2509 gum
1511 2471 1604 2498 vero
1628 2459 1673 2499 <le
1698 2459 1886 2497 monstris
1911 2457 2065 2504 Indiae,

1099 2520 1200 2560 etde
1214 2519 1393 2558 moribus
1410 2520 1532 2559 Indoi
1535 2532 1602 2558 um
1624 2531 1840 2570 corumque
1821 2518 2064 2569 Reli'yione.

1179 2583 1348 2621 CLEME
1353 2583 1416 2620 Ns
1453 2584 1696 2628 llistoiicus,
1730 2587 1771 2619 et
1806 2581 2035 2619 JOilxNNli
2041 2581 2068 2618 S

1099 2644 1148 2682 de
1171 2642 1376 2693 Rosergyzo,
1402 2642 1991 2693 Λ10111011150οριι51010531105,
2017 2640 2066 2678 de

1099 2706 1245 2755 quibus
1267 2705 1365 2742 infra
1383 2714 1455 2742 suo
1480 2705 1578 2741 loco.

1177 2766 1446 2805 commutis
1478 2766 1717 2814 Presbyter,
1748 2766 1816 2815 qui
1852 2765 1988 2802 Latine
2017 2763 2067 2801 de

1098 2829 1222 2878 gestis
1255 2828 1381 2866 Caroli
1421 2828 1606 2877 scripsit,
1644 2826 1788 2864 deinde
1829 2826 2066 2863 Germanico

1097 2890 1273 2927 carmine
1289 2900 1462 2938 quoquc.
1479 2890 1573 2928 vido
1592 2890 1626 2928 le
1650 2890 1755 2935 Long
1779 2887 2063 2926 Bibliotiweam

1099 2962 1208 2989 num.
1225 2951 1328 2988 6724-
1345 2951 1628 2990 Germanicum
1640 2953 1717 2990 MS.
1736 2950 1921 2989 (jodicem
1939 2951 1975 2986 in
1993 2951 2065 2987 ’[3-

1150 3117 1508 3157 n).1xc1a1‹:i·u‹liiorum
1527 3123 1616 3149 tomo
1634 3120 1661 3147 ll
1680 3116 1907 3156 supplementi
1928 3122 2003 3153 pag.
2018 3114 2072 3144 59.

1151 3167 1186 3205 b)
1210 3169 1352 3198 Histoire
1371 3167 1474 3199 Civile
1491 3191 1499 3200 .
1517 3176 1562 3198 ou
1588 3167 1781 3198 Consulaire
1802 3165 1841 3196 dc
1875 3165 1904 3196 la
1922 3165 1999 3197 ville
2022 3165 2066 3197 de

1088 3218 1210 3257 Lysim,
1237 3217 1318 3248 1111111
1340 3217 1394 3248 l'ol.
1419 3227 1494 3256 pag.
1519 3217 1595 3248 ⁹210.

1151 3267 1182 3304 c)
1205 3266 1244 3296 de
1267 3267 1486 3306 scriptoribus
1516 3269 1640 3298 frisiae
1665 3266 1784 3298 Dei-ad.
1816 3268 1854 3296 vi
1891 3273 1984 3296 uum.
2009 3264 2028 3295 Ξ
2051 3264 2070 3295 5

1094 3326 1173 3357 pag.
1198 3316 1236 3347 43
1262 3325 1334 3355 seq.

1636 3384 1654 3421 -ἰ
1671 3386 1683 3423 l
