2500 3841
896 224 1299 267 BARBARUS

96 289 239 338 Regem
275 287 384 328 Rom.
409 288 483 328 An.
521 291 623 330 4486
647 302 793 331 excusa
832 298 918 332 tum
939 296 1026 335 alibi
1047 328 1055 346 ⁷

95 354 187 387 tom.
239 351 285 388 II.
337 351 495 390 Freheri
546 353 790 403 Scriptorum
848 356 1057 396 llistorico-

94 421 183 448 rum
206 410 451 451 Germaniae.
473 413 675 464 Epistulae
696 418 778 454 octo
794 419 961 467 sparsim
978 419 1059 457 edi-

93 475 181 521 tae,
205 472 253 511 de
278 473 422 523 quibus
441 477 617 515 Diarium
640 477 898 517 Eruditorum
924 481 1056 519 ltaliae

92 536 185 571 tom.
216 536 405 586 XXVIII,
431 547 516 587 pag.
540 539 615 576 204-
656 550 740 589 seq.
781 541 851 589 (et
890 542 1055 580 Niceron

92 598 186 633 tom.
208 597 309 634 XIV.
334 598 493 636 Memor.
518 610 604 649 pag.
630 602 680 639 26
706 601 815 651 seq.)
839 605 878 639 et
899 602 1057 641 Praele-

92 656 253 705 aiones,
277 668 323 696 ac
350 658 627 711 Praefationes
647 662 843 712 quaedam
864 693 871 711 ,
897 663 946 702 de
971 666 1058 715 qui-

91 718 167 757 bus
198 730 285 770 pag.
317 719 394 758 206
434 721 624 769 (Niceron
662 735 747 775 pag.
779 725 868 772 28.)
905 726 1056 765 Inedita

89 791 208 818 vero:
230 780 317 837 libri
341 781 418 819 duo
438 781 485 820 de
523 782 740 834 coelibatu,
766 788 901 837 scripti
937 786 1052 825 Anno

89 842 216 880 XVIII
230 844 383 881 aetatis.
395 844 451 881 De
468 844 752 885 conscribenda
761 846 929 886 historia
944 849 1052 886 liber.

92 902 344 955 Carmimm,
366 906 451 944 sive
470 907 669 946 Versuum
694 909 820 947 multa
840 909 972 947 millia.
997 908 1053 945 De

88 976 134 1003 re
146 964 300 1004 uxoria
315 971 452 1016 poema
479 973 761 1007 sexcentorum
784 981 996 1015 versuum,
1012 973 1052 1006 et

88 1039 111 1067 a
131 1028 227 1066 libro
247 1027 427 1078 ejusdem
449 1029 554 1068 tituli
575 1031 749 1080 prosario
768 1059 776 1078 ‚
800 1042 920 1080 quem
949 1041 1051 1068 avus

88 1089 234 1138 edidit,
256 1090 369 1140 longe
392 1089 597 1130 dlversum
617 1121 624 1140 ‚
646 1103 724 1142 quo
744 1095 861 1142 negat
882 1102 1048 1129 uxorem

87 1150 311 1190 ducendam
331 1153 416 1190 viro
441 1154 608 1203 sapienti
627 1182 634 1201 ,
656 1154 758 1191 sicut
781 1163 853 1190 nec
877 1153 960 1202 ipse
978 1152 1050 1191 hoc

87 1223 264 1262 unquam
285 1213 387 1251 fecit.
410 1215 554 1263 (Recte
576 1215 708 1263 itaque
734 1213 979 1251 Trithemius
1004 1214 1051 1250 ti-

85 1273 215 1311 tulum
239 1275 423 1325 scripsit:
443 1274 489 1312 de
513 1286 557 1312 re
579 1274 750 1323 ameria,
775 1273 955 1322 metrice,
981 1285 1050 1324 pro

85 1346 163 1384 quo
188 1335 292 1385 apud
326 1336 529 1374 Nicolaum
559 1334 818 1375 ‘Comnenum
852 1340 914 1374 est
937 1335 983 1374 de
1006 1348 1051 1374 re

84 1395 237 1434 uaeoria
252 1400 290 1434 et
303 1397 544 1435 meretricia.
560 1398 575 1446 )
597 1397 878 1449 Compendium
897 1397 1048 1436 Galeni.

82 1458 194 1496 Bona
223 1469 327 1509 pars
363 1458 615 1509 Scriptorum
646 1458 870 1498 Aristotelis
913 1460 1050 1498 Latine

82 1531 212 1558 versa.
240 1520 390 1559 Contra
406 1518 605 1558 barbaros
629 1519 892 1571 Pliilosophos.
923 1522 1051 1569 Quae-

80 1581 225 1620 stiones
258 1581 516 1619 Geometriae.
555 1583 757 1630 Quantum
793 1581 1050 1621 Astronomia

80 1641 297 1682 Medicinae
312 1642 525 1682 conveniat.
538 1645 676 1682 Latina
693 1645 824 1682 versio
842 1643 1053 1684 Plutarchi

80 1704 129 1743 de
152 1704 255 1743 Iside
275 1708 316 1742 et
338 1704 491 1743 Osiride
510 1735 518 1754 ,
538 1709 578 1744 et
601 1705 774 1755 Dialogi7
800 1716 922 1755 quare
952 1705 1048 1743 Ora-

79 1765 169 1804 cula
190 1765 418 1804 defecerint.
444 1765 624 1817 Quinque
648 1764 744 1803 libri
771 1765 1047 1817 Epistolarum

79 1828 187 1866 MSS.
224 1826 329 1877 apud
361 1828 581 1877 Baptistam
604 1828 777 1875 Narium⁷
810 1828 1042 1865 Senatorem

78 1889 289 1927 Venetum.
308 1887 515 1926 Orationes
529 1889 765 1938 complures.
787 1889 917 1927 Etiam
938 1899 1045 1926 com-

80 1953 304 1988 mentatum
324 1961 413 1988 esse
429 1951 466 1987 in
484 1948 652 1987 Gilberti
665 1949 879 1988 Porretani
896 1949 1041 1988 librum

79 2011 128 2049 de
152 2021 224 2049 sex
246 2011 467 2061 principiis,
492 2014 604 2048 notat
627 2009 879 2060 Augustinus
913 2010 1044 2048 Oldoi-

79 2082 156 2110 nus
176 2071 215 2108 in
238 2071 441 2109 Athenaeo
471 2073 646 2109 Romano
668 2083 754 2122 pag.
781 2072 869 2110 313.
904 2071 1043 2109 Erote-

76 2136 187 2171 mata
202 2132 531 2171 Grammaticalia
549 2132 708 2171 Graeca
723 2138 763 2171 et
779 2133 927 2171 Graece
943 2133 1040 2170 scri-

77 2199 169 2245 pta,
206 2206 307 2245 quae
343 2195 520 2234 Veronae
555 2195 633 2233 MS.
672 2198 858 2243 exstant,
884 2193 1039 2232 dubitat

80 2257 209 2294 Zenus
225 2284 233 2302 ,
249 2267 300 2294 an
317 2255 365 2294 ad
384 2256 639 2294 Hermolaum
657 2256 926 2294 Veronensem
944 2255 1044 2292 refe-

82 2317 204 2356 renda
231 2318 310 2355 sint
329 2318 483 2368 potius:
509 2318 736 2356 versionem
768 2320 902 2355 autem
944 2316 1045 2354 Gen-

78 2377 194 2416 nadii
226 2379 475 2417 Patriarchae
512 2378 852 2428 constantinopol.
882 2377 930 2415 de
968 2377 1044 2415 fide

83 2440 284 2479 Catholica
302 2469 309 2486 ‚
331 2440 468 2478 tribuit
490 2441 618 2478 Marco
639 2439 803 2478 BARBO
827 2440 866 2476 in
888 2438 1047 2488 Aquile-

78 2498 182 2549 jensi
211 2501 484 2539 Patriarchatu
512 2501 708 2539 Hermolai
747 2501 870 2538 nostri
911 2499 1047 2538 deces-

83 2561 160 2598 sori
180 2573 186 2597 :
225 2560 481 2611 Dionysiique
519 2561 781 2612 Areopayz'tae
821 2561 1046 2598 versionem

83 2622 208 2660 amico
231 2622 449 2668 Hermolai,
473 2623 713 2671 Hieronymo
737 2623 899 2659 Donato

136 2680 354 2733 Iosephus,
380 2683 465 2720 sive
495 2683 644 2720 rectius
666 2681 863 2732 Josaphas
888 2682 906 2703 ἅ
931 2680 1047 2719 BAR-

85 2742 275 2790 BARUS‚
297 2742 456 2781 Antonii
478 2743 624 2789 Filius,
647 2744 838 2780 Patricius
858 2743 1045 2790 Venetus,

85 2806 179 2844 obiit
207 2806 407 2852 Venetiis,
434 2803 648 2842 admodum
677 2807 890 2853 provectus
919 2808 1048 2841 aetate

85 2865 159 2906 An.
181 2867 291 2905 4494.
312 2867 394 2906 Non
414 2866 496 2915 ipse
519 2864 679 2914 quidem
703 2865 858 2911 Latine⁷
880 2863 949 2901 sed
974 2865 1050 2902 lta—

87 2929 160 2967 lice
177 2926 421 2979 scripsitduo
432 2938 504 2965 sua
520 2926 670 2963 Itinera
684 2925 930 2975 Reipublicae
947 2925 1049 2963 obita

87 2990 246 3028 nomine
263 3020 272 3039 ,
288 3000 457 3039 quorum
472 2989 642 3026 alterum
663 2986 737 3024 An.
757 2987 857 3024 4536
875 2987 1050 3035 suscepit

86 3050 141 3090 ad
164 3051 326 3089 Tanaim
347 3053 384 3088 in
411 3051 629 3089 Tartariam
654 3050 959 3096 Precop'cnsem⁷
984 3046 1049 3083 ubi

87 3114 238 3163 passim
256 3124 326 3164 per
339 3111 476 3151 Annos
492 3110 693 3150 sexdecim
710 3113 771 3148 est
788 3112 981 3146 moratus:
998 3107 1054 3145 al-

145 3263 160 3275 ·
185 3261 269 3295 Vide
292 3264 444 3295 niarium
459 3261 678 3294 Eruditorum
701 3258 816 3290 ltaliae
835 3260 923 3288 tomo
960 3258 1057 3287 xviii

89 3318 166 3351 pag.
187 3311 261 3344 405.

2022 240 2098 279 103

1134 303 1264 337 terum
1290 299 1331 337 in
1361 300 1540 339 Pei-siam
1569 301 1615 340 ad
1654 300 1909 354 Asambejum
1946 307 2093 357 Regem

1130 360 1204 398 An.
1223 362 1336 400 4474.
1360 363 1439 400 Sed
1460 364 1595 401 Latine
1619 375 1668 401 ex
1687 365 1820 403 Italico
1839 365 2094 406 JacobiGeu-

1130 420 1242 471 cleri,
1267 424 1639 474 Herolzbergensis⁷
1670 427 1851 465 versione
1887 429 2030 477 legitur
2053 432 2091 468 in

1130 484 1231 521 Petri
1244 486 1387 523 Bizarri
1405 487 1670 536 Scriptoril)us
1685 499 1818 526 rerum
1828 490 2090 538 Persicarum,

1130 544 1373 584 Francofurti
1398 548 1494 584 4604
1527 548 1588 584 fol.
1624 560 1708 598 pag.
1737 549 1804 588 441
1840 551 1926 588 458.
1957 553 2090 591 ltalice

1130 606 1271 655 prodiit
1294 607 1469 644 Venetiis
1491 608 1592 646 4543
1611 638 1619 655 ,
1645 610 1667 645 8
1689 613 1728 645 et
1748 611 1786 646 in
1807 610 1998 649 Johannis
2019 614 2091 651 Ba—

1129 669 1273 717 ptistae
1296 668 1470 706 Ramusii
1510 668 1668 717 Sylloge
1704 671 1894 709 Itinerum
1929 677 2022 711 tom.
2054 675 2087 712 Π

1127 740 1213 778 pag.
1240 729 1327 767 442.
1362 730 1538 767 Venetiis
1573 731 1673 767 4556
1717 731 1778 768 fol.
1815 743 1953 771 recusa
1987 735 2088 774 4588

1128 790 1231 827 4606
1257 793 1296 827 ut
1333 790 1528 837 Gallicas7
1554 789 1765 840 Anglicas‚
1791 793 1967 842 Belgicas
2000 809 2088 835 ver-

1126 850 1258 887 siones
1281 855 1539 899 praeteream.

1179 910 1384 950 Zacharias
1405 912 1669 952 BARBARUS
1687 943 1693 961 ,
1715 915 1912 954 Francisci
1943 919 2085 968 frater,

1125 972 1332 1020 Hermolai,
1349 972 1617 1023 Aquilejensis
1629 976 1887 1025 Patriarchae‚
1904 979 2084 1027 Patruus,

1124 1034 1187 1071 cui
1213 1034 1334 1071 frater
1364 1036 1589 1074 versionem
1620 1037 1794 1075 vitarum
1823 1050 1845 1077 e
1879 1040 2088 1080 Plutarcho

1125 1093 1335 1133 dedicavit.

1179 1156 1384 1195 Zacharias
1407 1156 1695 1207 BARBARUS,
1726 1161 1926 1201 Francisci
1956 1164 2060 1203 filius
2078 1197 2086 1213 ‚

1124 1217 1320 1256 Hermolai
1345 1217 1611 1269 Aquilejcnsis
1628 1223 1759 1271 Pater,
1781 1224 2022 1263 Venetorum
2039 1226 2088 1264 ad

1126 1279 1282 1317 Sixtum
1306 1280 1355 1318 IV
1376 1282 1563 1331 legatus,
1581 1285 1620 1319 et
1637 1283 1870 1322 Procurator
1891 1286 1929 1323 S.
1953 1287 2087 1334 Marci,

1125 1339 1219 1377 obiit
1244 1339 1290 1378 A.
1314 1341 1416 1380 4492
1445 1346 1520 1380 aet.
1554 1342 1602 1381 70
1629 1345 1667 1381 in
1698 1356 1817 1394 quem
1846 1348 1893 1384 M.
1924 1346 2084 1386 Antonii

1128 1401 1308 1439 Sabellici
1333 1406 1466 1441 exstat
1491 1405 1635 1442 Oratio.

1178 1463 1314 1501 Daniel
1331 1462 1617 1513 BARBARUS,
1635 1477 1756 1516 nepos
1775 1469 1905 1507 fratris
1920 1472 2083 1509 Hermo-

1125 1523 1201 1572 lai‚
1226 1523 1494 1574 Aquilejcnsis
1515 1527 1789 1578 patriarchae,
1814 1531 1984 1580 Legatus
2012 1533 2087 1570 Ve-

1124 1590 1241 1625 netae
1268 1588 1518 1637 Reipublicae
1549 1589 1587 1625 in
1617 1588 1798 1639 Angliam
1817 1620 1824 1638 ‚
1846 1603 1890 1629 ac
1914 1593 2085 1643 denique

1126 1648 1352 1687 Patriarcha
1371 1654 1411 1687 et
1428 1651 1510 1700 ipse
1530 1650 1578 1688 al)
1598 1648 1713 1689 Anno
1736 1652 1836 1690 4559
1858 1651 2086 1703 Aquilejen—

1125 1710 1196 1759 εἰς,
1218 1710 1255 1758 a)
1273 1712 1526 1762 neutiquam,
1543 1716 1587 1750 ut
1601 1712 1731 1750 Baelio
1751 1713 1918 1762 aliisque
1935 1715 2083 1761 visum7

1119 1769 1305 1809 diversus
1334 1772 1382 1810 ab
1407 1773 1489 1821 1110,
1514 1772 1556 1821 1))
1578 1774 1645 1823 qui
1671 1772 1711 1810 in
1738 1773 1954 1826 Porphyrii
1973 1787 2087 1814 voces

1124 1831 1169 1870 A.
1204 1833 1305 1870 4542
1334 1838 1628 1872 commentatus
1658 1839 1747 1881 est,
1778 1835 1882 1873 diem
1916 1836 2010 1873 obiit
2039 1839 2083 1876 Α,

1125 1894 1243 1932 4569.
1269 1895 1434 1933 Caetera
1452 1893 1539 1944 ejus
1563 1896 1709 1945 scripta
1729 1901 1840 1934 sunt:
1868 1898 1906 1944 4)
1934 1898 2085 1937 Calena

1120 1954 1366 1993 Graecorum
1383 1957 1595 2004 Patr-umc)
1616 1958 1652 1994 in
1664 1958 1951 2008 quinquaginta
1967 1958 2083 1996 Psal-

1116 2028 1199 2055 mos
1214 2019 1422 2067 primores*‚
1436 2020 1571 2057 Latine
1588 2018 1757 2066 reddita,
1775 2020 1807 2057 V
1810 2020 1952 2057 enetiis
1974 2022 1987 2058 4
2002 2021 2075 2057 469

1119 2078 1180 2116 fol.
1201 2079 1431 2128 Diciturque
1449 2080 1587 2127 ctiam.
1611 2080 1717 2128 quod
1736 2079 1990 2118 desideratur
2008 2081 2080 2119 Ca-

1115 2143 1231 2177 tenae
1251 2140 1290 2176 in
1305 2140 1482 2178 Psalmos
1506 2141 1696 2190 reliquos⁷
1710 2140 1848 2179 eodem
1869 2142 2086 2191 interprete.

1116 2201 1355 2238 translatum
1379 2202 1561 2239 extitisse
1585 2201 1689 2251 apud
1714 2203 1970 2241 Franciscum
1991 2204 2085 2240 Bar—

1117 2261 1276 2308 barum,
1300 2262 1566 2300 Patriarcham
1587 2262 1898 2312 Aquilejensem.
1921 2264 1964 2312 2)
1985 2264 2082 2301 Ver-

1118 2324 1175 2361 sio
1190 2324 1325 2362 Italica
1346 2323 1518 2362 Vitruvii
1534 2336 1626 2363 curn
1642 2325 1763 2371 notis,
1779 2325 1956 2363 Venetiis
1975 2326 2075 2362 4556

1119 2385 1181 2422 sol.
1207 2384 1352 2433 4567,4
1370 2390 1410 2424 et
1426 2387 1526 2425 4629
1554 2387 1586 2423 4.
1612 2387 1738 2424 Notae
1757 2386 1918 2424 Latinae
1936 2387 1974 2422 in
1991 2397 2088 2423 cun-

1119 2445 1210 2484 dem
1235 2448 1467 2496 scriptorem
1488 2448 1678 2497 leguntur
1703 2448 1741 2484 in
1762 2447 1932 2484 editione
1947 2447 2085 2483 Venet.

1123 2505 1223 2544 4567
1237 2507 1298 2544 fol.
1312 2511 1351 2544 et
1361 2508 1709 2557 praestantissima
1722 2506 2085 2545 Amstelodamensi

1124 2568 1222 2606 4659
1249 2568 1309 2605 fol.
1328 2568 1369 2615 3)
1393 2569 1676 2606 Commentarii
1694 2570 1732 2605 in
1749 2572 1835 2605 tres
1853 2568 1971 2605 libros
1988 2567 2089 2604 Rhe-

1121 2631 1331 2667 toricorum
1349 2628 1571 2666 Aristoteles
1589 2658 1596 2675 ,
1618 2629 1795 2666 Venetiis
1818 2628 1918 2666 4544
1939 2628 1958 2664 4
1980 2628 2088 2665 Basi-

1121 2691 1203 2728 leae
1234 2690 1358 2735 4545,
1391 2691 1414 2726 8
1443 2694 1484 2726 et
1514 2688 1693 2737 Lugduni
1723 2688 1840 2726 Anno
1879 2687 2017 2725 eodem
2048 2693 2088 2724 et

1123 2751 1224 2790 4558
1249 2751 1283 2787 8.
1307 2751 1464 2788 Parisiis
1486 2752 1498 2788 4
1511 2751 1584 2787 549
1607 2749 1677 2786 810
1704 2749 1750 2795 4)
1776 2749 1831 2786 De
1848 2747 2086 2798 Eloquentia

1121 2812 1305 2861 Dialogus
1333 2811 1465 2849 ltalicc
1498 2810 1628 2848 editus
1659 2810 1707 2848 ab
1740 2811 1978 2859 Hieronymo
2008 2811 2087 2848 Ru-

1179 2960 1211 2998 a)
1230 2960 1310 2992 Vide
1329 2959 1498 2998 Ughcllum
1517 2964 1606 2990 tomo
1623 2961 1666 2995 v,
1683 2967 1757 2998 pag.
1775 2958 1833 2990 154
1852 2967 1919 2998 seq.
1939 2960 1995 2997 qui
2016 2966 2092 2998 pag.

1124 3008 1183 3040 156
1202 3017 1272 3047 seq.
1296 3011 1396 3040 etiam
1420 3009 1459 3039 de
1489 3008 1682 3038 Francisco
1713 3008 1857 3038 Barbaro
1881 3010 1920 3038 Μ.
1954 3009 2090 3038 Antonii

1124 3059 1209 3094 tilio,
1227 3057 1421 3088 patriarcha
1434 3057 1475 3087 ab
1493 3060 1588 3088 Anno
1609 3057 1688 3087 '1585
1703 3059 1743 3088 ad
1761 3057 1838 3088 1600
1856 3061 1886 3088 et
1902 3056 2000 3087 fratre
2018 3058 2089 3095 ejus

1119 3115 1157 3138 ac
1176 3115 1366 3137 successore
1384 3107 1576 3137 Hermolao
1592 3129 1601 3144 ‚
1624 3109 1680 3146 qui
1703 3110 1738 3137 Α.
1764 3106 1840 3137 1622
1853 3107 1950 3136 obiit.

1184 3154 1218 3193 b)
1237 3156 1386 3186 Diarium
1403 3156 1618 3186 Eruditoruin
1638 3156 1752 3186 ltaliae
1770 3159 1849 3186 tom.
1863 3156 1987 3184 xxviii
2009 3161 2086 3193 pag.

1121 3204 1194 3236 ⁶218.

1184 3254 1215 3291 c)
1239 3255 1318 3286 Vide
1341 3256 1556 3285 possevinum
1575 3259 1607 3285 et
1625 3257 1657 3285 B.
1677 3253 1806 3293 Serpilii
1831 3255 1920 3284 Vitas
1947 3253 2091 3292 Scripto-

1123 3314 1196 3336 rum
1214 3304 1418 3336 Biblicorum
1437 3307 1532 3336 Parte
1552 3305 1619 3335 vin
1639 3311 1711 3343 pag.
1727 3304 1787 3333 5522
1804 3311 1872 3341 seq.
