2500 3841
833 204 1384 250 BENEVENUTUS

118 279 212 313 tuus
233 273 320 320 est)
340 271 482 323 prodiit
501 277 594 311 cum
614 272 853 323 praefatione
871 277 1068 317 Laurentii

113 335 307 374 Abstemii
325 333 575 385 Argentorat.
595 335 697 374 4505
714 336 749 374 4.
765 337 876 376 Hunc
892 339 1066 380 libellum

112 396 211 435 tanti
231 395 323 434 fecit
341 396 489 435 AEneas
510 396 692 446 sylvius,
713 402 758 437 ut
776 401 879 438 vitas
898 406 1066 450 quatuor

112 458 325 498 Caesarum
343 488 351 507 ,
368 458 436 508 qui
458 461 549 508 post
568 459 847 500 Wenceslaum
869 463 1065 513 imperita-

109 514 226 569 runt,
249 521 285 558 ei
309 531 385 558 non
410 520 462 558 sit
485 518 722 570 dedignatus
745 521 980 575 adjungere,
1011 526 1064 563 si—

108 585 178 621 cut
198 582 282 633 ipse
302 582 341 620 in
357 582 545 633 principio
568 583 748 634 Europae
767 595 862 624 suae
878 589 1059 626 testatur.

104 643 228 683 Extat
248 645 368 683 etiam
391 645 430 682 in
452 644 558 683 calce
578 645 752 695 Operum
776 648 969 687 Francisci
990 651 1060 688 Pe-

105 706 300 755 trarchae‚
328 707 467 745 Venet.
499 708 514 746 4
525 708 593 746 504
632 708 693 746 foi.
725 713 765 747 et
793 711 986 750 Basileae:
1015 716 1056 751 et

104 768 144 806 in
167 768 302 807 limine
324 769 420 807 tomi
444 769 607 808 secundi
631 771 867 822 scriptorum
894 772 1056 813 Germa-

103 831 281 870 nieorum
303 831 524 882 Marquardi
543 831 719 881 Freheri,
736 844 828 872 cum
851 836 1056 874 continua-

101 893 208 932 tione
232 894 397 932 Joannis
434 895 634 945 Baptistae
663 896 818 946 Egnatii
848 907 976 946 usque
1005 896 1052 936 ad

99 955 408 995 Maximilianum
425 957 452 994 Ι.
472 967 563 995 nam
584 958 623 995 in
644 958 792 996 AEneae
816 959 942 1009 Sylvii
966 960 1056 997 Fre-

99 1016 221 1056 herus
243 1022 361 1069 negat
384 1029 426 1057 se
448 1018 647 1058 incidisse.

154 1078 176 1102 *
204 1079 319 1119 Liber
340 1081 563 1120 Benvenuti
591 1082 804 1134 inscriptus
825 1081 1056 1132 Augustalis

98 1145 161 1180 est
188 1141 292 1193 apud
315 1153 380 1181 me
403 1143 443 1180 in
466 1143 542 1181 MS.
580 1143 721 1183 Codice
758 1145 796 1182 in
834 1143 950 1193 cujus
977 1142 1055 1181 fine

97 1203 194 1242 haec
214 1204 403 1255 leguntur
419 1205 468 1244 de
481 1217 585 1245 anno
600 1210 720 1254 certo,
731 1217 808 1256 quo
827 1206 875 1245 ab
889 1205 1054 1246 authore

96 1277 170 1305 suo
186 1266 396 1307 absolutus
411 1272 492 1306 est:
512 1266 676 1319 eoeplicit
689 1265 842 1306 libellus
854 1266 1054 1319 Anqusta-

96 1327 147 1366 lis
168 1329 365 1368 continens
397 1328 472 1369 sub
509 1329 730 1382 compendio
749 1329 1053 1382 adscriptionem

93 1389 267 1430 omnium
288 1390 567 1442 Auyustorum
589 1404 616 1430 a
628 1391 759 1444 primo
788 1393 963 1433 Caesare
985 1405 1052 1433 us-

91 1463 167 1504 que
185 1452 240 1492 ad
258 1452 458 1498 ultimum,
481 1453 556 1505 qui
582 1465 686 1493 nunc
699 1457 771 1503 est,
789 1466 852 1493 an.
868 1456 914 1494 D.
933 1457 1048 1496 4585.

88 1515 150 1554 Ex
172 1515 311 1554 eodem
335 1514 429 1555 Cod.
454 1516 597 1555 collato
616 1527 708 1555 cum
731 1516 901 1555 editione
917 1520 1050 1557 novis-

88 1577 190 1615 sima
211 1576 370 1616 Freheri
404 1588 427 1616 a
456 1578 616 1616 Struvio
636 1582 772 1617 curata
808 1579 1047 1619 variationes

87 1638 300 1678 nonnullas
313 1639 590 1688 animadverti,
609 1645 649 1679 et
663 1640 826 1691 quidem
841 1653 917 1680 non
936 1653 1046 1693 sper-

86 1701 249 1740 nendas.
289 1701 350 1740 En
393 1713 515 1741 unam
552 1702 776 1741 alteramve
813 1705 1041 1754 speciminis

85 1764 220 1815 gratia.
231 1764 334 1809 Haec
349 1763 435 1814 lego
460 1765 498 1802 in
518 1764 689 1802 Frehero
708 1764 757 1803 de
778 1765 974 1805 Friderico
989 1767 1035 1805 II.

9 1825 11 1827 ’
85 1825 265 1876 Fuqatus
283 1828 343 1864 est
361 1824 407 1864 de
429 1824 678 1874 Lombardia,
698 1837 768 1864 nec
787 1825 867 1864 sibi
881 1825 1039 1879 profuit

78 1886 264 1940 potentia.
281 1887 429 1927 Codex:
447 1888 480 1927 F
481 1891 626 1939 uqatus
654 1893 728 1927 ete.
740 1888 897 1941 profuit
903 1893 1037 1941 poten-

83 1950 140 1988 tia
160 1948 347 1989 Eccerini
377 1949 424 1989 de
450 1952 576 2001 Re9n0
609 1953 803 1999 Romano,
832 1951 1034 2003 Serpentis

83 2010 232 2064 rabidi,
255 2011 336 2051 sibi
353 2011 634 2065 confoederati.
663 2015 707 2052 In
730 2014 936 2053 Vinceslao
960 2014 1037 2053 filio

84 2075 214 2115 Caroli
249 2075 446 2128 Freherus
475 2076 592 2126 legit:
622 2087 744 2127 quam
783 2075 896 2114 aliud
923 2074 963 2114 in
1003 2079 1039 2115 te

87 2139 333 2188 speramus,
370 2136 478 2176 nullo
523 2148 656 2176 sensu.
691 2138 825 2177 Codex
868 2138 1036 2177 melius:

84 2200 333 2251 Quamquam
351 2197 447 2250 quid
468 2197 509 2236 in
531 2201 565 2236 te
587 2209 807 2250 speramus.
828 2200 872 2237 In
895 2199 1035 2239 eodem

85 2261 228 2301 Codice
257 2261 342 2312 lego
376 2260 691 2300 additamentum
719 2261 917 2312 quoddam
946 2266 1035 2312 post

82 2324 276 2362 Neronem
295 2323 470 2374 positum
492 2324 531 2361 in
549 2322 651 2361 hanc
674 2325 934 2363 sententiam:
957 2324 1034 2364 No-

84 2387 124 2423 ta
153 2383 258 2437 quod
291 2383 360 2423 isti
385 2384 582 2424 Caesares
610 2384 867 2436 imperatores
895 2387 1036 2425 Roma-

80 2457 168 2484 nor.
207 2449 302 2485 sunt
331 2445 463 2485 Julius
502 2447 665 2486 Caesar.
690 2448 716 2486 2
740 2447 892 2487 Caesar
922 2448 1036 2486 Octa-

82 2506 230 2546 vianus
244 2508 270 2546 5
290 2506 468 2546 Tiberius
484 2509 509 2546 la
530 2507 573 2547 C.
596 2507 772 2559 Caliyola
796 2510 822 2548 5
840 2508 1032 2548 Claudius

81 2570 188 2608 Nero
210 2567 456 2607 maledictus.
478 2570 500 2607 6
523 2567 660 2607 Galba.
690 2569 714 2607 7
731 2571 814 2609 Otto
843 2572 884 2619 8,
908 2571 934 2609 9
955 2569 1036 2622 fuit

85 2629 261 2671 Vitellius
286 2630 337 2669 40
367 2629 642 2681 Vespasianus.
669 2632 714 2670 44
751 2631 869 2670 Titus.
893 2633 943 2673 42
958 2633 1033 2670 Do-

82 2692 288 2732 mitianus.
306 2691 324 2730 4
331 2691 356 2729 5
374 2691 518 2729 Nerva.
530 2692 579 2730 44
599 2691 805 2731 Traianus.
825 2694 872 2731 45
889 2692 1032 2731 Adria-

81 2766 170 2794 nus.
190 2755 241 2794 46
256 2755 419 2793 Marcus
435 2752 727 2792 Licinius.Nota
742 2753 846 2804 quocl
865 2752 915 2792 ab
939 2753 1030 2793 orbe

82 2815 237 2857 condita
257 2814 447 2855 Romulus
468 2813 652 2865 reynavit
664 2814 839 2865 primus,
861 2819 895 2854 et
913 2815 1032 2866 impo-

83 2879 165 2919 suit
185 2889 324 2918 nomen
348 2875 445 2916 Urbi
470 2877 494 2916 2
511 2877 642 2921 Numa
660 2876 885 2928 Pompilius.
901 2876 928 2915 5
945 2877 1033 2916 Tul-

83 2941 162 2981 lius
179 2939 383 2981 Hostilius.
399 2941 426 2979 4
446 2937 580 2978 Ancus
601 2938 782 2978 Martius,
811 2940 834 2976 5
868 2939 899 2976 T
895 2940 1033 2991 arqui-

25 3042 29 3047 ,
82 3002 175 3042 nius
198 3002 374 3042 Priscus.
396 3002 421 3041 6
441 2999 798 3040 TulliusServilius.
822 2999 847 3038 7
866 2999 1030 3051 Tarqui-

4 3092 5 3097 =
82 3065 173 3104 nius
208 3062 422 3116 superbus>
447 3063 487 3102 in
516 3074 629 3115 quem
645 3061 785 3114 defecit
809 3073 945 3100 nomen
959 3063 1031 3101 Re-

81 3138 195 3179 qum,
218 3125 290 3178 qui
315 3124 510 3179 expulsus
542 3124 622 3177 suit
651 3127 814 3177 propter
848 3127 1031 3175 stuprum

84 3188 290 3228 Lucretiae
318 3187 567 3228 commissum
611 3199 636 3225 a
675 3185 753 3238 filio
794 3197 864 3225 suo
908 3187 1029 3225 Serto

88 3250 311 3302 Tarquinio,
326 3250 462 3290 deinde
477 3249 605 3289 creati
621 3253 714 3289 sunt
731 3247 918 3295 consules,
936 3260 1030 3299 quo-

85 3323 177 3352 rum
194 3311 354 3364 primus
373 3311 455 3364 fuit
474 3313 634 3353 Brutus.
660 3312 712 3350 Et
725 3311 791 3351 lzoc
815 3310 1028 3350 secundum

2012 221 2087 263 195

1142 280 1304 319 Petrum
1326 282 1382 320 De
1403 280 1561 333 MuqliO.
1590 283 1662 322 Est
1684 285 1802 325 etiam
1826 286 1864 325 in
1889 288 2087 331 Freheria-

1140 352 1190 380 na
1211 342 1381 382 editione
1401 345 1630 395 saepissime
1649 351 1822 386 erratum
1846 349 1884 386 in
1910 354 2086 392 numeris

1138 415 1343 454 annorum,
1363 409 1459 455 quot
1478 406 1741 458 Imperatores
1773 417 1999 461 regnarunt.
2024 415 2086 454 En

1139 476 1280 504 unum:
1299 467 1461 506 Carolus
1490 469 1541 507 IV
1565 468 1778 520 imperavit
1795 471 1911 511 annis
1934 473 2082 526 viqinti.

1136 527 1193 566 Ita
1216 528 1453 568 Freheriana
1480 529 1598 568 editio
1621 536 1663 570 et
1686 533 1797 572 male.
1822 534 1978 585 Optime
2010 538 2085 577 Co-

1134 587 1210 627 dex
1249 594 1386 629 noster
1427 601 1517 629 cum
1558 590 1793 643 imperasset
1829 595 1944 636 annis
1973 596 2084 638 ultra

1133 650 1308 702 triyinta.

1182 712 1291 751 Idem
1311 716 1373 751 est
1392 714 1651 754 Benvenutus
1666 715 1714 754 de
1731 718 1861 767 Imola,
1885 720 2001 771 cujus
2013 734 2082 762 ex-

1127 774 1265 823 positio
1281 774 1320 811 in
1342 774 1540 813 Valerium
1559 777 1657 814 Max.
1679 777 1820 828 legitur
1836 781 1873 818 in
1889 783 1981 822 Cod.
2004 785 2080 824 380

1127 835 1246 873 latino
1268 835 1447 873 Biblioth.
1468 837 1657 888 Venetae,
1682 850 1727 877 ac
1763 846 1898 881 extare
1935 848 2080 895 pariter

1129 897 1167 933 in
1191 895 1285 934 Cod.
1309 896 1490 935 Biblioth.
1515 898 1762 939 Cathedralis
1781 903 1988 945 Patavinae
2004 913 2077 946 etc.

1128 959 1279 996 notavit
1299 957 1564 998 Thomasinus
1610 961 1649 998 in
1686 961 1924 1004 descritione
1951 966 2076 1016 ejusd.

1126 1019 1223 1058 Bibl.
1246 1020 1424 1071 Denique
1448 1023 1709 1063 Benvenutus
1745 1027 1819 1064 iste
1847 1026 2010 1078 digessit
2040 1032 2078 1068 in

1127 1081 1368 1121 comoediam
1393 1084 1530 1122 Dantis
1552 1088 1856 1126 commentarios
1885 1091 2079 1140 amplissi-

1127 1154 1214 1181 mos
1232 1155 1280 1182 ex
1304 1145 1448 1194 quibus
1478 1151 1664 1197 excerpta
1687 1148 1871 1188 historica
1898 1151 2077 1202 vulgavit

1125 1206 1361 1245 Muratorius
1385 1209 1567 1258 antiquit.
1588 1209 1686 1248 Med.
1711 1212 1798 1248 aevi
1821 1215 1849 1249 t.
1871 1213 1885 1250 l
1908 1224 1944 1263 p.
1964 1214 2078 1252 4029.

1180 1269 1253 1319 (34
1276 1268 1312 1306 Ε
1333 1267 1472 1308 volta-ti
1505 1269 1545 1308 in
1580 1270 1749 1309 Italiano
1773 1271 1825 1310 da
1849 1272 1930 1312 Gio.
1965 1275 2075 1314 Tam-

1126 1328 1270 1369 burim.
1291 1329 1416 1369 Imola
1440 1333 1541 1372 4855
1564 1333 1641 1371 vol.
1668 1334 1690 1371 3
1712 1334 1750 1372 in
1774 1334 1835 1382 8.)

1175 1393 1343 1432 BENTII
1360 1393 1564 1443 Chronica,
1586 1393 1765 1444 ejusdem
1787 1397 1826 1433 ni
1851 1396 1960 1435 fallor
1981 1409 2075 1437 cum

1121 1453 1368 1501 BENZONE,
1388 1453 1438 1493 de
1462 1466 1540 1505 quo
1564 1456 1675 1494 infra.

1173 1515 1497 1555 BENTIVENGA
1538 1515 1586 1554 de
1630 1518 1902 1569 Bentivengis‚
1932 1518 2067 1570 Aqua-

1121 1581 1334 1627 spartanus
1356 1577 1519 1626 Umber,
1558 1577 1650 1616 Ord.
1688 1579 1821 1617 Minor.
1851 1580 2069 1633 Episcopus

1123 1637 1358 1677 Tudertinus
1380 1639 1428 1678 ab
1451 1638 1524 1678 An.
1561 1640 1663 1680 4278
1683 1641 1903 1692 Episcopus
1928 1643 2069 1682 Cardi-

1116 1699 1219 1739 nalis
1239 1699 1478 1739 Albanensis
1498 1713 1626 1752 usque
1647 1702 1696 1741 ad
1715 1702 1760 1741 A.
1787 1705 1888 1743 4289
1926 1710 1965 1743 et
1999 1706 2069 1744 Pa-

1112 1774 1184 1813 pae
1206 1762 1348 1800 Nicolai
1374 1763 1426 1801 111
1454 1762 1576 1813 Major
1603 1766 1942 1805 Poenitentiarius.
1971 1767 2068 1806 Vide

1113 1823 1320 1875 Ughellum
1338 1827 1432 1862 tom.
1457 1825 1472 1862 Ι
1502 1836 1588 1876 pag.
1616 1826 1728 1865 4353.
1746 1828 1996 1868 Ciacconium
2025 1831 2066 1867 in

1109 1885 1343 1925 Pontificum
1363 1890 1403 1923 et
1423 1886 1689 1926 Cardinalium
1706 1887 1807 1927 Vitis
1829 1894 1922 1928 tom.
1940 1892 1955 1929 I
1975 1902 2061 1941 pag.

1111 1948 1180 1988 764
1207 1952 1248 1986 et
1272 1947 1541 1998 Waddingum
1562 1949 1822 1990 Bibliothecae
1838 1954 2062 1991 Francisca-

1112 2021 1253 2048 norum
1271 2021 1357 2060 pag.
1380 2011 1440 2048 53.
1462 2011 1529 2060 qui
1548 2009 1580 2060 ej
1589 2022 1635 2049 us
1657 2012 1862 2051 Sermones
1877 2013 1923 2052 ad
1941 2026 2061 2065 popu-

1112 2072 1194 2111 lum
1223 2071 1376 2110 habitos
1399 2076 1439 2110 et
1466 2071 1648 2112 Veritatis
1676 2074 1706 2111 T
1704 2073 1920 2126 lieolofyicae
1943 2077 1973 2115 V
1977 2077 2060 2115 olu-

1115 2144 1207 2171 men
1226 2138 1519 2172 commemorat.

1159 2194 1320 2234 BENZO
1341 2196 1561 2247 Episcopus
1584 2202 1674 2247 post
1696 2190 1770 2236 An.
1797 2199 1890 2238 4064
1923 2197 2056 2248 Albae,

1106 2258 1192 2295 sive
1212 2256 1416 2307 Albensis‚
1441 2258 1508 2308 qui
1531 2269 1575 2296 se
1596 2256 1785 2310 fratrem,
1809 2261 1847 2299 h.
1868 2273 1901 2300 e.
1921 2273 1970 2301 ex
1987 2263 2060 2301 Or-

1107 2319 1197 2357 dine
1231 2319 1570 2368 Praedicatorum‚
1608 2325 1648 2359 et
1680 2321 1862 2361 Caesaris
1897 2335 2061 2363 servum

1107 2384 1235 2419 vocat.
1260 2381 1496 2431 Quanquam
1513 2386 1552 2419 et
1569 2382 1652 2432 ipse
1676 2383 1844 2423 infestus
1865 2386 2060 2423 Pontifici-

1106 2442 1192 2491 bus,
1207 2447 1340 2481 tamen
1366 2454 1389 2480 a
1410 2442 1644 2483 BENNONE
1662 2445 2060 2484 I‘Iildebrandomasti-

1106 2515 1165 2553 ge,
1181 2503 1377 2551 diversus,
1395 2507 1439 2542 ut
1455 2508 1662 2543 ostensum
1681 2517 1703 2544 a
1717 2507 1801 2545 viro
1816 2507 2057 2545 nobilissimo

1102 2566 1160 2603 J0.
1182 2567 1298 2604 Petro
1321 2564 1506 2616 Ludewty
1527 2567 1565 2603 in
1589 2568 1708 2617 praef.
1734 2567 1782 2606 ad
1813 2572 1963 2606 tomum
1989 2579 2057 2605 no-

1104 2639 1201 2666 num
1224 2626 1479 2677 reliquiarum
1502 2628 1607 2666 MSS.
1632 2632 1672 2666 et
1695 2627 1950 2678 diplomatum
1974 2640 2056 2666 oni-

1105 2690 1166 2727 nis
1186 2689 1292 2736 aevi,
1317 2688 1467 2726 editum
1491 2689 1625 2727 Franc.
1653 2689 1745 2728 4731
1765 2719 1772 2736 ,
1797 2691 1831 2727 8.
1858 2691 1895 2727 in
1919 2702 1996 2740 quo
2017 2703 2053 2740 p.

1103 2749 1285 2791 274-446
1315 2749 1486 2799 primum
1511 2762 1553 2788 se
1574 2751 1817 2789 existimavit
1853 2752 1891 2789 in
1926 2752 2056 2790 lucem

1103 2811 1329 2864 protrahere
1344 2813 1431 2860 eJ'us
1449 2812 1524 2850 VII
1541 2811 1660 2851 libros
1672 2813 2054 2852 Commentariorum

1103 2874 1148 2913 cle
1171 2870 1292 2911 rebus
1311 2872 1554 2912 HenriciIII
1570 2875 1656 2924 (qui
1676 2875 1761 2913 aliis
1779 2876 1843 2923 lv)
1864 2875 1966 2914 iilius
1986 2877 2054 2925 qui

1103 2936 1204 2974 Patri
1215 2935 1380 2973 Henrieo
1395 2937 1588 2974 successit
1606 2938 1872 2987 quinquennis
1882 2936 1926 2975 Α.
1939 2939 1952 2975 4
1965 2938 2052 2976 056.

1105 2996 1182 3037 Sed
1197 2999 1288 3035 ante
1312 2995 1585 3048 Ludcwigium
1606 2998 1764 3037 eosdem
1782 2999 1885 3049 prior
1900 3004 1939 3037 et
1955 3000 2054 3037 mul-

1102 3060 1153 3096 tis
1176 3058 1271 3096 locis
1290 3057 1578 3098 emendatiores
1598 3060 1617 3082 *ἓ
1640 3059 1814 3099 ediderat
1828 3062 1936 3099 Joan.
1955 3062 2052 3099 Bur-

1102 3118 1272 3158 chardus
1316 3119 1568 3160 Menckenius
1612 3122 1630 3159 ἱ)
1661 3121 1872 3174 μακαρίτης
1900 3127 2005 3161 tomo
2035 3125 2049 3162 1

1102 3183 1338 3233 scriptorum
1367 3182 1689 3223 Germanicorum
1726 3196 1811 3235 pag.
1842 3184 2048 3224 958-1074

1156 3323 1169 3337 ·
1192 3322 1271 3354 Vide
1295 3326 1374 3357 Acta
1395 3324 1494 3358 Erud.
1521 3329 1580 3358 An.
1605 3325 1681 3359 1751
1708 3336 1781 3368 pag.
1806 3327 1867 3359 506
1888 3335 1955 3367 seq.
