<?xml version="1.0" encoding="UTF-8"?>
<!DOCTYPE html PUBLIC "-//W3C//DTD XHTML 1.0 Transitional//EN"
    "http://www.w3.org/TR/xhtml1/DTD/xhtml1-transitional.dtd">
<html xmlns="http://www.w3.org/1999/xhtml" xml:lang="en" lang="en">
 <head>
  <title>
</title>
<meta http-equiv="Content-Type" content="text/html;charset=utf-8" />
  <meta name='ocr-system' content='tesseract 3.04.00' />
  <meta name='ocr-capabilities' content='ocr_page ocr_carea ocr_par ocr_line ocrx_word'/>
</head>
<body>
  <div class='ocr_page' id='page_1' title='image "./bibliothecalatin01fabruoft_0062.png"; bbox 0 0 2500 4009; ppageno 0'>
   <div class='ocr_carea' id='block_1_1' title="bbox 407 248 2372 381">
    <p class='ocr_par' dir='ltr' id='par_1_1' title="bbox 407 248 2372 381">
     <span class='ocr_line' id='line_1_1' title="bbox 407 248 1486 294; baseline 0 -4"><span class='ocrx_word' id='word_1_1' title='bbox 407 267 431 294; x_wconf 62' lang='grc' dir='ltr'>τι</span> <span class='ocrx_word' id='word_1_2' title='bbox 1145 271 1148 276; x_wconf 95' lang='grc'><em>·</em></span> <span class='ocrx_word' id='word_1_3' title='bbox 1298 252 1346 292; x_wconf 67' lang='grc' dir='ltr'>,Ε</span> <span class='ocrx_word' id='word_1_4' title='bbox 1367 252 1395 291; x_wconf 78' lang='lat' dir='ltr'>G</span> <span class='ocrx_word' id='word_1_5' title='bbox 1421 251 1433 291; x_wconf 80' lang='lat' dir='ltr'>l</span> <span class='ocrx_word' id='word_1_6' title='bbox 1458 248 1486 290; x_wconf 79' lang='lat' dir='ltr'>L</span> 
     </span>
     <span class='ocr_line' id='line_1_2' title="bbox 408 264 2372 381; baseline -0.004 -6"><span class='ocrx_word' id='word_1_7' title='bbox 408 264 603 376; x_wconf 43' lang='lat' dir='ltr'>-RAEGIB</span> <span class='ocrx_word' id='word_1_8' title='bbox 630 336 712 372; x_wconf 81' lang='lat' dir='ltr'>sive</span> <span class='ocrx_word' id='word_1_9' title='bbox 734 330 885 375; x_wconf 63' lang='lat' dir='ltr'>lilt‘dL,</span> <span class='ocrx_word' id='word_1_10' title='bbox 907 323 1199 371; x_wconf 78' lang='lat' dir='ltr'>Benedictinus,</span> <span class='ocrx_word' id='word_1_11' title='bbox 1221 322 1351 361; x_wconf 78' lang='lat' dir='ltr'>Abbas</span> <span class='ocrx_word' id='word_1_12' title='bbox 1425 323 1622 362; x_wconf 81' lang='lat' dir='ltr'>vcrlucum</span> <span class='ocrx_word' id='word_1_13' title='bbox 1663 323 1870 375; x_wconf 82' lang='lat' dir='ltr'>Episcopi,</span> <span class='ocrx_word' id='word_1_14' title='bbox 1914 327 1982 363; x_wconf 84' lang='lat' dir='ltr'>aut</span> <span class='ocrx_word' id='word_1_15' title='bbox 2018 322 2372 381; x_wconf 76' lang='lat' dir='ltr'>Archi-Episcopi.)</span> 
     </span>
    </p>
   </div>
   <div class='ocr_carea' id='block_1_2' title="bbox 377 383 1349 3415">
    <p class='ocr_par' dir='ltr' id='par_1_2' title="bbox 377 383 1349 3415">
     <span class='ocr_line' id='line_1_3' title="bbox 400 383 1348 437; baseline -0.014 -2"><span class='ocrx_word' id='word_1_16' title='bbox 400 397 606 437; x_wconf 84' lang='lat' dir='ltr'>Fuldensis</span> <span class='ocrx_word' id='word_1_17' title='bbox 629 390 846 434; x_wconf 70' lang='lat' dir='ltr'>monasterii</span> <span class='ocrx_word' id='word_1_18' title='bbox 867 389 904 426; x_wconf 89' lang='lat' dir='ltr'>S.</span> <span class='ocrx_word' id='word_1_19' title='bbox 931 385 1144 425; x_wconf 86' lang='lat' dir='ltr'>Salvatoris</span> <span class='ocrx_word' id='word_1_20' title='bbox 1167 384 1215 423; x_wconf 86' lang='lat' dir='ltr'>ab</span> <span class='ocrx_word' id='word_1_21' title='bbox 1235 383 1348 422; x_wconf 77' lang='lat' dir='ltr'>Anno</span> 
     </span>
     <span class='ocr_line' id='line_1_4' title="bbox 398 445 1347 500; baseline -0.016 -3"><span class='ocrx_word' id='word_1_22' title='bbox 398 461 440 497; x_wconf 88' lang='lat' dir='ltr'>C.</span> <span class='ocrx_word' id='word_1_23' title='bbox 484 458 559 496; x_wconf 88' lang='grc'>808</span> <span class='ocrx_word' id='word_1_24' title='bbox 588 455 635 495; x_wconf 83' lang='lat' dir='ltr'>ad</span> <span class='ocrx_word' id='word_1_25' title='bbox 665 453 740 491; x_wconf 77' lang='grc'>822</span> <span class='ocrx_word' id='word_1_26' title='bbox 780 461 857 500; x_wconf 80' lang='lat' dir='ltr'>quo</span> <span class='ocrx_word' id='word_1_27' title='bbox 893 447 1105 487; x_wconf 78' lang='lat' dir='ltr'>defunctus</span> <span class='ocrx_word' id='word_1_28' title='bbox 1144 445 1347 484; x_wconf 83' lang='lat' dir='ltr'>Rabanum</span> 
     </span>
     <span class='ocr_line' id='line_1_5' title="bbox 398 507 1349 559; baseline -0.017 0"><span class='ocrx_word' id='word_1_29' title='bbox 398 522 572 559; x_wconf 78' lang='lat' dir='ltr'>Maurum</span> <span class='ocrx_word' id='word_1_30' title='bbox 614 522 883 553; x_wconf 72' lang='lat' dir='ltr'>successorem</span> <span class='ocrx_word' id='word_1_31' title='bbox 913 509 1061 549; x_wconf 79' lang='lat' dir='ltr'>habuit..</span> <span class='ocrx_word' id='word_1_32' title='bbox 1091 507 1279 558; x_wconf 80' lang='lat' dir='ltr'>Scripsit,</span> <span class='ocrx_word' id='word_1_33' title='bbox 1308 511 1349 545; x_wconf 80' lang='lat' dir='ltr'>et</span> 
     </span>
     <span class='ocr_line' id='line_1_6' title="bbox 399 569 1346 629; baseline -0.014 -10"><span class='ocrx_word' id='word_1_34' title='bbox 399 581 541 629; x_wconf 67' lang='lat' dir='ltr'>Virgini</span> <span class='ocrx_word' id='word_1_35' title='bbox 582 573 818 625; x_wconf 69' lang='lat' dir='ltr'>Augildruth</span> <span class='ocrx_word' id='word_1_36' title='bbox 859 572 1022 621; x_wconf 83' lang='lat' dir='ltr'>dicavit,</span> <span class='ocrx_word' id='word_1_37' title='bbox 1058 569 1346 619; x_wconf 80' lang='lat' dir='ltr'>fratribusque,</span> 
     </span>
     <span class='ocr_line' id='line_1_7' title="bbox 396 632 1347 684; baseline -0.012 -5"><span class='ocrx_word' id='word_1_38' title='bbox 396 647 497 679; x_wconf 80' lang='lat' dir='ltr'>teste</span> <span class='ocrx_word' id='word_1_39' title='bbox 520 636 711 684; x_wconf 88' lang='lat' dir='ltr'>Candido,</span> <span class='ocrx_word' id='word_1_40' title='bbox 736 635 784 674; x_wconf 86' lang='lat' dir='ltr'>ad</span> <span class='ocrx_word' id='word_1_41' title='bbox 809 645 986 673; x_wconf 86' lang='lat' dir='ltr'>mensam</span> <span class='ocrx_word' id='word_1_42' title='bbox 1013 632 1165 671; x_wconf 84' lang='lat' dir='ltr'>recitari</span> <span class='ocrx_word' id='word_1_43' title='bbox 1190 641 1347 682; x_wconf 84' lang='lat' dir='ltr'>praece-</span> 
     </span>
     <span class='ocr_line' id='line_1_8' title="bbox 395 693 1345 753; baseline -0.007 -16"><span class='ocrx_word' id='word_1_44' title='bbox 395 705 445 753; x_wconf 80' lang='lat' dir='ltr'>pit</span> <span class='ocrx_word' id='word_1_45' title='bbox 476 699 599 739; x_wconf 72' lang='lat' dir='ltr'>Vitam</span> <span class='ocrx_word' id='word_1_46' title='bbox 629 700 689 738; x_wconf 90' lang='lat' dir='ltr'>sui</span> <span class='ocrx_word' id='word_1_47' title='bbox 718 710 787 750; x_wconf 88' lang='lat' dir='ltr'>per</span> <span class='ocrx_word' id='word_1_48' title='bbox 814 697 887 736; x_wconf 83' lang='lat' dir='ltr'>XX</span> <span class='ocrx_word' id='word_1_49' title='bbox 918 706 1043 735; x_wconf 87' lang='lat' dir='ltr'>annos</span> <span class='ocrx_word' id='word_1_50' title='bbox 1082 693 1345 745; x_wconf 87' lang='lat' dir='ltr'>praeceptoris</span> 
     </span>
     <span class='ocr_line' id='line_1_9' title="bbox 392 755 1345 809; baseline -0.01 -6"><span class='ocrx_word' id='word_1_51' title='bbox 392 761 572 809; x_wconf 68' lang='lat' dir='ltr'>stur-inii.</span> <span class='ocrx_word' id='word_1_52' title='bbox 612 762 696 800; x_wconf 89' lang='lat' dir='ltr'>sive</span> <span class='ocrx_word' id='word_1_53' title='bbox 716 757 970 807; x_wconf 79' lang='lat' dir='ltr'>Sturmionis,</span> <span class='ocrx_word' id='word_1_54' title='bbox 989 755 1102 808; x_wconf 90' lang='lat' dir='ltr'>primi</span> <span class='ocrx_word' id='word_1_55' title='bbox 1122 755 1285 795; x_wconf 80' lang='lat' dir='ltr'>Abbatis</span> <span class='ocrx_word' id='word_1_56' title='bbox 1304 757 1345 793; x_wconf 88' lang='lat' dir='ltr'>et</span> 
     </span>
     <span class='ocr_line' id='line_1_10' title="bbox 394 817 1343 869; baseline -0.009 -5"><span class='ocrx_word' id='word_1_57' title='bbox 394 825 627 864; x_wconf 82' lang='lat' dir='ltr'>Fundatoris</span> <span class='ocrx_word' id='word_1_58' title='bbox 662 822 871 862; x_wconf 86' lang='lat' dir='ltr'>Fuldensis</span> <span class='ocrx_word' id='word_1_59' title='bbox 902 820 1091 867; x_wconf 88' lang='lat' dir='ltr'>coenobii,</span> <span class='ocrx_word' id='word_1_60' title='bbox 1134 818 1200 869; x_wconf 87' lang='lat' dir='ltr'>qui</span> <span class='ocrx_word' id='word_1_61' title='bbox 1230 817 1343 856; x_wconf 82' lang='lat' dir='ltr'>Anno</span> 
     </span>
     <span class='ocr_line' id='line_1_11' title="bbox 390 877 1341 935; baseline -0.011 -9"><span class='ocrx_word' id='word_1_62' title='bbox 390 887 467 926; x_wconf 89' lang='grc'>780</span> <span class='ocrx_word' id='word_1_63' title='bbox 497 891 600 925; x_wconf 85' lang='lat' dir='ltr'>teste</span> <span class='ocrx_word' id='word_1_64' title='bbox 630 886 850 935; x_wconf 70' lang='lat' dir='ltr'>sigeberto,</span> <span class='ocrx_word' id='word_1_65' title='bbox 879 887 941 922; x_wconf 86' lang='lat' dir='ltr'>cst</span> <span class='ocrx_word' id='word_1_66' title='bbox 969 882 1193 921; x_wconf 78' lang='lat' dir='ltr'>defunctus.</span> <span class='ocrx_word' id='word_1_67' title='bbox 1228 877 1341 930; x_wconf 81' lang='lat' dir='ltr'>Apud</span> 
     </span>
     <span class='ocr_line' id='line_1_12' title="bbox 389 944 1343 992; baseline -0.009 -4"><span class='ocrx_word' id='word_1_68' title='bbox 389 948 554 990; x_wconf 83' lang='lat' dir='ltr'>Surium</span> <span class='ocrx_word' id='word_1_69' title='bbox 576 948 625 987; x_wconf 92' lang='lat' dir='ltr'>ad</span> <span class='ocrx_word' id='word_1_70' title='bbox 649 948 696 987; x_wconf 85' lang='grc'>47</span> <span class='ocrx_word' id='word_1_71' title='bbox 726 945 928 986; x_wconf 83' lang='lat' dir='ltr'>Decembr.</span> <span class='ocrx_word' id='word_1_72' title='bbox 958 945 1058 983; x_wconf 82' lang='lat' dir='ltr'>lianc</span> <span class='ocrx_word' id='word_1_73' title='bbox 1086 944 1209 981; x_wconf 89' lang='lat' dir='ltr'>vitam</span> <span class='ocrx_word' id='word_1_74' title='bbox 1233 953 1343 992; x_wconf 83' lang='lat' dir='ltr'>repe—</span> 
     </span>
     <span class='ocr_line' id='line_1_13' title="bbox 389 1005 1343 1056; baseline -0.009 -6"><span class='ocrx_word' id='word_1_75' title='bbox 389 1013 453 1050; x_wconf 89' lang='lat' dir='ltr'>riri</span> <span class='ocrx_word' id='word_1_76' title='bbox 470 1011 603 1050; x_wconf 82' lang='lat' dir='ltr'>scribit</span> <span class='ocrx_word' id='word_1_77' title='bbox 619 1011 790 1050; x_wconf 85' lang='lat' dir='ltr'>Caveus:</span> <span class='ocrx_word' id='word_1_78' title='bbox 808 1007 877 1047; x_wconf 88' lang='lat' dir='ltr'>sed</span> <span class='ocrx_word' id='word_1_79' title='bbox 894 1008 1092 1045; x_wconf 87' lang='lat' dir='ltr'>incassum</span> <span class='ocrx_word' id='word_1_80' title='bbox 1110 1005 1343 1056; x_wconf 32' lang='lat' dir='ltr'>illamlquae-</span> 
     </span>
     <span class='ocr_line' id='line_1_14' title="bbox 388 1066 1341 1122; baseline -0.009 -10"><span class='ocrx_word' id='word_1_81' title='bbox 388 1074 546 1121; x_wconf 79' lang='lat' dir='ltr'>siveris,</span> <span class='ocrx_word' id='word_1_82' title='bbox 575 1073 649 1110; x_wconf 90' lang='lat' dir='ltr'>nisi</span> <span class='ocrx_word' id='word_1_83' title='bbox 679 1073 718 1110; x_wconf 90' lang='lat' dir='ltr'>in</span> <span class='ocrx_word' id='word_1_84' title='bbox 747 1074 946 1122; x_wconf 86' lang='lat' dir='ltr'>postrema</span> <span class='ocrx_word' id='word_1_85' title='bbox 975 1068 1209 1107; x_wconf 87' lang='lat' dir='ltr'>Sanctorum</span> <span class='ocrx_word' id='word_1_86' title='bbox 1239 1066 1341 1105; x_wconf 90' lang='lat' dir='ltr'>Surii</span> 
     </span>
     <span class='ocr_line' id='line_1_15' title="bbox 388 1127 1341 1185; baseline -0.007 -13"><span class='ocrx_word' id='word_1_87' title='bbox 388 1135 557 1174; x_wconf 76' lang='lat' dir='ltr'>editione</span> <span class='ocrx_word' id='word_1_88' title='bbox 570 1133 795 1185; x_wconf 82' lang='lat' dir='ltr'>Moguntina</span> <span class='ocrx_word' id='word_1_89' title='bbox 810 1130 904 1170; x_wconf 68' lang='lat' dir='ltr'>AnA</span> <span class='ocrx_word' id='word_1_90' title='bbox 915 1130 956 1169; x_wconf 88' lang='grc'>64</span> <span class='ocrx_word' id='word_1_91' title='bbox 968 1130 1057 1167; x_wconf 90' lang='grc'>8.-</span> <span class='ocrx_word' id='word_1_92' title='bbox 1067 1129 1222 1166; x_wconf 84' lang='lat' dir='ltr'>Primus</span> <span class='ocrx_word' id='word_1_93' title='bbox 1233 1127 1341 1166; x_wconf 85' lang='lat' dir='ltr'>eMS.</span> 
     </span>
     <span class='ocr_line' id='line_1_16' title="bbox 389 1189 1343 1248; baseline -0.008 -12"><span class='ocrx_word' id='word_1_94' title='bbox 389 1197 666 1248; x_wconf 80' lang='lat' dir='ltr'>Bambergensi</span> <span class='ocrx_word' id='word_1_95' title='bbox 689 1194 810 1234; x_wconf 86' lang='lat' dir='ltr'>edidit</span> <span class='ocrx_word' id='word_1_96' title='bbox 853 1189 1157 1243; x_wconf 71' lang='lat' dir='ltr'>Cleri&#39;stophorus</span> <span class='ocrx_word' id='word_1_97' title='bbox 1184 1190 1343 1228; x_wconf 71' lang='lat' dir='ltr'>Brome-</span> 
     </span>
     <span class='ocr_line' id='line_1_17' title="bbox 388 1251 1343 1299; baseline -0.008 -3"><span class='ocrx_word' id='word_1_98' title='bbox 388 1270 459 1299; x_wconf 67' lang='grc' dir='ltr'>νας</span> <span class='ocrx_word' id='word_1_99' title='bbox 483 1260 585 1297; x_wconf 90' lang='lat' dir='ltr'>inter</span> <span class='ocrx_word' id='word_1_100' title='bbox 607 1256 735 1296; x_wconf 86' lang='lat' dir='ltr'>sidera</span> <span class='ocrx_word' id='word_1_101' title='bbox 749 1254 961 1294; x_wconf 82' lang='lat' dir='ltr'>illustrium</span> <span class='ocrx_word' id='word_1_102' title='bbox 976 1257 1016 1291; x_wconf 91' lang='lat' dir='ltr'>et</span> <span class='ocrx_word' id='word_1_103' title='bbox 1035 1255 1262 1291; x_wconf 90' lang='lat' dir='ltr'>sanctorum</span> <span class='ocrx_word' id='word_1_104' title='bbox 1279 1251 1343 1290; x_wconf 91' lang='lat' dir='ltr'>Vi-</span> 
     </span>
     <span class='ocr_line' id='line_1_18' title="bbox 388 1313 1341 1371; baseline -0.007 -11"><span class='ocrx_word' id='word_1_105' title='bbox 388 1333 536 1368; x_wconf 84' lang='lat' dir='ltr'>rorum,</span> <span class='ocrx_word' id='word_1_106' title='bbox 564 1320 785 1371; x_wconf 79' lang='lat' dir='ltr'>Moguntiae</span> <span class='ocrx_word' id='word_1_107' title='bbox 815 1316 916 1356; x_wconf 90' lang='grc'>4646</span> <span class='ocrx_word' id='word_1_108' title='bbox 942 1315 975 1353; x_wconf 99' lang='grc'>4.</span> <span class='ocrx_word' id='word_1_109' title='bbox 996 1313 1144 1354; x_wconf 78' lang='lat' dir='ltr'>Deinde</span> <span class='ocrx_word' id='word_1_110' title='bbox 1171 1314 1341 1353; x_wconf 72' lang='lat' dir='ltr'>Ioannes</span> 
     </span>
     <span class='ocr_line' id='line_1_19' title="bbox 386 1376 1339 1425; baseline -0.007 -4"><span class='ocrx_word' id='word_1_111' title='bbox 386 1381 638 1421; x_wconf 68' lang='lat' dir='ltr'>mabillonius</span> <span class='ocrx_word' id='word_1_112' title='bbox 663 1379 827 1420; x_wconf 86' lang='lat' dir='ltr'>Saeculo</span> <span class='ocrx_word' id='word_1_113' title='bbox 853 1379 903 1418; x_wconf 90' lang='lat' dir='ltr'>IV</span> <span class='ocrx_word' id='word_1_114' title='bbox 926 1376 1166 1416; x_wconf 88' lang='lat' dir='ltr'>Benedictin.</span> <span class='ocrx_word' id='word_1_115' title='bbox 1183 1377 1296 1415; x_wconf 88' lang='lat' dir='ltr'>Parte</span> <span class='ocrx_word' id='word_1_116' title='bbox 1312 1377 1339 1425; x_wconf 93' lang='lat' dir='ltr'>I,</span> 
     </span>
     <span class='ocr_line' id='line_1_20' title="bbox 385 1438 1338 1495; baseline -0.007 -13"><span class='ocrx_word' id='word_1_117' title='bbox 385 1455 470 1495; x_wconf 79' lang='lat' dir='ltr'>pag.</span> <span class='ocrx_word' id='word_1_118' title='bbox 495 1443 572 1482; x_wconf 87' lang='grc'>266</span> <span class='ocrx_word' id='word_1_119' title='bbox 587 1444 655 1494; x_wconf 91' lang='lat' dir='ltr'>qui</span> <span class='ocrx_word' id='word_1_120' title='bbox 678 1453 763 1494; x_wconf 82' lang='lat' dir='ltr'>pag.</span> <span class='ocrx_word' id='word_1_121' title='bbox 781 1441 869 1480; x_wconf 82' lang='grc'>242.</span> <span class='ocrx_word' id='word_1_122' title='bbox 888 1438 1029 1489; x_wconf 75' lang='lat' dir='ltr'>AEgilis</span> <span class='ocrx_word' id='word_1_123' title='bbox 1044 1448 1200 1488; x_wconf 87' lang='lat' dir='ltr'>quoque</span> <span class='ocrx_word' id='word_1_124' title='bbox 1215 1439 1338 1476; x_wconf 85' lang='lat' dir='ltr'>vitam</span> 
     </span>
     <span class='ocr_line' id='line_1_21' title="bbox 383 1499 1338 1556; baseline -0.01 -11"><span class='ocrx_word' id='word_1_125' title='bbox 383 1519 405 1545; x_wconf 84' lang='lat' dir='ltr'>a</span> <span class='ocrx_word' id='word_1_126' title='bbox 430 1504 631 1556; x_wconf 76' lang='lat' dir='ltr'>Candido,</span> <span class='ocrx_word' id='word_1_127' title='bbox 653 1503 840 1544; x_wconf 87' lang='lat' dir='ltr'>Monacho</span> <span class='ocrx_word' id='word_1_128' title='bbox 873 1501 1084 1550; x_wconf 87' lang='lat' dir='ltr'>Fuldensi,</span> <span class='ocrx_word' id='word_1_129' title='bbox 1127 1499 1338 1551; x_wconf 80' lang='lat' dir='ltr'>scriptam,</span> 
     </span>
     <span class='ocr_line' id='line_1_22' title="bbox 384 1561 1336 1619; baseline -0.009 -11"><span class='ocrx_word' id='word_1_130' title='bbox 384 1573 471 1619; x_wconf 83' lang='lat' dir='ltr'>post</span> <span class='ocrx_word' id='word_1_131' title='bbox 490 1570 725 1607; x_wconf 86' lang='lat' dir='ltr'>Browerum</span> <span class='ocrx_word' id='word_1_132' title='bbox 744 1564 940 1616; x_wconf 84' lang='lat' dir='ltr'>adjunxit,</span> <span class='ocrx_word' id='word_1_133' title='bbox 962 1573 1034 1601; x_wconf 90' lang='lat' dir='ltr'>nec</span> <span class='ocrx_word' id='word_1_134' title='bbox 1052 1572 1128 1600; x_wconf 93' lang='lat' dir='ltr'>non</span> <span class='ocrx_word' id='word_1_135' title='bbox 1146 1572 1232 1612; x_wconf 82' lang='lat' dir='ltr'>pag.</span> <span class='ocrx_word' id='word_1_136' title='bbox 1247 1561 1336 1600; x_wconf 88' lang='grc'>260.</span> 
     </span>
     <span class='ocr_line' id='line_1_23' title="bbox 384 1623 1338 1682; baseline -0.007 -14"><span class='ocrx_word' id='word_1_137' title='bbox 384 1629 637 1682; x_wconf 77' lang='lat' dir='ltr'>Epitaphium</span> <span class='ocrx_word' id='word_1_138' title='bbox 653 1662 662 1678; x_wconf 77' lang='lat'>,</span> <span class='ocrx_word' id='word_1_139' title='bbox 685 1628 789 1680; x_wconf 85' lang='lat' dir='ltr'>quod</span> <span class='ocrx_word' id='word_1_140' title='bbox 810 1626 926 1677; x_wconf 81' lang='lat' dir='ltr'>AEgili</span> <span class='ocrx_word' id='word_1_141' title='bbox 941 1623 1114 1664; x_wconf 86' lang='lat' dir='ltr'>condidit</span> <span class='ocrx_word' id='word_1_142' title='bbox 1131 1634 1338 1663; x_wconf 75' lang='lat' dir='ltr'>successor</span> 
     </span>
     <span class='ocr_line' id='line_1_24' title="bbox 383 1686 1339 1739; baseline -0.009 -8"><span class='ocrx_word' id='word_1_143' title='bbox 383 1689 586 1739; x_wconf 82' lang='lat' dir='ltr'>Rabanus,</span> <span class='ocrx_word' id='word_1_144' title='bbox 610 1692 770 1731; x_wconf 88' lang='lat' dir='ltr'>obvium</span> <span class='ocrx_word' id='word_1_145' title='bbox 800 1689 919 1728; x_wconf 83' lang='lat' dir='ltr'>etiam</span> <span class='ocrx_word' id='word_1_146' title='bbox 949 1687 1050 1725; x_wconf 86' lang='lat' dir='ltr'>inter</span> <span class='ocrx_word' id='word_1_147' title='bbox 1076 1686 1221 1724; x_wconf 86' lang='lat' dir='ltr'>Rabani</span> <span class='ocrx_word' id='word_1_148' title='bbox 1248 1689 1339 1735; x_wconf 70' lang='lat' dir='ltr'>poe-</span> 
     </span>
     <span class='ocr_line' id='line_1_25' title="bbox 383 1746 1335 1802; baseline -0.007 -10"><span class='ocrx_word' id='word_1_149' title='bbox 383 1758 489 1792; x_wconf 89' lang='lat' dir='ltr'>mata</span> <span class='ocrx_word' id='word_1_150' title='bbox 509 1765 531 1793; x_wconf 88' lang='lat' dir='ltr'>a</span> <span class='ocrx_word' id='word_1_151' title='bbox 552 1756 739 1794; x_wconf 87' lang='lat' dir='ltr'>Browero</span> <span class='ocrx_word' id='word_1_152' title='bbox 759 1751 922 1802; x_wconf 80' lang='lat' dir='ltr'>vulgata</span> <span class='ocrx_word' id='word_1_153' title='bbox 943 1748 1163 1800; x_wconf 84' lang='lat' dir='ltr'>Moguntiae</span> <span class='ocrx_word' id='word_1_154' title='bbox 1187 1746 1288 1786; x_wconf 91' lang='grc'>4647</span> <span class='ocrx_word' id='word_1_155' title='bbox 1314 1747 1335 1785; x_wconf 91' lang='grc'>4</span> 
     </span>
     <span class='ocr_line' id='line_1_26' title="bbox 382 1809 1186 1867; baseline -0.007 -14"><span class='ocrx_word' id='word_1_156' title='bbox 382 1821 421 1853; x_wconf 88' lang='lat' dir='ltr'>et</span> <span class='ocrx_word' id='word_1_157' title='bbox 444 1820 538 1854; x_wconf 92' lang='lat' dir='ltr'>tom.</span> <span class='ocrx_word' id='word_1_158' title='bbox 563 1816 586 1853; x_wconf 90' lang='lat'>6</span> <span class='ocrx_word' id='word_1_159' title='bbox 609 1817 783 1867; x_wconf 90' lang='lat' dir='ltr'>Operum</span> <span class='ocrx_word' id='word_1_160' title='bbox 820 1812 966 1852; x_wconf 89' lang='lat' dir='ltr'>Rabani</span> <span class='ocrx_word' id='word_1_161' title='bbox 985 1822 1071 1863; x_wconf 81' lang='lat' dir='ltr'>pag.</span> <span class='ocrx_word' id='word_1_162' title='bbox 1097 1809 1186 1849; x_wconf 88' lang='grc'>229.</span> 
     </span>
     <span class='ocr_line' id='line_1_27' title="bbox 433 1869 1335 1925; baseline -0.011 -8"><span class='ocrx_word' id='word_1_163' title='bbox 433 1877 737 1925; x_wconf 86' lang='lat' dir='ltr'>AELFREDUS,</span> <span class='ocrx_word' id='word_1_164' title='bbox 766 1875 906 1914; x_wconf 85' lang='lat' dir='ltr'>Joanni</span> <span class='ocrx_word' id='word_1_165' title='bbox 934 1871 1104 1912; x_wconf 89' lang='lat' dir='ltr'>Lelando</span> <span class='ocrx_word' id='word_1_166' title='bbox 1133 1881 1216 1922; x_wconf 89' lang='lat' dir='ltr'>cap.</span> <span class='ocrx_word' id='word_1_167' title='bbox 1248 1869 1335 1909; x_wconf 92' lang='grc'>483.</span> 
     </span>
     <span class='ocr_line' id='line_1_28' title="bbox 381 1933 1338 1990; baseline -0.008 -11"><span class='ocrx_word' id='word_1_168' title='bbox 381 1938 576 1979; x_wconf 82' lang='lat' dir='ltr'>Alvredus</span> <span class='ocrx_word' id='word_1_169' title='bbox 598 1937 802 1990; x_wconf 73' lang='lat' dir='ltr'>Anylicus,</span> <span class='ocrx_word' id='word_1_170' title='bbox 824 1947 902 1988; x_wconf 90' lang='lat' dir='ltr'>quo</span> <span class='ocrx_word' id='word_1_171' title='bbox 925 1939 1045 1983; x_wconf 89' lang='lat' dir='ltr'>teste,</span> <span class='ocrx_word' id='word_1_172' title='bbox 1067 1935 1244 1985; x_wconf 80' lang='lat' dir='ltr'>Rogerus</span> <span class='ocrx_word' id='word_1_173' title='bbox 1266 1933 1338 1971; x_wconf 87' lang='lat' dir='ltr'>Ba-</span> 
     </span>
     <span class='ocr_line' id='line_1_29' title="bbox 381 1995 1336 2052; baseline -0.006 -13"><span class='ocrx_word' id='word_1_174' title='bbox 381 2013 469 2051; x_wconf 84' lang='lat' dir='ltr'>con,</span> <span class='ocrx_word' id='word_1_175' title='bbox 494 2004 560 2052; x_wconf 89' lang='lat' dir='ltr'>qui</span> <span class='ocrx_word' id='word_1_176' title='bbox 584 2001 658 2041; x_wconf 85' lang='lat' dir='ltr'>An.</span> <span class='ocrx_word' id='word_1_177' title='bbox 698 2001 800 2040; x_wconf 89' lang='grc'>4248</span> <span class='ocrx_word' id='word_1_178' title='bbox 827 1999 939 2047; x_wconf 89' lang='lat' dir='ltr'>obiit,</span> <span class='ocrx_word' id='word_1_179' title='bbox 963 1997 1058 2036; x_wconf 88' lang='lat' dir='ltr'>libro</span> <span class='ocrx_word' id='word_1_180' title='bbox 1081 1996 1130 2035; x_wconf 91' lang='lat' dir='ltr'>de</span> <span class='ocrx_word' id='word_1_181' title='bbox 1167 1995 1336 2035; x_wconf 89' lang='lat' dir='ltr'>utilitate</span> 
     </span>
     <span class='ocr_line' id='line_1_30' title="bbox 382 2057 1339 2115; baseline -0.009 -13"><span class='ocrx_word' id='word_1_182' title='bbox 382 2065 618 2115; x_wconf 83' lang='lat' dir='ltr'>linguarum,</span> <span class='ocrx_word' id='word_1_183' title='bbox 658 2063 764 2102; x_wconf 90' lang='lat' dir='ltr'>hunc</span> <span class='ocrx_word' id='word_1_184' title='bbox 805 2060 1030 2100; x_wconf 76' lang='lat' dir='ltr'>numeravit</span> <span class='ocrx_word' id='word_1_185' title='bbox 1058 2059 1160 2096; x_wconf 89' lang='lat' dir='ltr'>inter</span> <span class='ocrx_word' id='word_1_186' title='bbox 1188 2057 1339 2107; x_wconf 81' lang='lat' dir='ltr'>lingua-</span> 
     </span>
     <span class='ocr_line' id='line_1_31' title="bbox 383 2119 1333 2176; baseline -0.011 -11"><span class='ocrx_word' id='word_1_187' title='bbox 383 2138 470 2165; x_wconf 90' lang='lat' dir='ltr'>rum</span> <span class='ocrx_word' id='word_1_188' title='bbox 501 2126 709 2176; x_wconf 89' lang='lat' dir='ltr'>politarum</span> <span class='ocrx_word' id='word_1_189' title='bbox 746 2125 997 2173; x_wconf 70' lang='lat' dir='ltr'>interpretes,</span> <span class='ocrx_word' id='word_1_190' title='bbox 1021 2121 1088 2171; x_wconf 87' lang='lat' dir='ltr'>qui</span> <span class='ocrx_word' id='word_1_191' title='bbox 1118 2119 1270 2158; x_wconf 87' lang='lat' dir='ltr'>infinita</span> <span class='ocrx_word' id='word_1_192' title='bbox 1297 2119 1333 2155; x_wconf 92' lang='lat' dir='ltr'>in</span> 
     </span>
     <span class='ocr_line' id='line_1_32' title="bbox 383 2179 1335 2232; baseline -0.009 -6"><span class='ocrx_word' id='word_1_193' title='bbox 383 2189 565 2227; x_wconf 87' lang='lat' dir='ltr'>Latinum</span> <span class='ocrx_word' id='word_1_194' title='bbox 601 2188 903 2232; x_wconf 89' lang='lat' dir='ltr'>converterunt,</span> <span class='ocrx_word' id='word_1_195' title='bbox 927 2187 972 2222; x_wconf 89' lang='lat' dir='ltr'>ut</span> <span class='ocrx_word' id='word_1_196' title='bbox 1000 2183 1108 2221; x_wconf 81' lang='lat' dir='ltr'>fuere</span> <span class='ocrx_word' id='word_1_197' title='bbox 1136 2179 1335 2219; x_wconf 86' lang='lat' dir='ltr'>Gerardus</span> 
     </span>
     <span class='ocr_line' id='line_1_33' title="bbox 381 2241 1335 2297; baseline -0.009 -9"><span class='ocrx_word' id='word_1_198' title='bbox 381 2249 680 2297; x_wconf 77' lang='lat' dir='ltr'>Cremonensis,</span> <span class='ocrx_word' id='word_1_199' title='bbox 718 2246 878 2286; x_wconf 75' lang='lat' dir='ltr'>Micha&#39;el</span> <span class='ocrx_word' id='word_1_200' title='bbox 916 2246 1101 2291; x_wconf 83' lang='lat' dir='ltr'>Scottus,</span> <span class='ocrx_word' id='word_1_201' title='bbox 1137 2241 1335 2282; x_wconf 85' lang='lat' dir='ltr'>Alvredus</span> 
     </span>
     <span class='ocr_line' id='line_1_34' title="bbox 379 2304 1334 2362; baseline -0.012 -11"><span class='ocrx_word' id='word_1_202' title='bbox 379 2311 594 2362; x_wconf 76' lang='lat' dir='ltr'>Anglicus,</span> <span class='ocrx_word' id='word_1_203' title='bbox 618 2312 868 2350; x_wconf 82' lang='lat' dir='ltr'>llermannus</span> <span class='ocrx_word' id='word_1_204' title='bbox 891 2307 1146 2346; x_wconf 84' lang='lat' dir='ltr'>Alemannus.</span> <span class='ocrx_word' id='word_1_205' title='bbox 1169 2304 1334 2355; x_wconf 86' lang='lat' dir='ltr'>Scripsit</span> 
     </span>
     <span class='ocr_line' id='line_1_35' title="bbox 382 2366 1331 2420; baseline -0.012 -7"><span class='ocrx_word' id='word_1_206' title='bbox 382 2373 554 2413; x_wconf 85' lang='lat' dir='ltr'>libellum</span> <span class='ocrx_word' id='word_1_207' title='bbox 578 2372 624 2412; x_wconf 84' lang='lat' dir='ltr'>de</span> <span class='ocrx_word' id='word_1_208' title='bbox 644 2375 750 2411; x_wconf 86' lang='lat' dir='ltr'>motu</span> <span class='ocrx_word' id='word_1_209' title='bbox 771 2370 917 2417; x_wconf 85' lang='lat' dir='ltr'>cordis,</span> <span class='ocrx_word' id='word_1_210' title='bbox 941 2380 1060 2420; x_wconf 88' lang='lat' dir='ltr'>quem</span> <span class='ocrx_word' id='word_1_211' title='bbox 1083 2366 1182 2415; x_wconf 90' lang='lat' dir='ltr'>vidi,</span> <span class='ocrx_word' id='word_1_212' title='bbox 1203 2366 1331 2416; x_wconf 83' lang='lat' dir='ltr'>inquit</span> 
     </span>
     <span class='ocr_line' id='line_1_36' title="bbox 381 2428 1329 2486; baseline -0.009 -12"><span class='ocrx_word' id='word_1_213' title='bbox 381 2434 593 2484; x_wconf 70' lang='lat' dir='ltr'>Lelandus,</span> <span class='ocrx_word' id='word_1_214' title='bbox 613 2434 822 2486; x_wconf 87' lang='lat' dir='ltr'>aliquando</span> <span class='ocrx_word' id='word_1_215' title='bbox 846 2431 1007 2472; x_wconf 90' lang='lat' dir='ltr'>Londini</span> <span class='ocrx_word' id='word_1_216' title='bbox 1033 2432 1069 2469; x_wconf 87' lang='lat' dir='ltr'>in</span> <span class='ocrx_word' id='word_1_217' title='bbox 1091 2428 1329 2469; x_wconf 68' lang='lat' dir='ltr'>Bibliotheca</span> 
     </span>
     <span class='ocr_line' id='line_1_37' title="bbox 379 2491 1328 2541; baseline -0.009 -4"><span class='ocrx_word' id='word_1_218' title='bbox 379 2498 739 2541; x_wconf 80' lang='lat' dir='ltr'>Dominicanorum,</span> <span class='ocrx_word' id='word_1_219' title='bbox 764 2501 803 2534; x_wconf 85' lang='lat' dir='ltr'>et</span> <span class='ocrx_word' id='word_1_220' title='bbox 831 2497 1009 2535; x_wconf 86' lang='lat' dir='ltr'>Gvantae</span> <span class='ocrx_word' id='word_1_221' title='bbox 1037 2493 1260 2532; x_wconf 87' lang='lat' dir='ltr'>Girviorum</span> <span class='ocrx_word' id='word_1_222' title='bbox 1290 2491 1328 2528; x_wconf 92' lang='lat' dir='ltr'>in</span> 
     </span>
     <span class='ocr_line' id='line_1_38' title="bbox 379 2554 1332 2603; baseline -0.008 -4"><span class='ocrx_word' id='word_1_223' title='bbox 379 2560 613 2599; x_wconf 79' lang='lat' dir='ltr'>Bibliotheca</span> <span class='ocrx_word' id='word_1_224' title='bbox 630 2560 795 2599; x_wconf 79' lang='lat' dir='ltr'>Petrina.</span> <span class='ocrx_word' id='word_1_225' title='bbox 813 2558 907 2597; x_wconf 85' lang='lat' dir='ltr'>Erat</span> <span class='ocrx_word' id='word_1_226' title='bbox 923 2561 961 2595; x_wconf 82' lang='lat' dir='ltr'>et</span> <span class='ocrx_word' id='word_1_227' title='bbox 976 2555 1193 2595; x_wconf 83' lang='lat' dir='ltr'>Duroverni</span> <span class='ocrx_word' id='word_1_228' title='bbox 1216 2554 1332 2603; x_wconf 70' lang='lat' dir='ltr'>(Can-</span> 
     </span>
     <span class='ocr_line' id='line_1_39' title="bbox 380 2615 1333 2672; baseline -0.007 -12"><span class='ocrx_word' id='word_1_229' title='bbox 380 2623 542 2672; x_wconf 87' lang='lat' dir='ltr'>tuariae)</span> <span class='ocrx_word' id='word_1_230' title='bbox 567 2623 605 2661; x_wconf 93' lang='lat' dir='ltr'>in</span> <span class='ocrx_word' id='word_1_231' title='bbox 635 2622 871 2661; x_wconf 81' lang='lat' dir='ltr'>Bibliotheca</span> <span class='ocrx_word' id='word_1_232' title='bbox 897 2620 973 2659; x_wconf 88' lang='lat' dir='ltr'>fani</span> <span class='ocrx_word' id='word_1_233' title='bbox 999 2618 1236 2663; x_wconf 88' lang='lat' dir='ltr'>Servatoris,</span> <span class='ocrx_word' id='word_1_234' title='bbox 1265 2615 1333 2654; x_wconf 81' lang='lat' dir='ltr'>Al-</span> 
     </span>
     <span class='ocr_line' id='line_1_40' title="bbox 379 2679 1333 2732; baseline -0.007 -10"><span class='ocrx_word' id='word_1_235' title='bbox 379 2685 487 2724; x_wconf 84' lang='lat' dir='ltr'>vredi</span> <span class='ocrx_word' id='word_1_236' title='bbox 504 2685 658 2724; x_wconf 86' lang='lat' dir='ltr'>libellus</span> <span class='ocrx_word' id='word_1_237' title='bbox 672 2683 718 2723; x_wconf 86' lang='lat' dir='ltr'>dc</span> <span class='ocrx_word' id='word_1_238' title='bbox 733 2682 956 2722; x_wconf 76' lang='lat' dir='ltr'>educatione</span> <span class='ocrx_word' id='word_1_239' title='bbox 964 2679 1209 2732; x_wconf 77' lang='lat' dir='ltr'>accipitrum.</span> <span class='ocrx_word' id='word_1_240' title='bbox 1219 2680 1333 2717; x_wconf 89' lang='lat' dir='ltr'>Prae-</span> 
     </span>
     <span class='ocr_line' id='line_1_41' title="bbox 379 2740 1328 2797; baseline -0.006 -13"><span class='ocrx_word' id='word_1_241' title='bbox 379 2753 483 2786; x_wconf 75' lang='lat' dir='ltr'>terea</span> <span class='ocrx_word' id='word_1_242' title='bbox 518 2745 741 2786; x_wconf 84' lang='lat' dir='ltr'>Aristotelis</span> <span class='ocrx_word' id='word_1_243' title='bbox 775 2744 1016 2797; x_wconf 79' lang='lat' dir='ltr'>Vegetabilia</span> <span class='ocrx_word' id='word_1_244' title='bbox 1054 2742 1128 2793; x_wconf 82' lang='lat' dir='ltr'>(de</span> <span class='ocrx_word' id='word_1_245' title='bbox 1155 2740 1328 2794; x_wconf 79' lang='lat' dir='ltr'>plantis)</span> 
     </span>
     <span class='ocr_line' id='line_1_42' title="bbox 377 2807 1064 2848; baseline -0.004 -2"><span class='ocrx_word' id='word_1_246' title='bbox 377 2809 502 2847; x_wconf 86' lang='lat' dir='ltr'>doctis</span> <span class='ocrx_word' id='word_1_247' title='bbox 526 2808 740 2848; x_wconf 86' lang='lat' dir='ltr'>illustravit</span> <span class='ocrx_word' id='word_1_248' title='bbox 758 2807 1064 2847; x_wconf 86' lang='lat' dir='ltr'>commentariis.</span> 
     </span>
     <span class='ocr_line' id='line_1_43' title="bbox 433 2866 1330 2921; baseline -0.006 -13"><span class='ocrx_word' id='word_1_249' title='bbox 433 2871 734 2920; x_wconf 71' lang='lat' dir='ltr'>,²¹31.FREDUS,</span> <span class='ocrx_word' id='word_1_250' title='bbox 766 2868 1006 2921; x_wconf 79' lang='lat' dir='ltr'>Alphredus,</span> <span class='ocrx_word' id='word_1_251' title='bbox 1036 2866 1232 2907; x_wconf 66' lang='lat' dir='ltr'>silvei-clus</span> <span class='ocrx_word' id='word_1_252' title='bbox 1261 2867 1330 2905; x_wconf 89' lang='lat' dir='ltr'>Be-</span> 
     </span>
     <span class='ocr_line' id='line_1_44' title="bbox 379 2928 1331 2983; baseline -0.006 -12"><span class='ocrx_word' id='word_1_253' title='bbox 379 2933 637 2981; x_wconf 77' lang='lat' dir='ltr'>verlacensis,</span> <span class='ocrx_word' id='word_1_254' title='bbox 663 2932 863 2983; x_wconf 76' lang='lat' dir='ltr'>(Bevcrley</span> <span class='ocrx_word' id='word_1_255' title='bbox 886 2942 962 2969; x_wconf 92' lang='lat' dir='ltr'>non</span> <span class='ocrx_word' id='word_1_256' title='bbox 987 2930 1098 2980; x_wconf 77' lang='lat' dir='ltr'>longe</span> <span class='ocrx_word' id='word_1_257' title='bbox 1121 2929 1169 2967; x_wconf 84' lang='lat' dir='ltr'>ab</span> <span class='ocrx_word' id='word_1_258' title='bbox 1187 2928 1331 2967; x_wconf 87' lang='lat' dir='ltr'>Ebora-</span> 
     </span>
     <span class='ocr_line' id='line_1_45' title="bbox 377 2990 1329 3041; baseline -0.004 -10"><span class='ocrx_word' id='word_1_259' title='bbox 377 3005 439 3041; x_wconf 67' lang='lat' dir='ltr'>co,</span> <span class='ocrx_word' id='word_1_260' title='bbox 485 2994 675 3033; x_wconf 81' lang='lat' dir='ltr'>Sacerdos</span> <span class='ocrx_word' id='word_1_261' title='bbox 715 2999 754 3032; x_wconf 89' lang='lat' dir='ltr'>et</span> <span class='ocrx_word' id='word_1_262' title='bbox 789 2992 1089 3038; x_wconf 82' lang='lat' dir='ltr'>ThesaurariuS,</span> <span class='ocrx_word' id='word_1_263' title='bbox 1128 3002 1149 3028; x_wconf 90' lang='lat' dir='ltr'>a</span> <span class='ocrx_word' id='word_1_264' title='bbox 1192 2990 1329 3038; x_wconf 80' lang='lat' dir='ltr'>Baleo,</span> 
     </span>
     <span class='ocr_line' id='line_1_46' title="bbox 379 3050 1332 3103; baseline -0.003 -11"><span class='ocrx_word' id='word_1_265' title='bbox 379 3057 504 3093; x_wconf 77' lang='lat' dir='ltr'>Pitseo</span> <span class='ocrx_word' id='word_1_266' title='bbox 524 3060 563 3093; x_wconf 79' lang='lat' dir='ltr'>et</span> <span class='ocrx_word' id='word_1_267' title='bbox 583 3056 718 3094; x_wconf 81' lang='lat' dir='ltr'>Vossio</span> <span class='ocrx_word' id='word_1_268' title='bbox 733 3054 899 3094; x_wconf 86' lang='lat' dir='ltr'>traditur</span> <span class='ocrx_word' id='word_1_269' title='bbox 919 3053 1141 3103; x_wconf 79' lang='lat' dir='ltr'>scripsisse:</span> <span class='ocrx_word' id='word_1_270' title='bbox 1159 3050 1332 3102; x_wconf 81' lang='lat' dir='ltr'>Deslora-</span> 
     </span>
     <span class='ocr_line' id='line_1_47' title="bbox 379 3113 1330 3168; baseline 0 -17"><span class='ocrx_word' id='word_1_271' title='bbox 379 3116 495 3155; x_wconf 76' lang='lat' dir='ltr'>ti&#39;nnes</span> <span class='ocrx_word' id='word_1_272' title='bbox 525 3115 700 3168; x_wconf 83' lang='lat' dir='ltr'>Galfridi</span> <span class='ocrx_word' id='word_1_273' title='bbox 726 3114 837 3154; x_wconf 79' lang='lat' dir='ltr'>libris</span> <span class='ocrx_word' id='word_1_274' title='bbox 872 3115 908 3153; x_wconf 86' lang='lat' dir='ltr'>V.</span> <span class='ocrx_word' id='word_1_275' title='bbox 939 3115 993 3152; x_wconf 86' lang='lat' dir='ltr'>De</span> <span class='ocrx_word' id='word_1_276' title='bbox 1023 3113 1143 3164; x_wconf 73' lang='lat' dir='ltr'>{sestis</span> <span class='ocrx_word' id='word_1_277' title='bbox 1184 3115 1330 3165; x_wconf 70' lang='lat' dir='ltr'>Requm</span> 
     </span>
     <span class='ocr_line' id='line_1_48' title="bbox 378 3174 1326 3226; baseline -0.001 -12"><span class='ocrx_word' id='word_1_278' title='bbox 378 3178 605 3218; x_wconf 74' lang='lat' dir='ltr'>Britanniae</span> <span class='ocrx_word' id='word_1_279' title='bbox 625 3177 688 3217; x_wconf 81' lang='lat' dir='ltr'>lib.</span> <span class='ocrx_word' id='word_1_280' title='bbox 712 3179 740 3217; x_wconf 86' lang='lat' dir='ltr'>I.</span> <span class='ocrx_word' id='word_1_281' title='bbox 764 3175 979 3217; x_wconf 78' lang='lat' dir='ltr'>Historiam</span> <span class='ocrx_word' id='word_1_282' title='bbox 1007 3174 1235 3226; x_wconf 78' lang='lat' dir='ltr'>ampliorem</span> <span class='ocrx_word' id='word_1_283' title='bbox 1264 3175 1326 3214; x_wconf 84' lang='grc' dir='ltr'>ΙιἸ).</span> 
     </span>
     <span class='ocr_line' id='line_1_49' title="bbox 380 3236 1329 3286; baseline 0 -11"><span class='ocrx_word' id='word_1_284' title='bbox 380 3239 408 3275; x_wconf 89' lang='grc'>1.</span> <span class='ocrx_word' id='word_1_285' title='bbox 430 3243 465 3276; x_wconf 76' lang='lat' dir='ltr'>et</span> <span class='ocrx_word' id='word_1_286' title='bbox 492 3241 613 3279; x_wconf 80' lang='lat' dir='ltr'>Vitam</span> <span class='ocrx_word' id='word_1_287' title='bbox 636 3243 675 3281; x_wconf 90' lang='lat' dir='ltr'>S.</span> <span class='ocrx_word' id='word_1_288' title='bbox 698 3239 886 3279; x_wconf 77' lang='lat' dir='ltr'>Johanm‘s</span> <span class='ocrx_word' id='word_1_289' title='bbox 915 3236 1229 3286; x_wconf 62' lang='lat' dir='ltr'>never-lacensis,</span> <span class='ocrx_word' id='word_1_290' title='bbox 1259 3238 1329 3278; x_wconf 82' lang='lat' dir='ltr'>Ar-</span> 
     </span>
     <span class='ocr_line' id='line_1_50' title="bbox 379 3299 1327 3353; baseline 0 -15"><span class='ocrx_word' id='word_1_291' title='bbox 379 3300 609 3351; x_wconf 63' lang='lat' dir='ltr'>cha-piscopi</span> <span class='ocrx_word' id='word_1_292' title='bbox 643 3303 889 3353; x_wconf 80' lang='lat' dir='ltr'>(neutiquam</span> <span class='ocrx_word' id='word_1_293' title='bbox 932 3299 1253 3348; x_wconf 76' lang='lat' dir='ltr'>BeverlacensiS,</span> <span class='ocrx_word' id='word_1_294' title='bbox 1284 3305 1327 3339; x_wconf 92' lang='lat' dir='ltr'>ut</span> 
     </span>
     <span class='ocr_line' id='line_1_51' title="bbox 382 3362 1328 3415; baseline 0.002 -16"><span class='ocrx_word' id='word_1_295' title='bbox 382 3362 511 3400; x_wconf 66' lang='lat' dir='ltr'>scribit</span> <span class='ocrx_word' id='word_1_296' title='bbox 544 3364 727 3413; x_wconf 63' lang='lat' dir='ltr'>Vossius,</span> <span class='ocrx_word' id='word_1_297' title='bbox 750 3375 952 3415; x_wconf 83' lang='lat' dir='ltr'>nunquam</span> <span class='ocrx_word' id='word_1_298' title='bbox 982 3362 1084 3400; x_wconf 83' lang='lat' dir='ltr'>enim</span> <span class='ocrx_word' id='word_1_299' title='bbox 1117 3362 1229 3402; x_wconf 80' lang='lat' dir='ltr'>sedes</span> <span class='ocrx_word' id='word_1_300' title='bbox 1260 3365 1328 3403; x_wconf 81' lang='lat' dir='ltr'>Be-</span> 
     </span>
    </p>
   </div>
   <div class='ocr_carea' id='block_1_3' title="bbox 1419 384 2375 681">
    <p class='ocr_par' dir='ltr' id='par_1_3' title="bbox 1419 384 2375 681">
     <span class='ocr_line' id='line_1_52' title="bbox 1423 384 2372 439; baseline 0.007 -17"><span class='ocrx_word' id='word_1_301' title='bbox 1423 384 1633 424; x_wconf 86' lang='lat' dir='ltr'>Caeterum</span> <span class='ocrx_word' id='word_1_302' title='bbox 1662 386 1790 424; x_wconf 87' lang='lat' dir='ltr'>omnia</span> <span class='ocrx_word' id='word_1_303' title='bbox 1810 385 1872 424; x_wconf 86' lang='lat' dir='ltr'>illa</span> <span class='ocrx_word' id='word_1_304' title='bbox 1893 387 2036 437; x_wconf 89' lang='lat' dir='ltr'>scripta</span> <span class='ocrx_word' id='word_1_305' title='bbox 2065 389 2312 439; x_wconf 85' lang='lat' dir='ltr'>reperiuntur</span> <span class='ocrx_word' id='word_1_306' title='bbox 2334 391 2372 429; x_wconf 88' lang='lat' dir='ltr'>in</span> 
     </span>
     <span class='ocr_line' id='line_1_53' title="bbox 1422 444 2372 496; baseline 0.007 -12"><span class='ocrx_word' id='word_1_307' title='bbox 1422 444 1580 484; x_wconf 79' lang='lat' dir='ltr'>AElfredi</span> <span class='ocrx_word' id='word_1_308' title='bbox 1610 444 1728 496; x_wconf 88' lang='lat' dir='ltr'>hujus</span> <span class='ocrx_word' id='word_1_309' title='bbox 1746 445 1983 496; x_wconf 75' lang='lat' dir='ltr'>Annalibus,</span> <span class='ocrx_word' id='word_1_310' title='bbox 2013 448 2097 487; x_wconf 90' lang='lat' dir='ltr'>sive</span> <span class='ocrx_word' id='word_1_311' title='bbox 2120 448 2298 490; x_wconf 78' lang='lat' dir='ltr'>Historia</span> <span class='ocrx_word' id='word_1_312' title='bbox 2325 450 2372 490; x_wconf 75' lang='lat' dir='ltr'>de</span> 
     </span>
     <span class='ocr_line' id='line_1_54' title="bbox 1419 506 2373 564; baseline 0.008 -19"><span class='ocrx_word' id='word_1_313' title='bbox 1419 506 1538 557; x_wconf 65' lang='lat' dir='ltr'>qestis</span> <span class='ocrx_word' id='word_1_314' title='bbox 1566 506 1814 555; x_wconf 78' lang='lat' dir='ltr'>Britanniae,</span> <span class='ocrx_word' id='word_1_315' title='bbox 1835 507 1883 546; x_wconf 84' lang='lat' dir='ltr'>ab</span> <span class='ocrx_word' id='word_1_316' title='bbox 1906 507 2079 548; x_wconf 86' lang='lat' dir='ltr'>adventu</span> <span class='ocrx_word' id='word_1_317' title='bbox 2107 511 2217 550; x_wconf 90' lang='lat' dir='ltr'>Bruti</span> <span class='ocrx_word' id='word_1_318' title='bbox 2247 523 2373 564; x_wconf 83' lang='lat' dir='ltr'>usque.</span> 
     </span>
     <span class='ocr_line' id='line_1_55' title="bbox 1421 568 2374 620; baseline 0.006 -12"><span class='ocrx_word' id='word_1_319' title='bbox 1421 569 1468 608; x_wconf 88' lang='lat' dir='ltr'>ad</span> <span class='ocrx_word' id='word_1_320' title='bbox 1484 568 1529 608; x_wconf 88' lang='lat' dir='ltr'>A.</span> <span class='ocrx_word' id='word_1_321' title='bbox 1549 569 1593 608; x_wconf 90' lang='lat' dir='ltr'>C.</span> <span class='ocrx_word' id='word_1_322' title='bbox 1616 570 1716 608; x_wconf 85' lang='grc'>4429</span> <span class='ocrx_word' id='word_1_323' title='bbox 1738 568 1844 607; x_wconf 86' lang='lat' dir='ltr'>libris</span> <span class='ocrx_word' id='word_1_324' title='bbox 1866 570 1933 607; x_wconf 83' lang='lat' dir='ltr'>IX.</span> <span class='ocrx_word' id='word_1_325' title='bbox 1946 579 2065 620; x_wconf 84' lang='lat' dir='ltr'>quam</span> <span class='ocrx_word' id='word_1_326' title='bbox 2081 583 2102 610; x_wconf 88' lang='lat' dir='ltr'>e</span> <span class='ocrx_word' id='word_1_327' title='bbox 2117 572 2259 613; x_wconf 84' lang='lat' dir='ltr'>Codice</span> <span class='ocrx_word' id='word_1_328' title='bbox 2274 574 2374 614; x_wconf 87' lang='lat' dir='ltr'>Tho-</span> 
     </span>
     <span class='ocr_line' id='line_1_56' title="bbox 1421 629 2375 681; baseline 0.006 -12"><span class='ocrx_word' id='word_1_329' title='bbox 1421 643 1507 670; x_wconf 83' lang='lat' dir='ltr'>mae</span> <span class='ocrx_word' id='word_1_330' title='bbox 1539 631 1781 670; x_wconf 88' lang='lat' dir='ltr'>Rawlinsoni</span> <span class='ocrx_word' id='word_1_331' title='bbox 1824 629 2016 681; x_wconf 81' lang='lat' dir='ltr'>Armigeri</span> <span class='ocrx_word' id='word_1_332' title='bbox 2056 631 2176 672; x_wconf 86' lang='lat' dir='ltr'>edidit</span> <span class='ocrx_word' id='word_1_333' title='bbox 2205 633 2375 675; x_wconf 83' lang='lat' dir='ltr'>Thomas</span> 
     </span>
    </p>
   </div>
   <div class='ocr_carea' id='block_1_4' title="bbox 1419 691 2445 742">
    <p class='ocr_par' dir='ltr' id='par_1_4' title="bbox 1419 691 2445 742">
     <span class='ocr_line' id='line_1_57' title="bbox 1419 691 2445 742; baseline 0.007 -12"><span class='ocrx_word' id='word_1_334' title='bbox 1419 693 1582 731; x_wconf 84' lang='lat' dir='ltr'>llearne.</span> <span class='ocrx_word' id='word_1_335' title='bbox 1606 693 1731 732; x_wconf 87' lang='lat' dir='ltr'>Oxon.</span> <span class='ocrx_word' id='word_1_336' title='bbox 1749 691 1863 742; x_wconf 77' lang='grc'>4746,</span> <span class='ocrx_word' id='word_1_337' title='bbox 1887 693 1923 730; x_wconf 87' lang='grc'>8.</span> <span class='ocrx_word' id='word_1_338' title='bbox 1945 691 2040 731; x_wconf 90' lang='lat' dir='ltr'>Vide</span> <span class='ocrx_word' id='word_1_339' title='bbox 2067 692 2165 733; x_wconf 87' lang='lat' dir='ltr'>Acta</span> <span class='ocrx_word' id='word_1_340' title='bbox 2193 695 2374 736; x_wconf 86' lang='lat' dir='ltr'>Erudito—</span> <span class='ocrx_word' id='word_1_341' title='bbox 2442 713 2445 716; x_wconf 97' lang='lat'>·</span> 
     </span>
    </p>
   </div>
   <div class='ocr_carea' id='block_1_5' title="bbox 1399 753 2373 3156">
    <p class='ocr_par' dir='ltr' id='par_1_5' title="bbox 1419 753 1807 804">
     <span class='ocr_line' id='line_1_58' title="bbox 1419 753 1807 804; baseline 0.003 -13"><span class='ocrx_word' id='word_1_342' title='bbox 1419 765 1507 792; x_wconf 90' lang='lat' dir='ltr'>rum</span> <span class='ocrx_word' id='word_1_343' title='bbox 1538 753 1641 793; x_wconf 90' lang='grc'>4747</span> <span class='ocrx_word' id='word_1_344' title='bbox 1660 765 1696 804; x_wconf 90' lang='lat' dir='ltr'>p.</span> <span class='ocrx_word' id='word_1_345' title='bbox 1719 753 1807 792; x_wconf 85' lang='lat'>388.</span> 
     </span>
    </p>

    <p class='ocr_par' dir='ltr' id='par_1_6' title="bbox 1407 812 2373 2094">
     <span class='ocr_line' id='line_1_59' title="bbox 1470 812 2373 868; baseline 0.004 -14"><span class='ocrx_word' id='word_1_346' title='bbox 1470 812 1716 855; x_wconf 85' lang='lat' dir='ltr'>AELFREDU</span> <span class='ocrx_word' id='word_1_347' title='bbox 1719 815 1763 862; x_wconf 91' lang='lat' dir='ltr'>S,</span> <span class='ocrx_word' id='word_1_348' title='bbox 1782 814 1971 868; x_wconf 62' lang='lat' dir='ltr'>Alsiedus</span> <span class='ocrx_word' id='word_1_349' title='bbox 1980 847 1990 866; x_wconf 86' lang='lat'>,</span> <span class='ocrx_word' id='word_1_350' title='bbox 2006 814 2231 868; x_wconf 77' lang='lat' dir='ltr'>Alpliredus</span> <span class='ocrx_word' id='word_1_351' title='bbox 2245 850 2256 868; x_wconf 90' lang='lat'><em>‚</em></span> <span class='ocrx_word' id='word_1_352' title='bbox 2277 818 2373 858; x_wconf 77' lang='lat' dir='ltr'>Eat-</span> 
     </span>
     <span class='ocr_line' id='line_1_60' title="bbox 1414 875 2371 933; baseline 0.006 -18"><span class='ocrx_word' id='word_1_353' title='bbox 1414 876 1574 929; x_wconf 78' lang='lat' dir='ltr'>sridus,</span> <span class='ocrx_word' id='word_1_354' title='bbox 1623 875 1819 917; x_wconf 76' lang='lat' dir='ltr'>Atvredus</span> <span class='ocrx_word' id='word_1_355' title='bbox 1856 879 2040 930; x_wconf 85' lang='lat' dir='ltr'>Magnus,</span> <span class='ocrx_word' id='word_1_356' title='bbox 2086 878 2371 933; x_wconf 83' lang='lat' dir='ltr'>AEthelwolphi</span> 
     </span>
     <span class='ocr_line' id='line_1_61' title="bbox 1416 940 2373 992; baseline 0.003 -13"><span class='ocrx_word' id='word_1_357' title='bbox 1416 940 1726 979; x_wconf 88' lang='lat' dir='ltr'>Occidentalium</span> <span class='ocrx_word' id='word_1_358' title='bbox 1755 940 1955 979; x_wconf 87' lang='lat' dir='ltr'>Saxonum</span> <span class='ocrx_word' id='word_1_359' title='bbox 1991 941 2107 992; x_wconf 84' lang='lat' dir='ltr'>Regis</span> <span class='ocrx_word' id='word_1_360' title='bbox 2134 946 2302 992; x_wconf 88' lang='lat' dir='ltr'>quatuor</span> <span class='ocrx_word' id='word_1_361' title='bbox 2330 942 2373 981; x_wconf 85' lang='lat' dir='ltr'>fi-</span> 
     </span>
     <span class='ocr_line' id='line_1_62' title="bbox 1417 1000 2372 1056; baseline 0.003 -15"><span class='ocrx_word' id='word_1_362' title='bbox 1417 1003 1556 1041; x_wconf 88' lang='lat' dir='ltr'>liorum</span> <span class='ocrx_word' id='word_1_363' title='bbox 1572 1006 1666 1041; x_wconf 88' lang='lat' dir='ltr'>natu</span> <span class='ocrx_word' id='word_1_364' title='bbox 1683 1000 1889 1051; x_wconf 87' lang='lat' dir='ltr'>minimus,</span> <span class='ocrx_word' id='word_1_365' title='bbox 1911 1002 1993 1052; x_wconf 87' lang='lat' dir='ltr'>ipse</span> <span class='ocrx_word' id='word_1_366' title='bbox 2008 1001 2057 1040; x_wconf 86' lang='lat' dir='ltr'>ab</span> <span class='ocrx_word' id='word_1_367' title='bbox 2070 1001 2115 1041; x_wconf 85' lang='lat' dir='ltr'>A.</span> <span class='ocrx_word' id='word_1_368' title='bbox 2131 1003 2175 1042; x_wconf 92' lang='lat' dir='ltr'>C.</span> <span class='ocrx_word' id='word_1_369' title='bbox 2193 1003 2261 1044; x_wconf 90' lang='grc'>874</span> <span class='ocrx_word' id='word_1_370' title='bbox 2283 1009 2372 1056; x_wconf 88' lang='lat' dir='ltr'>post</span> 
     </span>
     <span class='ocr_line' id='line_1_63' title="bbox 1417 1062 2373 1112; baseline 0.002 -10"><span class='ocrx_word' id='word_1_371' title='bbox 1417 1069 1498 1102; x_wconf 88' lang='lat' dir='ltr'>tres</span> <span class='ocrx_word' id='word_1_372' title='bbox 1518 1064 1656 1103; x_wconf 84' lang='lat' dir='ltr'>fratres</span> <span class='ocrx_word' id='word_1_373' title='bbox 1671 1062 1878 1103; x_wconf 79' lang='lat' dir='ltr'>defunctos</span> <span class='ocrx_word' id='word_1_374' title='bbox 1891 1064 1993 1112; x_wconf 85' lang='lat' dir='ltr'>Rex,</span> <span class='ocrx_word' id='word_1_375' title='bbox 2013 1068 2054 1102; x_wconf 86' lang='lat' dir='ltr'>et</span> <span class='ocrx_word' id='word_1_376' title='bbox 2072 1062 2146 1103; x_wconf 89' lang='lat' dir='ltr'>An.</span> <span class='ocrx_word' id='word_1_377' title='bbox 2167 1066 2255 1104; x_wconf 79' lang='lat'>895.</span> <span class='ocrx_word' id='word_1_378' title='bbox 2270 1066 2373 1106; x_wconf 91' lang='lat' dir='ltr'>Con-</span> 
     </span>
     <span class='ocr_line' id='line_1_64' title="bbox 1416 1125 2371 1179; baseline 0.003 -15"><span class='ocrx_word' id='word_1_379' title='bbox 1416 1126 1517 1165; x_wconf 91' lang='lat' dir='ltr'>ditor</span> <span class='ocrx_word' id='word_1_380' title='bbox 1536 1125 1767 1165; x_wconf 79' lang='lat' dir='ltr'>Academiae</span> <span class='ocrx_word' id='word_1_381' title='bbox 1776 1126 2031 1174; x_wconf 88' lang='lat' dir='ltr'>Oxoniensis,</span> <span class='ocrx_word' id='word_1_382' title='bbox 2052 1125 2072 1149; x_wconf 63' lang='lat'>*⁶</span> <span class='ocrx_word' id='word_1_383' title='bbox 2091 1127 2238 1166; x_wconf 91' lang='lat' dir='ltr'>virtute</span> <span class='ocrx_word' id='word_1_384' title='bbox 2253 1131 2371 1179; x_wconf 87' lang='lat' dir='ltr'>atque</span> 
     </span>
     <span class='ocr_line' id='line_1_65' title="bbox 1416 1186 2369 1236; baseline 0.001 -9"><span class='ocrx_word' id='word_1_385' title='bbox 1416 1187 1633 1227; x_wconf 81' lang='lat' dir='ltr'>eruditione</span> <span class='ocrx_word' id='word_1_386' title='bbox 1653 1187 1915 1236; x_wconf 86' lang='lat' dir='ltr'>admirabilis,</span> <span class='ocrx_word' id='word_1_387' title='bbox 1935 1186 2040 1227; x_wconf 90' lang='lat' dir='ltr'>diem</span> <span class='ocrx_word' id='word_1_388' title='bbox 2059 1188 2151 1227; x_wconf 89' lang='lat' dir='ltr'>obiit</span> <span class='ocrx_word' id='word_1_389' title='bbox 2178 1186 2252 1228; x_wconf 86' lang='lat' dir='ltr'>An.</span> <span class='ocrx_word' id='word_1_390' title='bbox 2281 1190 2369 1228; x_wconf 89' lang='grc'>900.</span> 
     </span>
     <span class='ocr_line' id='line_1_66' title="bbox 1415 1249 2371 1302; baseline 0.002 -13"><span class='ocrx_word' id='word_1_391' title='bbox 1415 1251 1494 1289; x_wconf 86' lang='lat' dir='ltr'>Hoc</span> <span class='ocrx_word' id='word_1_392' title='bbox 1513 1249 1596 1288; x_wconf 89' lang='lat' dir='ltr'>loco</span> <span class='ocrx_word' id='word_1_393' title='bbox 1617 1260 1639 1288; x_wconf 87' lang='lat' dir='ltr'>a</span> <span class='ocrx_word' id='word_1_394' title='bbox 1659 1260 1722 1287; x_wconf 90' lang='lat' dir='ltr'>me</span> <span class='ocrx_word' id='word_1_395' title='bbox 1742 1261 1819 1288; x_wconf 90' lang='lat' dir='ltr'>non</span> <span class='ocrx_word' id='word_1_396' title='bbox 1840 1253 1902 1288; x_wconf 85' lang='lat' dir='ltr'>est</span> <span class='ocrx_word' id='word_1_397' title='bbox 1921 1250 2250 1301; x_wconf 84' lang='lat' dir='ltr'>praetereundus,</span> <span class='ocrx_word' id='word_1_398' title='bbox 2279 1252 2371 1302; x_wconf 91' lang='lat' dir='ltr'>quia</span> 
     </span>
     <span class='ocr_line' id='line_1_67' title="bbox 1414 1312 2370 1353; baseline 0.003 -3"><span class='ocrx_word' id='word_1_399' title='bbox 1414 1312 1539 1350; x_wconf 87' lang='lat' dir='ltr'>multa</span> <span class='ocrx_word' id='word_1_400' title='bbox 1558 1323 1607 1350; x_wconf 83' lang='lat' dir='ltr'>ex</span> <span class='ocrx_word' id='word_1_401' title='bbox 1633 1312 1780 1350; x_wconf 89' lang='lat' dir='ltr'>Latinis</span> <span class='ocrx_word' id='word_1_402' title='bbox 1803 1313 1923 1350; x_wconf 90' lang='lat' dir='ltr'>vertit</span> <span class='ocrx_word' id='word_1_403' title='bbox 1952 1313 2143 1353; x_wconf 77' lang='lat' dir='ltr'>Saxonice</span> <span class='ocrx_word' id='word_1_404' title='bbox 2172 1312 2370 1353; x_wconf 71' lang='lat' dir='ltr'>Boethium</span> 
     </span>
     <span class='ocr_line' id='line_1_68' title="bbox 1414 1373 2373 1425; baseline 0.002 -13"><span class='ocrx_word' id='word_1_405' title='bbox 1414 1374 1462 1412; x_wconf 84' lang='lat' dir='ltr'>de</span> <span class='ocrx_word' id='word_1_406' title='bbox 1473 1374 1747 1413; x_wconf 83' lang='lat' dir='ltr'>Consolatione</span> <span class='ocrx_word' id='word_1_407' title='bbox 1764 1373 2045 1425; x_wconf 87' lang='lat' dir='ltr'>Philosophiae,</span> <span class='ocrx_word' id='word_1_408' title='bbox 2059 1373 2209 1414; x_wconf 90' lang='lat' dir='ltr'>editum</span> <span class='ocrx_word' id='word_1_409' title='bbox 2225 1386 2247 1415; x_wconf 89' lang='lat' dir='ltr'>a</span> <span class='ocrx_word' id='word_1_410' title='bbox 2260 1375 2373 1414; x_wconf 85' lang='lat' dir='ltr'>Chri-</span> 
     </span>
     <span class='ocr_line' id='line_1_69' title="bbox 1414 1435 2371 1487; baseline 0.003 -13"><span class='ocrx_word' id='word_1_411' title='bbox 1414 1435 1598 1487; x_wconf 91' lang='lat' dir='ltr'>stophoro</span> <span class='ocrx_word' id='word_1_412' title='bbox 1620 1435 1868 1484; x_wconf 84' lang='lat' dir='ltr'>Rawlinson,</span> <span class='ocrx_word' id='word_1_413' title='bbox 1889 1436 2013 1475; x_wconf 85' lang='lat' dir='ltr'>Oxon.</span> <span class='ocrx_word' id='word_1_414' title='bbox 2037 1437 2151 1487; x_wconf 86' lang='grc'>4698,</span> <span class='ocrx_word' id='word_1_415' title='bbox 2179 1435 2214 1475; x_wconf 90' lang='grc'>4.</span> <span class='ocrx_word' id='word_1_416' title='bbox 2242 1436 2371 1477; x_wconf 75' lang='lat' dir='ltr'>Reduc</span> 
     </span>
     <span class='ocr_line' id='line_1_70' title="bbox 1413 1496 2367 1550; baseline 0.003 -14"><span class='ocrx_word' id='word_1_417' title='bbox 1413 1497 1947 1536; x_wconf 84' lang='lat' dir='ltr'>HistoriamEcclesiasticam</span> <span class='ocrx_word' id='word_1_418' title='bbox 1962 1496 2232 1548; x_wconf 81' lang='lat' dir='ltr'>Anglicanam,</span> <span class='ocrx_word' id='word_1_419' title='bbox 2249 1510 2367 1550; x_wconf 90' lang='lat' dir='ltr'>quam</span> 
     </span>
     <span class='ocr_line' id='line_1_71' title="bbox 1412 1557 2366 1613; baseline 0.004 -17"><span class='ocrx_word' id='word_1_420' title='bbox 1412 1559 1590 1609; x_wconf 80' lang='lat' dir='ltr'>vulgavit</span> <span class='ocrx_word' id='word_1_421' title='bbox 1608 1557 1856 1598; x_wconf 82' lang='lat' dir='ltr'>Abrahamus</span> <span class='ocrx_word' id='word_1_422' title='bbox 1884 1559 2119 1608; x_wconf 90' lang='lat' dir='ltr'>Whelocus,</span> <span class='ocrx_word' id='word_1_423' title='bbox 2143 1559 2366 1613; x_wconf 84' lang='lat' dir='ltr'>Cantabrig.</span> 
     </span>
     <span class='ocr_line' id='line_1_72' title="bbox 1411 1620 2369 1672; baseline 0.002 -13"><span class='ocrx_word' id='word_1_424' title='bbox 1411 1621 1512 1660; x_wconf 89' lang='grc'>4644</span> <span class='ocrx_word' id='word_1_425' title='bbox 1533 1621 1595 1660; x_wconf 81' lang='lat' dir='ltr'>fol.</span> <span class='ocrx_word' id='word_1_426' title='bbox 1621 1625 1738 1672; x_wconf 88' lang='lat' dir='ltr'>atque</span> <span class='ocrx_word' id='word_1_427' title='bbox 1756 1621 1900 1660; x_wconf 87' lang='lat' dir='ltr'>inedita</span> <span class='ocrx_word' id='word_1_428' title='bbox 1918 1620 2046 1660; x_wconf 88' lang='lat' dir='ltr'>adhuc</span> <span class='ocrx_word' id='word_1_429' title='bbox 2063 1620 2256 1671; x_wconf 79' lang='lat' dir='ltr'>Orosium,</span> <span class='ocrx_word' id='word_1_430' title='bbox 2273 1622 2369 1662; x_wconf 81' lang='lat' dir='ltr'>Gre-</span> 
     </span>
     <span class='ocr_line' id='line_1_73' title="bbox 1407 1682 2367 1734; baseline 0.003 -13"><span class='ocrx_word' id='word_1_431' title='bbox 1407 1682 1514 1734; x_wconf 79' lang='lat' dir='ltr'>9orii</span> <span class='ocrx_word' id='word_1_432' title='bbox 1529 1683 1579 1723; x_wconf 84' lang='lat' dir='ltr'>M.</span> <span class='ocrx_word' id='word_1_433' title='bbox 1602 1683 1817 1731; x_wconf 80' lang='lat' dir='ltr'>Pastorale,</span> <span class='ocrx_word' id='word_1_434' title='bbox 1833 1682 1881 1721; x_wconf 86' lang='lat' dir='ltr'>de</span> <span class='ocrx_word' id='word_1_435' title='bbox 1904 1683 2047 1734; x_wconf 90' lang='lat' dir='ltr'>quibus</span> <span class='ocrx_word' id='word_1_436' title='bbox 2069 1682 2160 1722; x_wconf 87' lang='lat' dir='ltr'>vide</span> <span class='ocrx_word' id='word_1_437' title='bbox 2178 1683 2367 1734; x_wconf 90' lang='lat' dir='ltr'>Caveum,</span> 
     </span>
     <span class='ocr_line' id='line_1_74' title="bbox 1411 1744 2366 1797; baseline 0.002 -13"><span class='ocrx_word' id='word_1_438' title='bbox 1411 1746 1477 1796; x_wconf 87' lang='lat' dir='ltr'>qui</span> <span class='ocrx_word' id='word_1_439' title='bbox 1492 1745 1610 1784; x_wconf 88' lang='lat' dir='ltr'>etiam</span> <span class='ocrx_word' id='word_1_440' title='bbox 1626 1744 1847 1784; x_wconf 72' lang='lat' dir='ltr'>Historiam</span> <span class='ocrx_word' id='word_1_441' title='bbox 1862 1746 2009 1796; x_wconf 70' lang='lat' dir='ltr'>Requm</span> <span class='ocrx_word' id='word_1_442' title='bbox 2028 1746 2366 1797; x_wconf 63' lang='lat' dir='ltr'>West-Saoeomtze,</span> 
     </span>
     <span class='ocr_line' id='line_1_75' title="bbox 1410 1806 2368 1858; baseline 0.003 -13"><span class='ocrx_word' id='word_1_443' title='bbox 1410 1806 1458 1845; x_wconf 89' lang='lat' dir='ltr'>ab</span> <span class='ocrx_word' id='word_1_444' title='bbox 1486 1806 1644 1845; x_wconf 85' lang='lat' dir='ltr'>AElfrico</span> <span class='ocrx_word' id='word_1_445' title='bbox 1668 1808 1853 1858; x_wconf 84' lang='lat' dir='ltr'>scriptam</span> <span class='ocrx_word' id='word_1_446' title='bbox 1875 1811 2157 1846; x_wconf 87' lang='lat' dir='ltr'>commemorat</span> <span class='ocrx_word' id='word_1_447' title='bbox 2178 1808 2368 1848; x_wconf 77' lang='lat' dir='ltr'>Saxonice</span> 
     </span>
     <span class='ocr_line' id='line_1_76' title="bbox 1410 1867 2367 1910; baseline 0.004 -4"><span class='ocrx_word' id='word_1_448' title='bbox 1410 1872 1450 1906; x_wconf 85' lang='lat' dir='ltr'>et</span> <span class='ocrx_word' id='word_1_449' title='bbox 1473 1869 1619 1908; x_wconf 88' lang='lat' dir='ltr'>Latine.</span> <span class='ocrx_word' id='word_1_450' title='bbox 1649 1869 1764 1908; x_wconf 91' lang='lat' dir='ltr'>Plura</span> <span class='ocrx_word' id='word_1_451' title='bbox 1794 1868 1842 1907; x_wconf 91' lang='lat' dir='ltr'>de</span> <span class='ocrx_word' id='word_1_452' title='bbox 1871 1868 1944 1907; x_wconf 89' lang='lat' dir='ltr'>hoc</span> <span class='ocrx_word' id='word_1_453' title='bbox 1971 1867 2144 1908; x_wconf 83' lang='lat' dir='ltr'>AElfredo</span> <span class='ocrx_word' id='word_1_454' title='bbox 2173 1869 2367 1910; x_wconf 90' lang='lat' dir='ltr'>Lelandus</span> 
     </span>
     <span class='ocr_line' id='line_1_77' title="bbox 1409 1929 2369 1982; baseline 0.002 -12"><span class='ocrx_word' id='word_1_455' title='bbox 1409 1942 1492 1982; x_wconf 84' lang='lat' dir='ltr'>cap.</span> <span class='ocrx_word' id='word_1_456' title='bbox 1519 1933 1593 1971; x_wconf 82' lang='grc'>445</span> <span class='ocrx_word' id='word_1_457' title='bbox 1613 1932 1679 1982; x_wconf 83' lang='lat' dir='ltr'>qui</span> <span class='ocrx_word' id='word_1_458' title='bbox 1699 1942 1763 1970; x_wconf 91' lang='lat' dir='ltr'>res</span> <span class='ocrx_word' id='word_1_459' title='bbox 1784 1936 1916 1982; x_wconf 79' lang='lat' dir='ltr'>gestas</span> <span class='ocrx_word' id='word_1_460' title='bbox 1939 1929 2026 1981; x_wconf 86' lang='lat' dir='ltr'>ejus</span> <span class='ocrx_word' id='word_1_461' title='bbox 2048 1929 2097 1970; x_wconf 89' lang='lat' dir='ltr'>ab</span> <span class='ocrx_word' id='word_1_462' title='bbox 2115 1929 2276 1971; x_wconf 79' lang='lat' dir='ltr'>Asseria</span> <span class='ocrx_word' id='word_1_463' title='bbox 2292 1933 2369 1972; x_wconf 88' lang='lat' dir='ltr'>Me-</span> 
     </span>
     <span class='ocr_line' id='line_1_78' title="bbox 1409 1991 2366 2045; baseline 0.003 -15"><span class='ocrx_word' id='word_1_464' title='bbox 1409 1993 1573 2031; x_wconf 86' lang='lat' dir='ltr'>nevensi</span> <span class='ocrx_word' id='word_1_465' title='bbox 1602 1993 1778 2032; x_wconf 85' lang='lat' dir='ltr'>familiari</span> <span class='ocrx_word' id='word_1_466' title='bbox 1806 1991 1892 2042; x_wconf 78' lang='lat' dir='ltr'>ejus</span> <span class='ocrx_word' id='word_1_467' title='bbox 1920 1997 2101 2032; x_wconf 87' lang='lat' dir='ltr'>accurate</span> <span class='ocrx_word' id='word_1_468' title='bbox 2129 1995 2366 2045; x_wconf 86' lang='lat' dir='ltr'>perscriptas</span> 
     </span>
     <span class='ocr_line' id='line_1_79' title="bbox 1407 2052 2300 2094; baseline 0.003 -3"><span class='ocrx_word' id='word_1_469' title='bbox 1407 2058 1587 2092; x_wconf 88' lang='lat' dir='ltr'>testatur.</span> <span class='ocrx_word' id='word_1_470' title='bbox 1618 2055 1673 2091; x_wconf 89' lang='lat' dir='ltr'>De</span> <span class='ocrx_word' id='word_1_471' title='bbox 1701 2052 1860 2091; x_wconf 85' lang='lat' dir='ltr'>Asserio</span> <span class='ocrx_word' id='word_1_472' title='bbox 1883 2052 1956 2091; x_wconf 89' lang='lat' dir='ltr'>hoc</span> <span class='ocrx_word' id='word_1_473' title='bbox 1979 2053 2077 2092; x_wconf 79' lang='lat' dir='ltr'>infra</span> <span class='ocrx_word' id='word_1_474' title='bbox 2106 2064 2178 2092; x_wconf 89' lang='lat' dir='ltr'>suo</span> <span class='ocrx_word' id='word_1_475' title='bbox 2206 2054 2300 2094; x_wconf 92' lang='lat' dir='ltr'>loco.</span> 
     </span>
    </p>

    <p class='ocr_par' dir='ltr' id='par_1_7' title="bbox 1399 2112 2362 3156">
     <span class='ocr_line' id='line_1_80' title="bbox 1459 2112 2362 2167; baseline 0.003 -14"><span class='ocrx_word' id='word_1_476' title='bbox 1459 2115 1650 2154; x_wconf 85' lang='lat' dir='ltr'>AELFRIC</span> <span class='ocrx_word' id='word_1_477' title='bbox 1659 2115 1737 2160; x_wconf 86' lang='lat' dir='ltr'>US,</span> <span class='ocrx_word' id='word_1_478' title='bbox 1757 2112 1952 2165; x_wconf 80' lang='lat' dir='ltr'>Elfricus,</span> <span class='ocrx_word' id='word_1_479' title='bbox 1974 2114 2058 2153; x_wconf 84' lang='lat' dir='ltr'>sive</span> <span class='ocrx_word' id='word_1_480' title='bbox 2079 2112 2270 2167; x_wconf 82' lang='lat' dir='ltr'>Alfricus,</span> <span class='ocrx_word' id='word_1_481' title='bbox 2288 2117 2362 2156; x_wconf 91' lang='lat' dir='ltr'>Do—</span> 
     </span>
     <span class='ocr_line' id='line_1_81' title="bbox 1406 2174 2362 2229; baseline 0.002 -14"><span class='ocrx_word' id='word_1_482' title='bbox 1406 2177 1649 2227; x_wconf 87' lang='lat' dir='ltr'>robernicus,</span> <span class='ocrx_word' id='word_1_483' title='bbox 1672 2177 1756 2215; x_wconf 87' lang='lat' dir='ltr'>sive</span> <span class='ocrx_word' id='word_1_484' title='bbox 1777 2174 2081 2216; x_wconf 78' lang='lat' dir='ltr'>Canticariensis</span> <span class='ocrx_word' id='word_1_485' title='bbox 2093 2174 2362 2229; x_wconf 82' lang='lat' dir='ltr'>Archiepisco-</span> 
     </span>
     <span class='ocr_line' id='line_1_82' title="bbox 1399 2236 2362 2289; baseline 0.002 -12"><span class='ocrx_word' id='word_1_486' title='bbox 1399 2249 1496 2289; x_wconf 79' lang='lat' dir='ltr'>pus,</span> <span class='ocrx_word' id='word_1_487' title='bbox 1519 2239 1730 2278; x_wconf 81' lang='lat' dir='ltr'>defunctus</span> <span class='ocrx_word' id='word_1_488' title='bbox 1749 2236 1822 2276; x_wconf 81' lang='lat' dir='ltr'>An.</span> <span class='ocrx_word' id='word_1_489' title='bbox 1854 2237 1955 2277; x_wconf 88' lang='grc'>4006</span> <span class='ocrx_word' id='word_1_490' title='bbox 1979 2237 2080 2276; x_wconf 85' lang='lat' dir='ltr'>male</span> <span class='ocrx_word' id='word_1_491' title='bbox 2108 2237 2362 2279; x_wconf 82' lang='lat' dir='ltr'>confunditur</span> 
     </span>
     <span class='ocr_line' id='line_1_83' title="bbox 1404 2297 2360 2351; baseline 0.002 -13"><span class='ocrx_word' id='word_1_492' title='bbox 1404 2311 1425 2338; x_wconf 86' lang='lat' dir='ltr'>a</span> <span class='ocrx_word' id='word_1_493' title='bbox 1451 2301 1586 2340; x_wconf 89' lang='lat' dir='ltr'>multis</span> <span class='ocrx_word' id='word_1_494' title='bbox 1608 2311 1698 2339; x_wconf 92' lang='lat' dir='ltr'>cum</span> <span class='ocrx_word' id='word_1_495' title='bbox 1721 2297 1893 2351; x_wconf 81' lang='lat' dir='ltr'>AElfrico</span> <span class='ocrx_word' id='word_1_496' title='bbox 1913 2298 2190 2349; x_wconf 77' lang='lat' dir='ltr'>Grammatico,</span> <span class='ocrx_word' id='word_1_497' title='bbox 2208 2298 2360 2340; x_wconf 86' lang='lat' dir='ltr'>Abbate</span> 
     </span>
     <span class='ocr_line' id='line_1_84' title="bbox 1402 2359 2361 2413; baseline 0.002 -13"><span class='ocrx_word' id='word_1_498' title='bbox 1402 2361 1756 2409; x_wconf 85' lang='lat' dir='ltr'>Malmesburiensi,</span> <span class='ocrx_word' id='word_1_499' title='bbox 1777 2361 1843 2411; x_wconf 90' lang='lat' dir='ltr'>qui</span> <span class='ocrx_word' id='word_1_500' title='bbox 1870 2359 2199 2413; x_wconf 77' lang='lat' dir='ltr'>Archiepi&#39;scopus</span> <span class='ocrx_word' id='word_1_501' title='bbox 2221 2361 2361 2402; x_wconf 87' lang='lat' dir='ltr'>deinde</span> 
     </span>
     <span class='ocr_line' id='line_1_85' title="bbox 1400 2422 2357 2474; baseline 0.002 -13"><span class='ocrx_word' id='word_1_502' title='bbox 1400 2422 1679 2472; x_wconf 84' lang='lat' dir='ltr'>Eboracensis,</span> <span class='ocrx_word' id='word_1_503' title='bbox 1709 2423 1932 2462; x_wconf 73' lang='lat' dir='ltr'>centenario</span> <span class='ocrx_word' id='word_1_504' title='bbox 1969 2423 2122 2474; x_wconf 88' lang='lat' dir='ltr'>propior</span> <span class='ocrx_word' id='word_1_505' title='bbox 2150 2423 2244 2462; x_wconf 84' lang='lat' dir='ltr'>obiit</span> <span class='ocrx_word' id='word_1_506' title='bbox 2283 2422 2357 2463; x_wconf 85' lang='lat' dir='ltr'>An.</span> 
     </span>
     <span class='ocr_line' id='line_1_86' title="bbox 1402 2484 2360 2544; baseline 0.001 -19"><span class='ocrx_word' id='word_1_507' title='bbox 1402 2487 1514 2525; x_wconf 74' lang='grc'>4054.</span> <span class='ocrx_word' id='word_1_508' title='bbox 1543 2486 1599 2524; x_wconf 88' lang='lat' dir='ltr'>De</span> <span class='ocrx_word' id='word_1_509' title='bbox 1622 2489 1789 2536; x_wconf 87' lang='lat' dir='ltr'>utroque</span> <span class='ocrx_word' id='word_1_510' title='bbox 1817 2488 1998 2524; x_wconf 85' lang='lat' dir='ltr'>accurat-e</span> <span class='ocrx_word' id='word_1_511' title='bbox 2026 2484 2218 2544; x_wconf 72' lang='lat' dir='ltr'>Hepricus</span> <span class='ocrx_word' id='word_1_512' title='bbox 2246 2486 2360 2526; x_wconf 85' lang='lat' dir='ltr'>War—</span> 
     </span>
     <span class='ocr_line' id='line_1_87' title="bbox 1400 2545 2362 2587; baseline 0.002 -2"><span class='ocrx_word' id='word_1_513' title='bbox 1400 2547 1546 2586; x_wconf 88' lang='lat' dir='ltr'>thonus</span> <span class='ocrx_word' id='word_1_514' title='bbox 1575 2548 1612 2585; x_wconf 91' lang='lat' dir='ltr'>in</span> <span class='ocrx_word' id='word_1_515' title='bbox 1642 2547 1915 2586; x_wconf 84' lang='lat' dir='ltr'>dissertatione</span> <span class='ocrx_word' id='word_1_516' title='bbox 1944 2545 1992 2586; x_wconf 90' lang='lat' dir='ltr'>de</span> <span class='ocrx_word' id='word_1_517' title='bbox 2020 2545 2175 2586; x_wconf 87' lang='lat' dir='ltr'>duobus</span> <span class='ocrx_word' id='word_1_518' title='bbox 2202 2547 2362 2587; x_wconf 81' lang='lat' dir='ltr'>Elsricis</span> 
     </span>
     <span class='ocr_line' id='line_1_88' title="bbox 1401 2607 2358 2660; baseline 0.003 -13"><span class='ocrx_word' id='word_1_519' title='bbox 1401 2613 1506 2647; x_wconf 91' lang='lat' dir='ltr'>tomo</span> <span class='ocrx_word' id='word_1_520' title='bbox 1526 2610 1554 2647; x_wconf 89' lang='grc' dir='ltr'>Ι.</span> <span class='ocrx_word' id='word_1_521' title='bbox 1589 2607 1750 2660; x_wconf 80' lang='lat' dir='ltr'>Angliae</span> <span class='ocrx_word' id='word_1_522' title='bbox 1767 2610 1907 2648; x_wconf 86' lang='lat' dir='ltr'>Sacrae</span> <span class='ocrx_word' id='word_1_523' title='bbox 1923 2619 2009 2660; x_wconf 83' lang='lat' dir='ltr'>pag.</span> <span class='ocrx_word' id='word_1_524' title='bbox 2027 2608 2101 2648; x_wconf 74' lang='grc'>425</span> <span class='ocrx_word' id='word_1_525' title='bbox 2118 2619 2228 2660; x_wconf 87' lang='lat' dir='ltr'>seqq.</span> <span class='ocrx_word' id='word_1_526' title='bbox 2253 2611 2358 2650; x_wconf 86' lang='lat' dir='ltr'>Bene</span> 
     </span>
     <span class='ocr_line' id='line_1_89' title="bbox 1401 2668 2358 2722; baseline 0.002 -13"><span class='ocrx_word' id='word_1_527' title='bbox 1401 2672 1517 2710; x_wconf 85' lang='lat' dir='ltr'>etiam</span> <span class='ocrx_word' id='word_1_528' title='bbox 1533 2669 1833 2722; x_wconf 78' lang='lat' dir='ltr'>distinguendos</span> <span class='ocrx_word' id='word_1_529' title='bbox 1849 2668 2192 2710; x_wconf 89' lang='lat' dir='ltr'>videratUsserius</span> <span class='ocrx_word' id='word_1_530' title='bbox 2206 2670 2255 2710; x_wconf 90' lang='lat' dir='ltr'>de</span> <span class='ocrx_word' id='word_1_531' title='bbox 2270 2682 2358 2711; x_wconf 85' lang='lat' dir='ltr'>suc-</span> 
     </span>
     <span class='ocr_line' id='line_1_90' title="bbox 1401 2732 2358 2783; baseline 0.001 -12"><span class='ocrx_word' id='word_1_532' title='bbox 1401 2733 1578 2771; x_wconf 79' lang='lat' dir='ltr'>cessione</span> <span class='ocrx_word' id='word_1_533' title='bbox 1606 2732 1874 2772; x_wconf 84' lang='lat' dir='ltr'>Ecclesiarum</span> <span class='ocrx_word' id='word_1_534' title='bbox 1904 2743 1989 2783; x_wconf 80' lang='lat' dir='ltr'>pag.</span> <span class='ocrx_word' id='word_1_535' title='bbox 2032 2732 2094 2772; x_wconf 82' lang='lat'>53.</span> <span class='ocrx_word' id='word_1_536' title='bbox 2123 2732 2358 2773; x_wconf 89' lang='lat' dir='ltr'>Grammati-</span> 
     </span>
     <span class='ocr_line' id='line_1_91' title="bbox 1400 2793 2355 2834; baseline 0.001 -3"><span class='ocrx_word' id='word_1_537' title='bbox 1400 2806 1490 2834; x_wconf 78' lang='lat' dir='ltr'>cum</span> <span class='ocrx_word' id='word_1_538' title='bbox 1519 2798 1718 2833; x_wconf 83' lang='lat' dir='ltr'>auctorem</span> <span class='ocrx_word' id='word_1_539' title='bbox 1748 2793 1864 2833; x_wconf 82' lang='lat' dir='ltr'>habet·</span> <span class='ocrx_word' id='word_1_540' title='bbox 1905 2793 2174 2834; x_wconf 85' lang='lat' dir='ltr'>Grammatica</span> <span class='ocrx_word' id='word_1_541' title='bbox 2200 2793 2355 2834; x_wconf 73' lang='lat' dir='ltr'>Latino-</span> 
     </span>
     <span class='ocr_line' id='line_1_92' title="bbox 1399 2853 2354 2907; baseline 0.004 -16"><span class='ocrx_word' id='word_1_542' title='bbox 1399 2855 1618 2904; x_wconf 62' lang='lat' dir='ltr'>Srioeonica,</span> <span class='ocrx_word' id='word_1_543' title='bbox 1639 2867 1757 2907; x_wconf 90' lang='lat' dir='ltr'>quam</span> <span class='ocrx_word' id='word_1_544' title='bbox 1786 2867 1878 2894; x_wconf 92' lang='lat' dir='ltr'>cum</span> <span class='ocrx_word' id='word_1_545' title='bbox 1907 2855 2091 2906; x_wconf 79' lang='lat' dir='ltr'>glossario</span> <span class='ocrx_word' id='word_1_546' title='bbox 2119 2853 2206 2906; x_wconf 86' lang='lat' dir='ltr'>ejus</span> <span class='ocrx_word' id='word_1_547' title='bbox 2233 2854 2354 2895; x_wconf 89' lang='lat' dir='ltr'>edidit</span> 
     </span>
     <span class='ocr_line' id='line_1_93' title="bbox 1399 2916 2352 2968; baseline 0.001 -12"><span class='ocrx_word' id='word_1_548' title='bbox 1399 2919 1499 2956; x_wconf 65' lang='lat' dir='ltr'>(lvil.</span> <span class='ocrx_word' id='word_1_549' title='bbox 1530 2919 1744 2957; x_wconf 84' lang='lat' dir='ltr'>Somnerus</span> <span class='ocrx_word' id='word_1_550' title='bbox 1771 2916 1997 2968; x_wconf 87' lang='lat' dir='ltr'>adjunctam</span> <span class='ocrx_word' id='word_1_551' title='bbox 2021 2917 2253 2956; x_wconf 88' lang='lat' dir='ltr'>Dictionario</span> <span class='ocrx_word' id='word_1_552' title='bbox 2280 2929 2352 2957; x_wconf 85' lang='lat' dir='ltr'>suo</span> 
     </span>
     <span class='ocr_line' id='line_1_94' title="bbox 1402 2978 2349 3030; baseline 0 -11"><span class='ocrx_word' id='word_1_553' title='bbox 1402 2981 1590 3019; x_wconf 79' lang='lat' dir='ltr'>Saxonico</span> <span class='ocrx_word' id='word_1_554' title='bbox 1628 2981 1762 3018; x_wconf 89' lang='lat' dir='ltr'>Latino</span> <span class='ocrx_word' id='word_1_555' title='bbox 1790 2978 1962 3030; x_wconf 82' lang='lat' dir='ltr'>Anglico.</span> <span class='ocrx_word' id='word_1_556' title='bbox 1992 2979 2115 3018; x_wconf 86' lang='lat' dir='ltr'>Oxon.</span> <span class='ocrx_word' id='word_1_557' title='bbox 2147 2979 2246 3017; x_wconf 81' lang='grc'>4659</span> <span class='ocrx_word' id='word_1_558' title='bbox 2289 2980 2349 3019; x_wconf 85' lang='lat' dir='ltr'>fol.</span> 
     </span>
     <span class='ocr_line' id='line_1_95' title="bbox 1401 3040 2349 3091; baseline 0.002 -12"><span class='ocrx_word' id='word_1_559' title='bbox 1401 3043 1555 3081; x_wconf 81' lang='lat' dir='ltr'>Praeter</span> <span class='ocrx_word' id='word_1_560' title='bbox 1592 3042 1799 3081; x_wconf 78' lang='lat' dir='ltr'>Sermones</span> <span class='ocrx_word' id='word_1_561' title='bbox 1826 3040 2017 3091; x_wconf 84' lang='lat' dir='ltr'>quosdam</span> <span class='ocrx_word' id='word_1_562' title='bbox 2047 3051 2178 3079; x_wconf 87' lang='lat' dir='ltr'>sacros</span> <span class='ocrx_word' id='word_1_563' title='bbox 2215 3043 2349 3081; x_wconf 84' lang='lat' dir='ltr'>Latine</span> 
     </span>
     <span class='ocr_line' id='line_1_96' title="bbox 1402 3101 2348 3156; baseline 0.001 -15"><span class='ocrx_word' id='word_1_564' title='bbox 1402 3105 1581 3156; x_wconf 77' lang='lat' dir='ltr'>scriptos,</span> <span class='ocrx_word' id='word_1_565' title='bbox 1610 3103 1777 3154; x_wconf 88' lang='lat' dir='ltr'>plurima</span> <span class='ocrx_word' id='word_1_566' title='bbox 1808 3101 1907 3140; x_wconf 88' lang='lat' dir='ltr'>idem</span> <span class='ocrx_word' id='word_1_567' title='bbox 1938 3101 2124 3141; x_wconf 84' lang='lat' dir='ltr'>AElfricus</span> <span class='ocrx_word' id='word_1_568' title='bbox 2149 3113 2199 3141; x_wconf 76' lang='lat' dir='ltr'>ex</span> <span class='ocrx_word' id='word_1_569' title='bbox 2229 3103 2348 3143; x_wconf 88' lang='lat' dir='ltr'>latino</span> 
     </span>
    </p>
   </div>
   <div class='ocr_carea' id='block_1_6' title="bbox 1394 3221 2351 3415">
    <p class='ocr_par' dir='ltr' id='par_1_8' title="bbox 1394 3221 2351 3415">
     <span class='ocr_line' id='line_1_97' title="bbox 1454 3221 2350 3263; baseline 0 -7"><span class='ocrx_word' id='word_1_570' title='bbox 1454 3225 1466 3239; x_wconf 74' lang='lat'>⁶</span> <span class='ocrx_word' id='word_1_571' title='bbox 1493 3225 1570 3258; x_wconf 86' lang='lat' dir='ltr'>Vide</span> <span class='ocrx_word' id='word_1_572' title='bbox 1592 3224 1746 3257; x_wconf 81' lang='lat' dir='ltr'>Bulacum</span> <span class='ocrx_word' id='word_1_573' title='bbox 1773 3225 1892 3255; x_wconf 80' lang='lat' dir='ltr'>nistor.</span> <span class='ocrx_word' id='word_1_574' title='bbox 1920 3221 2071 3255; x_wconf 73' lang='lat' dir='ltr'>Academ.</span> <span class='ocrx_word' id='word_1_575' title='bbox 2089 3222 2193 3256; x_wconf 79' lang='lat' dir='ltr'>Paris.</span> <span class='ocrx_word' id='word_1_576' title='bbox 2217 3228 2296 3256; x_wconf 83' lang='lat' dir='ltr'>tom.</span> <span class='ocrx_word' id='word_1_577' title='bbox 2313 3227 2324 3255; x_wconf 92' lang='grc' dir='ltr'>Ι</span> <span class='ocrx_word' id='word_1_578' title='bbox 2343 3249 2350 3263; x_wconf 88' lang='grc'><strong>,</strong></span> 
     </span>
     <span class='ocr_line' id='line_1_98' title="bbox 1395 3273 2349 3316; baseline -0.003 -8"><span class='ocrx_word' id='word_1_579' title='bbox 1395 3285 1466 3316; x_wconf 80' lang='lat' dir='ltr'>pag.</span> <span class='ocrx_word' id='word_1_580' title='bbox 1492 3275 1548 3306; x_wconf 73' lang='grc'>211</span> <span class='ocrx_word' id='word_1_581' title='bbox 1575 3283 1648 3315; x_wconf 81' lang='lat' dir='ltr'>sqq.</span> <span class='ocrx_word' id='word_1_582' title='bbox 1671 3274 1744 3305; x_wconf 81' lang='grc'>228.</span> <span class='ocrx_word' id='word_1_583' title='bbox 1768 3274 1924 3305; x_wconf 82' lang='lat' dir='ltr'>Brianum</span> <span class='ocrx_word' id='word_1_584' title='bbox 1954 3275 2110 3312; x_wconf 72' lang='lat' dir='ltr'>&#39;swynum</span> <span class='ocrx_word' id='word_1_585' title='bbox 2135 3275 2168 3305; x_wconf 89' lang='lat' dir='ltr'>in</span> <span class='ocrx_word' id='word_1_586' title='bbox 2193 3273 2349 3313; x_wconf 78' lang='lat' dir='ltr'>Apologia</span> 
     </span>
     <span class='ocr_line' id='line_1_99' title="bbox 1394 3321 2351 3366; baseline -0.002 -9"><span class='ocrx_word' id='word_1_587' title='bbox 1394 3326 1607 3366; x_wconf 56' lang='lat' dir='ltr'>antiquitatis</span> <span class='ocrx_word' id='word_1_588' title='bbox 1623 3327 1727 3356; x_wconf 75' lang='lat' dir='ltr'>Oxon.</span> <span class='ocrx_word' id='word_1_589' title='bbox 1745 3323 1902 3355; x_wconf 79' lang='lat' dir='ltr'>&#39;rhomam</span> <span class='ocrx_word' id='word_1_590' title='bbox 1920 3322 2035 3362; x_wconf 83' lang='lat' dir='ltr'>cajum</span> <span class='ocrx_word' id='word_1_591' title='bbox 2058 3323 2091 3353; x_wconf 86' lang='lat' dir='ltr'>in</span> <span class='ocrx_word' id='word_1_592' title='bbox 2116 3321 2275 3356; x_wconf 84' lang='lat' dir='ltr'>vindiciis</span> <span class='ocrx_word' id='word_1_593' title='bbox 2293 3331 2351 3355; x_wconf 80' lang='lat' dir='ltr'>an-</span> 
     </span>
     <span class='ocr_line' id='line_1_100' title="bbox 1399 3373 2070 3415; baseline -0.004 -9"><span class='ocrx_word' id='word_1_594' title='bbox 1399 3376 1562 3415; x_wconf 79' lang='lat' dir='ltr'>tiquitatis</span> <span class='ocrx_word' id='word_1_595' title='bbox 1587 3374 1780 3406; x_wconf 69' lang='lat' dir='ltr'>Academiae</span> <span class='ocrx_word' id='word_1_596' title='bbox 1806 3373 1983 3405; x_wconf 82' lang='lat' dir='ltr'>Oxoriiens.</span> <span class='ocrx_word' id='word_1_597' title='bbox 2007 3374 2070 3404; x_wconf 81' lang='lat' dir='ltr'>etc.</span> 
     </span>
    </p>
   </div>
  </div>
 </body>
</html>
