2500 3841
813 205 1242 275 ”rannerus

111 304 130 327 '⁸‘
153 303 482 346 Animadvertere
503 304 619 355 juvat
643 307 681 346 S.
704 308 900 347 vincentii
923 310 1014 348 Ser-

57 378 196 406 mones
231 367 410 418 geminos
445 366 493 406 de
527 368 566 407 S.
597 370 739 409 Jacobo
768 369 957 421 Apostolo
979 373 1015 409 in

56 429 174 469 editis
200 429 347 468 frustra
370 431 621 480 quaerendos
643 433 718 483 legi
755 435 792 471 in
818 433 912 472 Cod.
932 435 1015 472 Lat.

58 492 149 530 844.
193 491 378 530 Biblioth.
423 493 705 534 Universitatis
749 497 1017 535 Taurinensis.

57 554 175 597 Prior,
188 557 251 592 est
274 553 314 591 in
339 553 434 593 illud
452 555 523 594 Dz'c
538 560 583 595 ut
605 556 770 596 sedeant
786 564 864 597 etc.
878 559 1020 608 Incipit

62 616 328 667 Augustinus.
357 615 470 657 Alter
499 621 536 657 in
569 620 688 659 illud:
717 622 823 660 Unus
846 620 897 660 ad
924 620 1024 660 desic-

59 682 188 717 teram
217 681 328 718 tuam
359 685 436 719 etc.
466 681 635 733 Incipit:
670 684 831 722 Festum
874 686 912 722 et
937 681 1021 723 Sol-

60 740 257 781 lemnitas.

113 805 379 846 FERRETUS
401 808 690 857 vincentinus,
736 814 850 860 poeta
888 813 928 848 et
956 810 1022 848 Hi-

59 869 230 907 storicus
247 880 389 920 magna
405 870 584 910 libertate
606 872 786 911 disertus
808 876 927 922 atque
944 872 1023 910 ele-

59 942 158 983 gans
181 935 222 969 et
244 932 370 970 Felice
390 931 482 971 Osio
499 932 631 983 jndice
657 936 704 973 iis
732 933 1019 979 accensendus,

60 994 128 1044 qui
161 1004 253 1033 cum
280 995 488 1034 Francisco
513 997 727 1035 Petrarclia
759 999 791 1045 a)
818 1001 858 1035 et
879 997 1019 1047 paucis

61 1056 302 1107 quibusdam
325 1058 413 1096 aliis
437 1058 594 1097 litteras
621 1061 909 1098 instaurarunt.
931 1058 1021 1098 Cla-

60 1119 141 1157 ruit
165 1123 254 1169 post
276 1121 425 1158 saeculi
450 1120 591 1159 decimi
616 1123 746 1172 quarti
772 1122 897 1170 initia,
924 1122 1020 1159 scri-

61 1181 221 1232 psitque
241 1182 345 1219 circa
363 1181 524 1221 Annum
552 1184 654 1222 4328
678 1188 721 1222 ut
742 1183 913 1232 videtur,
930 1194 1021 1221 suo-

61 1254 156 1282 rum
197 1246 233 1282 et
268 1242 408 1294 paullo
451 1249 544 1283 ante
581 1249 763 1284 actorum
802 1249 1020 1296 temporum

63 1306 297 1357 praesertim
325 1306 363 1344 in
389 1307 501 1345 Italia
526 1306 736 1346 historiam
773 1307 887 1347 libris
924 1308 999 1347 VII
1011 1339 1019 1358 ,

61 1369 111 1408 ab
134 1367 208 1425 Ap.
224 1368 337 1409 :1250
361 1368 410 1407 ad
437 1369 505 1409 43⁴
523 1370 562 1408 8.
593 1370 698 1420 quod
723 1382 822 1422 opus
842 1375 1021 1410 extrema

61 1435 173 1483 parte
189 1462 200 1480 ,
221 1435 265 1470 ut
289 1432 497 1482 opinatur,
519 1444 706 1471 mancum
726 1433 848 1471 edidit
864 1445 884 1472 e
903 1434 1022 1472 MStis

62 1493 218 1533 duobus
254 1494 506 1533 Vincentinis
531 1495 694 1534 Clariss.
718 1496 963 1534 ‘Muratorius
993 1500 1020 1534 t.

63 1557 120 1596 lx
141 1587 150 1606 ,
193 1557 436 1608 scriptorum
480 1569 615 1597 rerum
658 1559 884 1597 Italicarum
932 1571 1019 1610 pag.

63 1620 152 1659 935.
181 1619 418 1671 Elegantiae
449 1620 581 1660 studio
611 1623 804 1672 arguitur,
826 1622 930 1672 quod
955 1634 1022 1660 no—

63 1683 169 1722 mina
206 1686 345 1722 vetera
387 1683 609 1722 affectando
643 1686 794 1734 passim
823 1685 1022 1724 obscurio-

62 1757 147 1784 rem
166 1746 203 1795 b)
233 1757 276 1784 se
300 1746 532 1785 reddiderit.
574 1746 799 1787 Cimbricos
820 1748 1023 1798 appellans

60 1820 130 1859 pro
157 1809 406 1847 Vincentinis
427 1839 437 1855 ‚
463 1820 532 1859 pro
556 1810 797 1848 Florentinis
829 1809 1022 1849 Faesula-

62 1882 146 1921 nos,
179 1870 344 1910 Picenos
378 1883 449 1922 pro
485 1872 792 1921 Pistojensibus.
834 1873 1020 1911 Notitiam

62 1936 294 1974 poematum
314 1935 466 1972 Ferreti
501 1946 551 1972 ex
574 1935 716 1972 Vossio
742 1936 917 1973 mutuari
942 1936 1024 1986 pla-

63 2001 152 2039 cet.
191 1996 314 2035 simul
356 1998 557 2035 annotatis
588 1998 664 2042 iis,
695 2008 796 2047 quae
825 2002 914 2048 post
949 1999 1023 2036 viri

64 2058 182 2109 hujus
205 2058 309 2097 docti
346 2059 425 2097 fata
451 2070 473 2097 a
498 2058 660 2097 laudato
683 2061 894 2098 Muratorio
918 2060 1023 2099 edita

63 2126 169 2161 sunt.
197 2121 388 2160 Carmine
409 2119 568 2158 heroico
592 2121 626 2158 F
630 2115 790 2159 erretus
816 2120 1026 2173 descripsit

62 2187 174 2235 gesta
185 2183 306 2223 Canis
317 2182 488 2221 Grandis
501 2183 742 2234 Scaligeri.c)
754 2184 848 2221 Item
862 2183 1027 2235 reliquit

63 2256 208 2285 versus
243 2245 332 2296 CX,
356 2244 400 2283 in
436 2243 587 2283 obitum
619 2246 785 2293 Dantis,
825 2246 860 2295 d)
886 2250 1023 2297 poetae

62 2306 292 2347 Florentini.
312 2306 366 2346 At
388 2308 510 2358 CLV,
538 2307 578 2346 in
603 2320 815 2347 excessum
846 2312 1024 2349 Beneve—

61 2371 148 2411 nuti
166 2370 214 2409 de
232 2370 504 2420 Campesanis,
524 2372 558 2418 e>
573 2374 712 2422 poetae
736 2370 1024 2423 Vz'cetinz‘.{ltem

142 2430 177 2470 a)
194 2430 355 2462 Johanm·
376 2433 576 2470 FERRETO,
599 2434 820 2465 Grammatice
832 2435 1031 2472 Ravennati,

62 2483 123 2522 qui
145 2481 367 2512 Petrareham
387 2489 503 2513 senem
518 2485 579 2514 An.
601 2481 693 2513 1574.
713 2482 908 2513 defunctum
921 2506 930 2519 ‚
950 2491 1032 2522 puer

55 2535 214 2570 noverat,
240 2531 457 2563 Leonhardus
497 2533 655 2564 Aretinus
690 2536 773 2563 teste
796 2532 944 2562 Leandro
963 2533 1034 2565 ,ΑΙ-

57 2582 153 2614 berto
177 2581 265 2613 hanc
287 2581 421 2612 laudem
447 2582 596 2621 tribuit,
617 2581 713 2621 quod
732 2584 859 2621 primus
883 2581 1032 2614 studium

55 2632 191 2673 poeseos
214 2635 247 2663 et
271 2630 486 2671 eloquentiae
516 2633 550 2662 in
578 2632 680 2663 ltalia
715 2633 963 2670 instaurasset,
989 2641 1028 2663 cx

61 2684 155 2724 qu‘us
175 2681 288 2714 schola
315 2685 454 2721 praeter
489 2683 671 2713 Aretinum
708 2681 862 2721 prodiere
891 2682 1032 2713 Jacobus

57 2733 201 2774 Angelus
217 2755 227 2772 ,
250 2734 421 2764 Guarinus
446 2729 654 2763 Veronensis
671 2756 682 2770 ,
715 2731 923 2762 Omnibonus
959 2734 1036 2763 Leo-

63 2785 204 2816 nicenus
219 2805 228 2822 ‚
249 2783 396 2822 Poggius
413 2805 422 2821 ,
446 2782 612 2813 Robertus
631 2782 781 2818 Rossiu5‚
807 2783 923 2811 Petrus
947 2783 1037 2812 Pau·

59 2833 110 2865 lus
124 2833 300 2872 vergerius
313 2855 323 2870 ‚
347 2834 538 2864 Victorinus
557 2832 750 2864 Feltrensis.
770 2830 848 2862 Vide
871 2833 1032 2862 Diarium

57 2883 277 2915 Eruditorum
299 2882 413 2913 ltaliae
436 2886 520 2914 tom.
546 2883 589 2912 ix
617 2892 652 2922 p.
680 2881 750 2913 158.
773 2889 844 2920 seq.

125 2932 161 2974 b)
199 2934 241 2967 Se
272 2933 428 2964 rendunt
459 2931 718 2979 'inintelltyible
746 2940 812 2970 par
840 2930 1004 2970 eleqance
1027 2956 1035 2968 ‚

60 2986 234 3019 Memoires
257 2982 298 3014 de
320 2985 478 3014 Trevoux
503 2985 540 3013 Α.
566 2982 659 3014 1755.
683 2990 714 3021 p.
738 2980 811 3012 76⁶2.

121 3034 153 3074 c)
175 3033 297 3065 Poema
321 3034 453 3072 epicum
469 3035 593 3064 Ferreti
618 3033 657 3063 de
680 3031 923 3069 scaligerorum
951 3032 1030 3063 Ori-

61 3087 139 3127 gine
161 3084 255 3116 libris
279 3085 330 3113 lv.
347 3085 436 3115 cirea
450 3086 584 3115 Annum
604 3082 686 3113 1521.)
708 3083 872 3120 seriptum
896 3082 936 3113 ad
962 3082 1028 3112 Ca-

62 3144 139 3168 nem
160 3135 329 3166 Grandum
349 3133 558 3173 scaligerum
575 3157 585 3171 ‚
610 3135 759 3164 veronae
774 3154 783 3168 ‚
803 3132 973 3161 vicentiae
992 3136 1024 3162 et

61 3187 192 3218 Patavii
208 3186 387 3216 Dominum
402 3208 410 3224 ‚
433 3183 545 3216 edidit
560 3184 712 3214 laudatus
731 3182 931 3211 Muratorius
947 3185 1027 3213 tom.

63 3239 106 3267 lx
125 3243 201 3276 pag.
224 3233 316 3266 1195.
334 3235 516 3266 Censuram
533 3234 631 3270 vicie,
656 3233 683 3262 si
708 3231 829 3270 piacet,
854 3232 888 3260 in
913 3231 1023 3270 pre-

63 3284 246 3317 meridibus
268 3285 484 3316 Eruditorum
507 3284 610 3313 Paris.
632 3284 668 3312 A.
696 3279 788 3311 1753.
808 3281 886 3319 Maj.
903 3289 934 3319 p.
954 3279 1030 3314 102.

123 3334 158 3374 d)
181 3335 272 3366 Obiit
295 3337 419 3366 Dantes
440 3342 474 3365 A.
498 3331 589 3364 1521.

66 3386 75 3393 '
123 3384 155 3423 e)
175 3386 284 3416 Etiam
296 3385 359 3417 hoe
383 3393 515 3416 carmen
531 3381 615 3422 apuil
635 3383 849 3412 lluratorium
874 3389 905 3420 p.
923 3380 1014 3412 1183.

1969 238 2043 276 571.

1089 307 1228 356 XLIX,
1250 308 1297 347 ad
1319 307 1774 347 Alliertnni-Mussatum
1795 338 1802 356 ,
1821 311 1951 347 vatem
1969 310 2050 346 Pa<

1091 371 1280 422 lavinum.
1303 380 1336 419 a)
1357 370 1454 408 Item
1479 372 1656 421 Priapeia
1677 369 1858 422 reliquit,
1879 382 2047 422 quorum

1092 433 1248 471 initium
1260 433 1374 484 ponit
1388 435 1562 472 Joannes
1579 435 1758 484 Baptista
1776 434 2048 472 PAJARINUS

1094 494 1194 533 libro
1228 500 1343 534 seoeto
1374 495 1577 534 Historiae
1601 507 1700 535 suae
1722 525 1731 544 ,
1767 497 1807 534 in
1829 508 1950 548 quam
1972 509 2049 535 non

1090 569 1224 609 pauca
1257 570 1311 596 eac
1336 558 1498 596 Ferreti
1519 557 1687 597 historia
1707 557 1919 597 derivavit.
1951 559 2048 597 Item

1094 631 1237 659 versus
1260 621 1384 669 XXV,
1409 621 1456 659 ad
1478 621 1653 659 Pulicem
1680 621 1729 659 dc
1754 623 1951 668 Custoza,
1988 622 2049 661 Vi-

1095 684 1292 721 centinum
1334 684 1518 732 Poetam,
1557 682 1604 721 de
1630 695 1777 734 puero,
1823 684 1895 735 qui
1930 688 2048 723 natus

1095 748 1206 793 erat,
1243 745 1439 784 Matthaeo
1481 745 1529 783 de
1560 746 1712 784 Sclcdo.
1751 747 1848 784 Item
1887 758 2049 786 carmen

1095 805 1208 844 aliud
1231 808 1267 844 iii
1293 806 1452 845 laudem
1487 807 1717 845 Baxlardini
1742 807 1791 846 de
1823 810 2046 860 Nogarolis,

1098 869 1329 908 Veronensis
1351 900 1360 918 ,
1383 867 1581 919 Scaliyeri
1600 868 1732 922 affinis
1753 900 1760 919 ,
1785 881 1874 908 cum
1898 871 2049 910 instau-

1094 930 1265 969 randam
1302 931 1464 970 curavit
1500 929 1666 969 nobilem
1709 930 1825 970 Urbis
1856 937 2046 984 portam,

1094 1005 1216 1045 quam
1239 993 1481 1046 disjecerant
1505 993 1704 1033 Patavini.

1144 1055 1375 1095 ANONYMI
1392 1056 1622 1095 Orationem
1640 1058 1676 1094 in
1695 1059 1856 1108 nuptias
1873 1058 2049 1096 Danielis

1092 1120 1308 1158 FERRETI
1342 1119 1651 1170 vulgavitidem
1684 1121 1922 1159 Muratoi·ius
1955 1125 2048 1158 tom.

1093 1181 1173 1229 IX,
1199 1193 1285 1232 pag.
1316 1180 1433 1221 4489.

1146 1242 1390 1283 Aurelianus
1412 1245 1658 1284 FESTlVL'S
1690 1246 1946 1296 Imperatoris
1970 1246 2050 1284 Au·

1094 1307 1229 1345 reliani
1251 1307 1416 1346 libertus
1434 1337 1442 1356 ,
1468 1310 1636 1359 scriptor
1656 1307 1760 1347 vitae
1777 1308 1909 1346 Firmi
1923 1310 2051 1359 Impe-

1095 1371 1261 1417 ratoris,
1285 1381 1335 1408 ex
1367 1381 1471 1420 qua,
1506 1371 1663 1409 insolita
1704 1371 1825 1409 refert
1862 1371 2049 1409 nonnulla
2095 1412 2098 1415 ,

1096 1433 1290 1484 Vopiscus
1316 1434 1353 1471 in
1379 1433 1465 1483 ejus
1489 1436 1569 1472 vita
1595 1445 1679 1484 cap.
1706 1435 1741 1471 6.
1764 1435 1953 1482 Firmum,
1980 1445 2051 1471 un-

1097 1499 1202 1534 ctum
1229 1495 1517 1534 crocodilorum
1555 1495 1768 1547 adipibus,
1804 1499 1964 1534 natasse
1980 1528 1990 1544 ‚
2016 1499 2053 1534 et

1089 1557 1329 1610 elephantem
1342 1558 1518 1605 rescisse,
1542 1563 1580 1597 et
1596 1558 1864 1611 hippopotamo
1884 1558 2048 1603 sedisse,

1094 1620 1334 1660 etsedentem
1352 1620 1574 1672 inflantibus
1592 1620 1882 1660 struthionibus
1898 1625 2049 1660 vectum

1094 1695 1178 1722 esse
1202 1687 1240 1721 et
1259 1683 1380 1734 quasi
1399 1683 1599 1723 volitasse.

1146 1744 1275 1798 Rufus
1312 1748 1529 1795 FESTUS7
1566 1748 1666 1796 (aliis
1712 1749 1863 1786 Seoetus
1907 1745 2048 1798 Rufus)

1094 1810 1261 1859 scriptor
1286 1807 1483 1848 breviarii
1500 1809 1546 1848 de
1568 1810 1747 1849 victoriis
1767 1822 1814 1848 ac
1829 1810 2052 1860 provinciis

1088 1870 1229 1923 populi
1248 1872 1416 1911 Romani
1437 1872 1485 1911 ad
1506 1874 1828 1911 Valentinianum
1855 1874 1902 1912 ΙΙ.
1919 1873 2053 1923 Augu-

1095 1940 1222 1982 stum.
1240 1940 1280 1973 et
1304 1936 1482 1985 opusculi
1507 1934 1553 1973 (le
1577 1933 1741 1986 regibus
1761 1934 1877 1973 L'rbis
1892 1937 2049 1983 Romae,

1097 1997 1146 2035 de
1180 1998 1325 2048 quibus
1364 2000 1467 2037 sicut
1501 1999 1621 2036 etiam
1661 1997 1708 2035 de
1745 1997 1847 2049 Rufo
1886 1998 2049 2036 FESTO

1096 2060 1244 2098 Avieno
1282 2060 1362 2099 dixi
1400 2062 1437 2098 in
1468 2060 1711 2099 Bibliotheca
1757 2061 1894 2098 Latina
1920 2060 1982 2098 lib.
2015 2062 2050 2097 3.

1098 2126 1226 2174 capite
1251 2124 1475 2162 undecimo.

1149 2185 1281 2224 Julius
1304 2185 1514 2231 FESTUS,
1540 2187 1625 2223 sive
1655 2187 1810 2224 Sextus
1847 2185 2054 2236 Pompejus

1096 2249 1309 2296 FESTUS,
1332 2250 1648 2296 Grammaticus,
1675 2249 1741 2297 qui
1769 2259 1843 2285 non
1871 2247 1937 2285 diu
1962 2252 2055 2285 ante

1096 2311 1335 2349 Macrobium
1356 2309 1658 2348 commentarios
1670 2309 1900 2362 priscorum
1918 2308 2058 2348 verbo—

1099 2384 1212 2422 rum,
1235 2383 1323 2411 cum
1346 2372 1541 2423 eoeemplis
1563 2385 1583 2411 e
1622 2374 1757 2411 Verrio
1795 2373 1933 2410 Flacco
1965 2383 2058 2410 con—

1099 2439 1247 2473 tractos
1271 2438 1494 2485 composuit
1513 2465 1520 2482 ,
1543 2434 1591 2472 de
1609 2435 1755 2484 quibus
1781 2435 1818 2471 in
1841 2434 1978 2472 eadem
1996 2435 2058 2471 Bi—

1100 2497 1294 2536 bliotheca
1312 2499 1448 2535 Latina
1465 2509 1551 2548 cap.
1569 2498 1606 2535 6.
1624 2497 1720 2535 Vide
1737 2501 1776 2534 et
1799 2496 1896 2533 infra
1914 2526 1921 2544 ,
1941 2496 2058 2534 PAU-

1101 2560 1194 2597 LUs
1218 2560 1430 2598 Diaconus.

1154 2623 1282 2661 FEUS
1302 2652 1309 2669 ,
1353 2623 1438 2659 sive
1484 2622 1644 2660 PHEUS
1682 2619 1946 2667 Belcharius,
1991 2623 2056 2669 (ita

1101 2685 1207 2723 enim
1226 2686 1372 2723 rectius
1389 2696 1509 2734 quam
1524 2685 1587 2722 alii
1600 2681 1814 2730 Febus,vel
1828 2681 2053 2731 Maffeus,b)

1104 2746 1348 2794 Belchamus)
1386 2747 1660 2792 Florentiniis,
1696 2745 1789 2782 obiit
1819 2756 1940 2783 senex
1978 2744 2054 2783 An.

1107 2811 1221 2849 istst..
1245 2815 1278 2857 c)
1317 2810 1561 2860 scripsitque
1586 2808 1653 2847 sed
1682 2808 1813 2846 ltalicc
1848 2818 1925 2844 non
1952 2808 2055 2844 Lati-

1159 2980 1193 3020 a)
1216 2981 1318 3019 Hujus
1342 2986 1475 3019 quoque
1511 2977 1695 3014 carminis,
1732 2976 1820 3016 quod
1858 2986 1931 3017 pag.
1960 2975 2052 3008 1137.

1097 3032 1141 3063 ibi
1165 3032 1315 3069 sequitui·
1331 3052 1340 3066 ‚
1359 3031 1600 3065 argumentum
1618 3030 1664 3057 est
1684 3027 1796 3058 obitus
1815 3028 1962 3067 ejusdcm
1984 3027 2062 3057 Poe-

1090 3089 1141 3115 tae
1158 3106 1167 3120 ,
1194 3081 1250 3111 cui
1274 3087 1466 3118 coynomen
1506 3077 1585 3108 avis
1626 3078 1770 3116 Campus
1795 3077 1894 3106 dedit
1920 3081 1951 3106 et
1976 3079 2060 3108 Beni·

1090 3139 1215 3164 nomen
1238 3138 1316 3159 cnm
1341 3129 1458 3158 venio.

1151 3182 1186 3217 b)
1205 3178 1284 3209 Vide
1308 3179 1458 3208 niarium
1482 3175 1702 3208 Eruditorum
1728 3176 1842 3206 ltaliae
1865 3180 1948 3208 tom.
1962 3178 2057 3208 xvii.

1093 3240 1168 3272 pag.
1190 3229 1263 3261 553.
1292 3237 1360 3267 seq.

1152 3281 1183 3318 ε’)
1207 3275 1407 3316 iiioronymr
1433 3278 1606 3307 Briiivenii
1645 3276 1891 3316 deploratoria
1930 3284 1992 3315 per
2018 3276 2054 3306 ta

1090 3334 1201 3361 morte
1224 3329 1261 3359 (lt
1286 3327 1376 3358 Plieo
1403 3326 1586 3365 Belchari,
1609 3327 1712 3365 poma
1750 3325 1956 3357 Christiano
1975 3350 1982 3357 .
2019 3327 2053 3356 'in

1088 3381 1243 3421 operibus
1269 3380 1441 3410 Beiiivenii
1473 3385 1547 3417 pag.
1578 3377 1648 3410 109.
