2500 4009
416 223 495 262 558

423 296 504 332 Lat.
531 303 616 343 pag.
639 291 726 329 2³33.
748 299 830 337 seq.
852 292 892 323 et
917 286 1012 323 Ilist.
1034 284 1159 334 l‘elagss
1183 288 1279 321 tom.
1303 284 1365 322 VI.

421 356 519 406 Opp.
565 340 647 403 pag.
686 352 772 387 5655.
811 354 847 386 et
888 347 933 385 ‹Ie
976 344 1116 392 vidua,
1147 356 1248 396 quae
1291 343 1366 383 duo

418 429 515 455 neru-
546 413 651 452 misit
679 412 718 448 in
751 407 1112 460 pazopliyl001'iaeiii,
1144 406 1234 445 vide
1272 407 1369 446 Lab-

421 481 534 516 beum
561 482 654 512 toni.
680 476 712 512 1.
741 473 789 511 de
814 475 854 511 S.
875 473 919 510 E.
940 482 1026 521 pag,
1054 470 1142 508 316.
1166 470 1303 508 Sermo
1318 469 1367 508 ad

419 536 650 578 Monachus.
681 536 748 586 qui
777 535 937 585 incipit:
964 532 1133 571 Instruit
1152 543 1220 570 nos
1248 535 1368 582 atque

421 601 615 637 hortatur.
646 603 739 636 tom.
767 598 868 635 VIII.
905 595 1168 634 Bibliothecae
1208 596 1366 632 Patrum

422 662 699 713 Lugdunensis
720 672 806 711 pag.
826 660 916 699 545
936 658 1035 697 adde
1055 656 1255 696 Oudinum
1271 661 1364 694 tom.

423 727 432 763 l
459 735 573 775 .pag.
612 724 727 762 1310.
760 734 842 772 seq.
869 719 1115 760 .›1dmom't1'o.
1146 717 1261 768 cujus
1297 719 1367 756 ini-

417 788 540 824 tium:
573 785 710 831 Modo,
745 783 900 837 fratres
931 780 1179 827 clisire'ssiim',
1209 780 1313 819 edita
1343 792 1365 818 a

417 849 572 887 Camsio
588 853 683 887 tom.
696 849 740 886 V.
757 849 1011 898 antiquarum
1026 846 1254 884 Lectionum
1274 843 1367 892 (edi-

417 913 533 948 tionis
564 923 690 950 novae
723 915 818 948 tom.
850 912 862 948 1
887 939 894 955 .
920 921 1007 959 pag.
1037 907 1137 955 350.)
1169 911 1205 944 et
1239 908 1275 944 in
1306 906 1366 945 Bi-

421 973 617 1012 bliotheca
648 975 805 1012 l‘atrum
836 977 930 1010 tom.
961 971 1072 1016 VIII,
1103 981 1187 1020 pag.
1219 968 1308 1007 547.

469 1038 506 1074 9.
538 1035 717 1087 Epistola
760 1034 806 1074 ad
854 1032 1047 1072 Lucidum
1086 1032 1365 1080 Presbyterum

414 1099 840 1141 Praedestinatmimm‚
869 1107 960 1134 eum
986 1094 1151 1133 LUCIDI
1179 1095 1367 1130 retracta-

415 1163 536 1208 tione.
555 1160 656 1211 apud
679 1160 888 1198 Baronium
906 1158 953 1196 ad
973 1157 1133 1196 Annum
1153 1154 1241 1192 490.
1258 1165 1366 1192 num.

420 1225 477 1262 18.
510 1234 592 1273 seq.
636 1222 839 1261 Canisium
878 1225 970 1257 tom.
1004 1220 1047 1257 V.
1078 1217 1271 1267 (editionis
1300 1226 1368 1253 no-

417 1297 489 1323 vae
519 1289 612 1322 tom.
643 1284 683 1330 Ι,
722 1294 810 1333 pag.
851 1282 926 1321 352
970 1280 1072 1328 354.)
1114 1277 1368 1318 Sirmondum

417 1349 454 1385 in
485 1347 668 1385 Conciliis
711 1345 862 1384 Galliae
893 1348 990 1381 tom.
1023 1344 1063 1389 I,
1093 1353 1179 1393 pag.
1212 1341 1299 1380 150.
1329 1345 1369 1378 et

418 1412 454 1447 in
476 1407 738 1448 Conciliorum
769 1408 906 1454 tomiS,
937 1417 1007 1444 nec
1036 1416 1111 1443 non
1143 1408 1236 1442 tom.
1269 1402 1368 1440 VIII.

417 1471 678 1509 Bibliothecae
708 1472 867 1509 I‘atrum
897 1480 983 1519 pag.
1021 1468 1109 1507 524.
1140 1465 1303 1513 Confer,
1335 1465 1367 1502 si

415 1535 555 1584 placet,
576 1533 871 1572 Tillcmontium
901 1536 996 1569 tom.
1030 1530 1132 1569 XVI.
1163 1528 1369 1566 memoria-

419 1609 506 1636 rum
539 1609 623 1648 pag.
656 1596 744 1634 422.

473 1660 533 1698 10.
565 1658 624 1697 Ad
654 1658 887 1702 Ruricium.
919 1657 1161 1707 Episcopum
1193 1653 1370 1692 Lemovi-

421 1733 580 1760 eensem
601 1752 611 1769 ,
639 1719 839 1772 Epistolae
873 1720 910 1758 V.
943 1720 978 1757 in
1024 1716 1260 1757 Bibliotheca
1304 1716 1371 1753 Pa-

420 1791 526 1823 trum
556 1795 641 1834 pag.
673 1783 763 1821 5334.
795 1794 878 1832 seq.
907 1794 956 1820 ex
985 1780 1122 1818 eodem
1154 1778 1324 1817 Canisio.

474 1848 536 1885 11.
567 1844 764 1896 Professz'o
794 1842 909 1882 Fidei
930 1842 977 1882 ad
999 1840 1200 1881 Leontium
1224 1841 1366 1890 Papam

421 1910 505 1946 sive
534 1909 771 1958 Episcopum
804 1906 1106 1951 Arelatensem,
1136 1906 1272 1942 contra
1302 1912 1370 1939 ne-

419 1976 559 2021 gantes
577 1981 667 2009 cum
694 1969 931 2008 Manichaeis
956 1967 1122 2006 liberum
1148 1965 1368 2010 arbitrium,

419 2038 459 2070 et
494 2034 630 2071 Fatum
671 2036 899 2070 asserentes
928 2041 1019 2069 cum
1057 2027 1280 2066 Gentilibus
1318 2025 1368 2063 id.

420 2107 504 2146 pag.
536 2095 624 2133 523.

476 2157 536 2194 12.
567 2157 774 2194 Sermones
815 2166 892 2192 seue
921 2153 968 2191 ad
1012 2152 1222 2191 Monachos
1267 2150 1371 2187 Leri-

423 2228 595 2264 nenses,
620 2219 658 2254 in
688 2215 887 2255 Edmundi
920 2217 1092 2254 Martene
1125 2224 1226 2250 nova
1254 2211 1370 2249 colle-

424 2282 552 2317 ctione
584 2282 931 2316 monumentorum
963 2281 1144 2314 veterum
1178 2279 1271 2312 tom.
1303 2274 1369 2321 ix.

423 2355 509 2393 pag.
541 2342 723 2380 442-1238.
756 2342 873 2378 l‘aris.
911 2339 1020 2378 ¹7:33.
1048 2339 1084 2375 in
1118 2338 1178 2375 sol.
1205 2337 1262 2374 lix
1290 2346 1371 2373 ser-

425 2415 539 2442 mone
569 2403 642 2441 alio
671 2401 717 2440 de
745 2400 982 2440 revelatione
1011 2398 1190 2449 corporis
1219 2399 1260 2436 S.
1290 2398 1372 2436 Ste-

419 2465 556 2517 phani,
587 2477 705 2515 quem
738 2464 872 2502 habuit
903 2462 1093 2500 ineditum
1124 2458 1371 2503 sirmondus,

423 2528 626 2566 exordium
657 2528 769 2566 affert
800 2527 902 2564 notis
923 2524 968 2563 ad
992 2534 1216 2561 sermonem
1248 2522 1369 2560 XXV.

424 2591 633 2635 Augustini
665 2595 757 2626 tom.
796 2591 824 2627 1.
856 2590 1028 2637 Operum
1061 2583 1256 2622 Sirmondi
1284 2596 1368 2634 pag.

427 2656 513 2691 339.
545 2655 598 2691 lie
629 2653 689 2691 illa
738 2652 977 2690 revelatione
1017 2661 1134 2700 supra
1166 2661 1248 2698 pag.
1281 2648 1369 2685 35:34.

427 2729 507 2765 seq.
539 2721 577 2752 ot
608 2721 701 2753 torn.
736 2717 747 2754 1
777 2745 783 2762 ,
815 2727 899 2765 [itig-
934 2714 1020 2752 113.

480 2779 705 2816 FAIJS'I‘ITM
754 2775 1027 2815 ,llaniclmeum
1063 2788 1081 2813 a
1130 2774 1285 2824 ltejensi
1316 2773 1372 2811 di-

426 2843 595 2878 stim-tus
619 2845 657 2877 et
684 2838 802 2889 hujus
827 2841 972 2889 scripta
999 2839 1047 2876 ab
1063 2837 1198 2877 Oilone
1222 2836 1371 2874 Abbate

429 2905 525 2940 milti
573 2903 644 2939 sibi
694 2906 887 2951 expett-iis
936 2903 1069 2951 Lupus
1114 2898 1373 2938 ferrariensis

428 2965 549 3013 Epist.
586 2966 669 3002 112.
717 2963 934 3006 Faustum.
974 2963 1131 3012 inquit,
1162 2958 1284 3008 ‹liriqz'
1305 2971 1373 3010 po-

429 3025 600 3072 stulat-i,
619 3036 691 3062 non
718 3037 830 3075 quem
857 3023 1001 3075 refellit
1024 3022 1285 3073 .=lnqusl1'nus‚
1305 3020 1374 3059 sed

429 3100 539 3137 quem
582 3092 688 3125 uolat
718 3087 757 3125 in
785 3086 950 3125 decretis
979 3100 1011 3131 a)
1045 3084 1238 3123 Celusius.
1272 3085 1369 3122 Fau-

432 3154 517 3186 stus·
561 3150 812 3188 Manichaeus
852 3149 913 3186 illc
956 3149 1079 3199 patria
1122 3147 1372 3186 Milevitanus

485 3295 500 3314 :i
549 3289 720 3318 Decretum
741 3288 826 3319 idem
848 3292 1005 3320 memorat
1019 3290 1123 3327 Epist.
1140 3286 1209 3320 128.
1227 3288 1379 3328 Opuscu-

426 3344 460 3374 la
482 3344 601 3374 lsausri
620 3344 779 3382 leejensis
802 3346 898 3376 Galli
916 3347 1133 3385 apocrypha,

1230 214 1256 251 F
1279 216 1310 251 A
1336 214 1574 254 USTUM

1441 284 1514 321 suit
1539 294 1561 322 e
1598 283 1799 333 Numidia,
1831 287 1933 325 inter
1962 290 2094 325 sectae
2124 296 2220 325 suae
2261 286 2384 326 homi-

1442 356 1512 383 nes
1553 345 1772 396 Episcopus
1813 358 1978 399 magnae
2007 348 2278 396 auctoritatis,
2307 351 2372 399 qui

1440 412 1572 445 tamen
1597 418 1689 446 cum
1712 406 1785 445 An.
1812 408 1888 446 382
1909 409 2144 460 Carthagine
2157 409 2383 449 consulere-

1442 473 1508 507 tur
1530 468 1578 507 ab
1599 468 1844 519 Augustino,
1860 473 1951 508 nato
1969 474 2054 510 tum
2075 472 2219 511 XXIX.
2239 482 2381 520 annos,

1442 530 1571 569 dubiis
1600 530 1687 581 ejus
1716 530 1945 569 satisfacere
1974 534 2204 584 neutiquam
2228 534 2382 585 potuit,

1442 592 1547 632 unde
1578 592 1755 632 studium
1785 603 1863 642 quo
1892 604 1962 643 per
1981 604 2106 633 annos
2128 595 2250 636 ferme
2273 596 2380 648 ipsos

1440 665 1585 693 novem
1622 653 1703 704 jam
1740 654 1976 694 Manichaeis
2017 655 2274 707 adhaeserat,
2305 669 2382 696 non

1439 728 1579 767 parum
1610 717 1773 755 refrixit.
1795 716 1891 756 Vide
1918 716 2129 768 Augustini
2158 719 2384 760 Confessio-

1440 790 1512 817 nes
1542 778 1605 817 lib.
1635 779 1679 818 V.
1709 790 1795 830 cap.
1824 780 1860 818 6.
1879 784 1920 818 et
1948 792 1970 818 e
1997 781 2281 821 recentioribus
2308 783 2385 821 Til-

1439 841 1671 880 lemontium
1703 845 1796 880 tom.
1821 843 1913 881 XIII
1930 872 1941 890 ,
1965 853 2052 893 pag.
2077 841 2126 882 42
2150 853 2233 894 seq.
2257 842 2384 894 Hujus

1441 904 1572 941 Fausti
1622 902 1830 953 Volumen,
1860 903 1964 954 quod
2011 908 2101 955 post
2141 903 2383 945 ADIMANTI

1439 966 1631 1016 scriptum
1663 965 2031 1006 Semi-Christianis
2047 995 2056 1015 ,
2073 977 2173 1018 quos
2189 971 2306 1006 vocat
2319 978 2387 1018 op-

1439 1029 1570 1078 posuit
1593 1059 1601 1077 ,
1633 1029 1685 1067 ita
1714 1028 1856 1067 libellis
1883 1029 2065 1068 XXXIII.
2096 1029 2219 1069 solide
2247 1030 2384 1070 confu-

1441 1092 1540 1128 tavit
1569 1090 1675 1129 idem
1703 1089 1979 1142 Augustinus,
2009 1096 2054 1130 ut
2082 1092 2203 1131 verba
2246 1093 2385 1132 Fausti

1441 1163 1598 1202 semper
1615 1153 1697 1203 ipse
1720 1154 1976 1204 praemittat,
1998 1153 2154 1204 illisque
2184 1164 2297 1193 suam
2321 1165 2388 1194 su-

1442 1213 1604 1265 bjungat
1620 1216 2058 1266 responsionem,utque
2075 1215 2172 1255 adeo
2187 1216 2387 1268 integrum

1441 1281 1547 1314 certe
1577 1277 1705 1327 quoad
1737 1287 1935 1316 summam
1965 1289 2111 1325 rerum,
2133 1279 2269 1318 Fausti
2294 1279 2390 1317 scri-

1442 1342 1553 1389 ptum
1576 1339 1761 1378 videatur
1785 1350 2062 1379 conservasse.
2078 1340 2192 1380 Libro
2215 1340 2389 1380 secundo

1443 1402 1723 1450 quaestionum
1756 1402 1794 1439 in
1811 1402 2142 1453 Heptateuchum,
2159 1403 2389 1453 quaestione

1426 1464 1480 1504 .in
1511 1463 1694 1502 Exodum
1738 1464 1915 1504 secunda
1946 1475 2044 1516 opus
2085 1475 2204 1504 suum
2233 1463 2280 1503 de
2305 1464 2391 1503 vita

1442 1525 1777 1564 Patriarcharum
1806 1526 2003 1565 adversus
2031 1527 2226 1565 Faustum
2253 1525 2390 1578 Augu-

1443 1588 1573 1626 stinus
1603 1593 1815 1636 memorat,
1845 1588 1916 1626 sed
1945 1592 2052 1627 recte
2080 1599 2102 1627 a
2140 1588 2388 1627 Tillemontio

1443 1654 1536 1688 tom.
1566 1651 1657 1689 XIII
1676 1681 1686 1699 ,
1718 1661 1803 1701 pag.
1835 1651 1912 1690 292
1941 1655 2004 1689 est
2032 1654 2240 1699 notatum,
2271 1651 2386 1690 intel-

1443 1711 1505 1762 ligi
1526 1712 1668 1751 librum
1685 1711 1797 1751 XXII
1822 1713 1996 1761 illorum,
2013 1723 2113 1763 quos
2133 1716 2271 1752 contra
2290 1714 2389 1752 Fau-

1445 1778 1552 1813 stum
1584 1774 1804 1823 habemus,
1835 1776 1995 1825 saepius
2023 1774 2151 1813 editos
2182 1775 2285 1814 inter
2311 1774 2392 1815 Au-

1441 1838 1588 1887 gustini
1613 1848 1749 1888 opera,
1774 1841 1893 1888 atque
1913 1837 2049 1876 obvios
2064 1838 2104 1876 in
2125 1841 2231 1877 tomo
2247 1842 2387 1877 octavo

1442 1898 1624 1938 editionis
1655 1900 1896 1938 novissimae
1919 1898 2290 1948 Benedictinorum,
2320 1900 2390 1940 Pa-

1443 1963 1547 2000 risiis
1576 1962 1699 2001 semel
1726 1963 1950 2012 iterumque
1970 1965 2011 2001 et
2033 1961 2317 2002 Amstelodami
2341 1973 2387 2002 ac

1442 2025 1617 2063 Venetiis
1649 2025 1791 2075 praelis
1820 2023 2034 2076 subjectae.

1497 2086 1812 2124 FELICIABIUS
1856 2086 2078 2136 Episcopus
2117 2085 2386 2136 Arelatensis,

1448 2146 1564 2196 cujus
1592 2147 1830 2197 opusculum
1859 2146 2168 2186 admonitionum
2185 2151 2305 2200 atque
2332 2147 2391 2187 in-

1445 2208 1767 2260 terpretationum
1818 2210 2006 2247 Locorum
2056 2209 2206 2260 aliquot
2249 2210 2390 2250 Sacrae

1444 2272 1669 2321 Scripturae
1702 2271 1947 2318 difficilium,
1977 2270 2170 2322 prodiisse
2207 2271 2391 2312 Coloniae

1446 2336 1560 2374 13331.
1607 2336 1642 2372 8.
1673 2338 1784 2372 notat
1814 2334 2036 2383 DaumiuS,
2066 2344 2158 2372 cum
2188 2333 2390 2374 HONORII

1446 2396 1822 2447 Augustodunensis
1853 2395 2025 2446 Speculo
2048 2396 2276 2446 Ecclesiae,
2305 2397 2392 2436 sive

1445 2458 1693 2498 sermonibus
1723 2458 1770 2496 de
1800 2462 1977 2509 tempore
2005 2462 2045 2497 et
2091 2458 2263 2498 Sanctis.
2291 2458 2388 2498 Vide

1445 2526 1598 2560 tomum
1629 2522 1733 2560 XIII.
1764 2521 2026 2560 Bibliothecae
2049 2520 2222 2560 Graecae
2238 2533 2276 2572 p.
2300 2521 2388 2561 805.

1445 2583 1559 2635 Apud
1570 2583 1895 2622 Sammarthanos
1912 2587 2044 2622 tamen
2063 2583 2217 2622 nullum
2233 2583 2393 2623 Felicia-

1447 2648 1545 2684 rium
1563 2645 1834 2684 Arelatensem
1853 2646 2094 2696 Episcopum
2119 2646 2303 2695 invenio,
2321 2646 2391 2685 sed

1446 2707 1612 2745 Felicem
1637 2707 1739 2744 circa
1767 2705 1928 2744 Annum
1959 2706 2034 2744 680
2064 2710 2158 2744 tom.
2190 2707 2224 2745 1.
2255 2705 2388 2745 Anna-

1446 2770 1541 2808 lium
1574 2772 1811 2808 Francorum
1851 2780 1937 2819 pag.
1966 2769 2042 2808 612
2076 2773 2264 2819 typorum
2294 2769 2390 2807 vitio

1450 2832 1691 2870 Feliciarium
1722 2842 1789 2881 pro
1832 2829 2066 2870 CAESARIO
2100 2835 2348 2881 expressum·
2368 2831 2391 2859 a

1447 2894 1746 2934 Coloniensibus
1770 2893 1904 2932 fuisse.
1960 2940 1963 2942 ¹

1500 2959 1525 2995 F
1531 2958 1643 2996 ELIN
1651 2957 1711 2996 US
1730 2955 1929 3004 Sandeus,
1946 2956 2031 2994 sive
2047 2953 2270 3003 Sandaeus,
2287 2953 2391 3006 apud

1446 3020 1628 3058 Vossium
1655 3023 1838 3069 typorum
1872 3018 1968 3056 vitio
1999 3016 2230 3065 sanderus,
2257 3018 2390 3056 Ferra-

1448 3082 1607 3130 riensis,
1629 3082 1665 3119 in
1689 3081 1814 3132 patria
1831 3085 1870 3119 et
1891 3081 1991 3119 Pisis
2012 3081 2084 3119 Jus
2099 3079 2224 3119 Civile
2246 3077 2390 3127 docuit,

1445 3149 1484 3181 et
1507 3145 1555 3183 ab
1579 3143 1807 3182 Innocentio
1830 3147 1970 3181 octavo
2006 3141 2230 3193 praefectus
2267 3139 2388 3178 Rotae

1446 3207 1642 3244 Romanae
1680 3206 1783 3243 circa
1817 3203 1978 3243 Annum
2009 3203 2124 3242 1486.
2156 3205 2274 3251 atque
2299 3199 2388 3239 inde

1444 3268 1674 3307 Iladriensis
1697 3278 1742 3305 ac
1762 3267 1932 3317 denique
1956 3265 2029 3303 An.
2051 3263 2164 3303 1499.
2198 3263 2389 3302 Lucensis

1446 3333 1664 3381 Episcopus
1693 3329 1787 3366 obiit
1815 3327 1890 3367 An.
1921 3327 2034 3366 4503.
2059 3323 2156 3364 Vide
2179 3323 2388 3375 Ughellum
