2500 4009
412 213 484 252 'i'tS

460 288 571 325 mox
580 287 722 326 i'su's*
741 284 786 322 <lc
806 282 952 321 Lecti-Is
969 310 977 329 ‚
995 280 1118 329 patria
1143 274 1351 328 Ryclsellus

404 349 524 399 Belga
547 350 584 386 in
614 347 759 385 ditione
794 341 1042 381 Leodicensi:
1066 340 1251 389 Magister
1279 337 1351 376 Ar—

406 411 504 448 tium
534 408 796 452 Coloniensis‚
818 405 919 441 inter
957 399 1247 441 Cartliusianos
1273 400 1351 438 Ru-

405 470 618 510 remundae
651 467 754 518 apnd
783 464 949 503 Geldros
979 473 1122 500 nomen
1146 462 1352 512 professus

404 544 540 576 suu1n3
560 530 622 568 ubi
641 530 758 566 etiam
780 526 884 564 diem
908 525 1003 563 obiit
1027 524 1142 562 Anno
1164 523 1259 562 4474
1287 534 1352 561 ae-

402 596 494 633 tatis
523 591 585 630 77.
607 590 747 640 ingenii
769 594 806 626 et
830 587 1032 626 doctrinae
1053 582 1175 637 gloria
1209 595 1352 636 cogno—

403 667 492 693 men
516 652 693 691 Doctori's
722 649 916 690 Ecstact'ce?
940 650 1190 700 promeritus.
1220 648 1277 686 De
1305 658 1351 685 eo

399 714 640 753 consulenda
686 714 783 752 Acta
824 712 1059 751 Sanctorum
1097 711 1182 749 XII.
1224 709 1351 748 Martii

401 783 493 815 tom.
514 777 562 816 2.
588 786 674 827 pag.
701 776 790 814 245.
813 785 895 824 seq.
922 773 986 812 ubi
1007 774 1127 811 etiam
1152 772 1236 811 vita
1256 772 1353 810 scri-

398 845 462 890 pta
483 850 502 877 a
524 837 763 876 Theodorico
784 837 917 875 Loiirio
938 847 959 874 a
985 835 1153 882 Stratis,
1184 833 1352 873 Carthu-

399 902 508 940 siano
527 901 662 940 Colon.
698 911 782 951 pag.
818 898 906 938 247.
928 909 977 936 ex
1013 896 1184 936 editione
1213 896 1349 936 Colon.

398 964 499 1003 4532
523 963 561 1002 8.
586 969 629 1002 ut
650 967 894 1014 praeteream
915 971 1016 1011 quae
1037 959 1086 998 de
1110 970 1155 998 eo
1172 989 1180 1008 ‚
1198 960 1352 998 revela-

395 1026 647 1076 tionibusque
665 1025 714 1064 illi
736 1025 848 1063 factis
864 1024 1004 1061 Petrus
1016 1020 1240 1060 Dorlandus
1255 1021 1351 1060 libro

397 1089 565 1139 septimo
586 1087 766 1127 Chionici
792 1085 1088 1125 Carthusiensis
1107 1094 1193 1135 cap.
1209 1084 1245 1122 6.
1270 1094 1354 1134 seq.

396 1152 552 1201 aliique.
566 1150 900 1189 Lucubrationum
920 1146 1176 1186 multitudine
1187 1147 1273 1185 sive
1291 1157 1355 1185 ae.-

395 1215 546 1265 quavit,
563 1214 648 1250 sive
669 1212 872 1262 superavit
896 1211 934 1249 S.
949 1209 1233 1261 Augustinum‚
1253 1210 1291 1247 in
1312 1209 1355 1247 il-

398 1277 445 1314 lis
469 1274 688 1313 scribendis
722 1273 828 1312 nullo
856 1273 1091 1311 amanuensi
1109 1281 1219 1310 usus.
1236 1270 1353 1309 Elen-

395 1339 514 1377 elium
545 1338 823 1376 universorum
855 1336 1137 1386 opusculorum
1171 1338 1211 1372 et
1247 1344 1353 1372 com—

396 1400 678 1439 mentariorum
703 1408 867 1437 suorum
903 1397 987 1447 ipse
1023 1400 1184 1447 rogatus
1207 1394 1354 1433 descri-

400 1464 489 1514 psit,
513 1463 580 1512 qui
605 1459 852 1510 exstatapud
869 1459 1061 1498 Bzovium
1077 1457 1125 1497 ad
1143 1457 1217 1496 An.
1238 1456 1353 1496 4474.

399 1536 438 1562 n.
457 1525 564 1563 XXI.
587 1528 680 1561 tom.
704 1523 846 1568 xvim,
872 1533 908 1572 p.
936 1521 1077 1560 40-45,
1107 1524 1146 1558 et
1171 1520 1208 1557 in
1229 1518 1354 1557 Theo-

394 1586 476 1624 dori
519 1584 660 1635 Petreji
699 1584 939 1624 Bibliotheca
975 1581 1239 1622 Carthusiana
1263 1592 1350 1632 pag.

396 1648 538 1686 :lo-48.
568 1646 832 1686 conserendus
868 1657 960 1685 cum
991 1645 1116 1684 titulis
1151 1642 1254 1695 apud
1276 1644 1351 1681 Ge-

396 1722 583 1759 snerum,
606 1710 817 1748 Simlerum
839 1713 879 1746 et
905 1707 1166 1746 Possevinum
1191 1718 1239 1744 ex
1266 1707 1348 1744 Tri-

396 1772 531 1810 themii
547 1774 675 1823 capite
691 1770 779 1809 820.
805 1775 844 1809 et
869 1769 970 1821 apud
993 1769 1234 1808 Sweertium
1260 1780 1347 1819 pag.

396 1835 485 1873 ¹2¹5.
507 1835 561 1872 De
579 1834 816 1873 editionibus
853 1833 1079 1872 accuratius
1096 1830 1261 1870 tradunt
1274 1831 1349 1869 Va-

395 1896 514 1935 lerius
539 1896 718 1934 Andreas
754 1897 790 1933 in
816 1894 1056 1934 Bibliotheca
1081 1894 1236 1945 Belgica
1260 1905 1346 1945 pag.

401 1960 484 1998 186.
506 1963 545 1998 et
566 1960 759 1998 llenricus
796 1957 1042 1996 Warthonus
1063 1956 1110 1995 ad
1139 1956 1318 1996 Caveum
1337 1967 1346 2003 3

396 2021 691 2072 Lugdunensis,
708 2020 827 2059 editio
843 2021 1021 2058 omnium
1041 2029 1205 2069 operum
1227 2017 1348 2067 hujus

402 2085 575 2133 liionysii
599 2084 683 2121 Xll.
705 2082 978 2121 Voluminibus
995 2083 1032 2119 in
1051 2081 1112 2119 fol.
1134 2091 1253 2130 quam
1273 2080 1346 2118 An.

404 2146 518 2182 40:58.
544 2150 774 2195 exspectare
804 2143 925 2193 jussit
956 2142 1134 2181 Labbeus
1162 2141 1210 2179 de
1234 2141 1271 2179 S.
1302 2140 1347 2178 E.

401 2211 495 2243 tom.
528 2208 537 2244 1
555 2235 563 2252 ,
582 2218 666 2256 pag.
685 2206 774 2243 266.
794 2204 968 2242 nondum
984 2204 1113 2242 lucem
1132 2202 1229 2239 vidit
1243 2202 1348 2252 quod

403 2267 536 2304 sciam.
568 2267 609 2304 ln
649 2267 775 2315 libello
818 2266 863 2304 de
908 2268 1083 2316 quatuor
1123 2262 1350 2302 novissimis

401 2334 516 2366 caute
546 2328 755 2378 legendum
787 2329 937 2366 monuit.
965 2327 1229 2365 Bellarminus
1262 2337 1348 2376 pag.

409 2391 490 2428 404.
515 2391 562 2429 de
577 2392 614 2429 S.
634 2392 677 2429 Ε.
697 2395 736 2427 et
755 2390 990 2427 vernaculae
1007 2389 1212 2426 versiones
1230 2386 1350 2437 hujus

402 2452 484 2490 libri
514 2453 770 2504 prohibentur
805 2453 841 2489 in
882 2451 1011 2489 lndiee
1049 2450 1348 2500 expurgatorio,

400 2526 499 2563 «luae
530 2519 661 2552 tamen
700 2518 860 2552 exstant
885 2515 922 2550 in
953 2514 1074 2550 variis
1109 2512 1280 2562 linguis,
1306 2516 1350 2550 ut

402 2578 606 2626 llispanica
644 2575 794 2615 Madrit.
832 2576 944 2614 4630.
972 2575 1103 2613 italica
1147 2574 1248 2612 1583
1287 2575 1347 2612 42.

402 2639 547 2688 Nempe
569 2639 662 2676 vitio
682 2637 819 2675 datum
842 2638 1025 2686 Dionysio
1049 2640 1130 2684 est,
1150 2635 1253 2685 quod
1275 2640 1350 2673 art.

401 2701 461 2737 47.
493 2699 540 2737 ob
563 2699 754 2749 quasdam
790 2701 964 2737 visiones
993 2698 1108 2737 docet
1131 2699 1286 2737 animas
1310 2698 1346 2735 in

403 2764 621 2812 purgatorio
644 2764 812 2802 incertas
833 2774 920 2800 esse
937 2761 985 2800 de
1009 2765 1168 2799 aeterna
1194 2772 1265 2798 sua
1287 2771 1349 2798 sa-

404 2826 505 2872 lute,
530 2825 633 2874 quod
669 2824 976 2876 oppugnandum
1001 2824 1072 2862 sibi
1095 2824 1218 2861 sumit
1243 2822 1346 2861 idem

402 2886 662 2925 Bellarminus
680 2887 742 2925 lib.
759 2888 793 2925 2.
815 2886 862 2923 de
879 2886 1102 2938 purgatorio
1123 2896 1206 2935 cap.
1226 2885 1349 2923 4-.l⁴]x-

404 2952 479 2985 stat
500 2954 539 2986 et
559 2949 788 2988 Germanica
811 2950 939 2987 versio
961 2948 1146 2986 librorum
1173 2948 1348 2998 quinque

402 3008 594 3050 adversus
613 3010 854 3049 :ilcoranum
877 3014 913 3049 et
941 3012 1097 3050 Sectam
1123 3009 1350 3049 Mahomeci-

406 3082 516 3117 1,·(ιηι,
539 3084 657 3122 quam
681 3073 963 3112 confutandam
985 3073 1055 3111 sibi
1086 3072 1230 3122 delegit
1263 3074 1349 3111 Dio-

408 3134 545 3179 nysius
572 3136 752 3185 exemplo
780 3136 893 3173 amici
924 3136 983 3173 sui
1013 3135 1155 3174 hicolai
1186 3135 1348 3173 Cusani.

407 3192 622 3245 strasbury
660 3197 769 3235 1540.
806 3197 867 3235 iol.
905 3198 1076 3246 Dionysii
1110 3208 1184 3235 von
1218 3196 1347 3236 Rickel

409 3253 589 3299 Aleos-in,
621 3257 712 3295 orlei·
749 3259 814 3298 des
849 3257 1107 3297 Tur-elci'schen
1130 3258 1349 3298 Alcoranus

412 3315 564 3354 lttrilrrzlt
590 3319 666 3356 mid
689 3319 923 3370 iblchmmq.
952 3323 1002 3360 lic
1022 3320 1108 3371 ejus
1148 3322 1347 3361 Commen-

1194 202 1612 242 bloNx‘siUs

1426 275 1542 315 tarsis
1564 275 1603 314 in
1629 285 1789 316 sacram
1811 279 2068 330 scripturam
2094 279 2294 322 videndus
2318 282 2383 321 Ri-

1424 337 1597 376 ehardus
1634 338 1768 377 Simon
1805 340 1870 379 Ill.
1899 341 1959 379 34.
1992 341 2177 381 historiae
2211 343 2380 383 Criticae

1425 400 1522 438 lN'ovi
1553 399 1797 439 Testamenti
1833 413 1922 453 pag.
1953 402 2039 441 487.
2076 414 2160 455 seq.
2194 404 2380 444 Notitiam

1426 461 1672 512 singulorum
1693 463 1725 500 si
1746 463 1836 512 quis
1858 465 2057 513 requirat,
2078 469 2118 504 et
2141 465 2382 515 editionum,

1426 523 1557 563 Jacobi
1582 523 1617 562 le
1646 524 1753 574 Long
1790 524 2070 565 Bibliothecam
2102 538 2255 568 sacram
2290 539 2384 568 exe-

1426 586 1594 635 geticam
1614 585 1797 625 consulet
1817 597 1902 637 pag.
1929 586 2005 625 828
2027 588 2116 628 829.
2143 590 2300 642 illisque
2316 589 2384 630 ad-

1425 647 1494 685 det
1515 647 1825 686 Emi—rationem
1849 647 2120 700 Epistolarum
2143 654 2182 690 et
2199 652 2381 703 Evauqc-

1428 708 1572 747 le'orum
1602 710 1709 760 typis
1730 711 1972 760 exscriptam
1991 712 2110 750 Paris.
2133 713 2247 753 4544.
2274 715 2336 754 fol.

1479 771 1750 811 DIONYSIUS
1767 771 2021 811 Cassinensis
2036 773 2266 825 Monachus,
2283 778 2379 816 scri-

1427 839 1514 884 ptor
1540 832 1646 871 vitae
1669 833 1709 872 S.
1730 831 1907 882 Lidyani,
1940 832 2106 874 Abbatis
2123 835 2164 875 S.
2190 837 2380 878 Caeciliae

1425 895 1585 934 Ordinis
1604 893 1850 934 Benedictini
1875 895 1914 933 in
1940 906 2034 947 agro
2056 896 2220 947 Setino,
2240 898 2382 940 defun-

1426 957 1585 997 etiAndi
1600 959 1612 997 4
1626 959 1639 997 4
1651 957 1674 995 8
1690 956 1739 996 ad
1750 968 1874 1007 quem
1889 968 2039 997 annum
2056 959 2251 1000 Baronius
2270 973 2380 1002 num.

1428 1022 1490 1059 28.
1516 1019 1686 1070 Scripsit
1707 1030 1774 1058 res
1795 1017 1846 1057 ab
1862 1030 1904 1058 eo
1917 1023 2053 1070 qestas
2068 1021 2283 1074 Dionysius
2299 1024 2381 1063 Mo-

1428 1081 1580 1121 nachus
1611 1081 1886 1130 Cassinensis‚
1911 1081 1982 1121 secl
2003 1094 2072 1122 eas
2095 1082 2255 1125 mendis
2280 1083 2383 1125 obsi-

1430 1149 1490 1184 las
1515 1143 1654 1196 quisse
1673 1141 1786 1183 nobis
1806 1143 1980 1195 contzyit.
2283 1138 2287 1142 ’

1481 1204 1747 1246 DIONYSIUS
1764 1206 1888 1246 Caroli
1905 1206 1978 1245 loci
1993 1207 2209 1248 Monachus
2226 1207 2376 1249 Cister-

1428 1268 1570 1308 ciensis
1592 1269 1695 1307 circa
1718 1266 1881 1307 Annum
1900 1269 2002 1308 4230
2019 1271 2246 1321 composuit
2264 1270 2379 1310 Com-

1422 1330 1610 1383 pendium
1646 1330 1753 1369 vitae
1789 1331 1830 1370 S.
1868 1329 2077 1381 Guilelmi,
2121 1330 2381 1372 Bituriceusv's

1426 1391 1745 1445 Archiepiscopi,
1773 1397 1813 1431 et
1835 1392 2038 1443 quondam
2063 1394 2190 1434 Caroli
2210 1394 2283 1434 loci
2302 1393 2381 1434 Ab·

1427 1456 1548 1504 batis,
1578 1456 1643 1506 qui
1674 1455 1769 1494 obiit
1796 1454 1870 1494 An.
1897 1455 2014 1504 4209,
2038 1457 2088 1495 X.
2112 1457 2315 1505 Januarii,
2343 1456 2378 1506 a)

1426 1517 1472 1556 ad
1503 1529 1623 1568 quem
1658 1517 1762 1556 diem
1805 1517 1914 1557 adire
1954 1518 2087 1557 licebit
2130 1519 2292 1558 Surium
2337 1522 2378 1558 et

1424 1580 1524 1619 Acta
1552 1580 1789 1619 Sanctorum
1815 1584 1909 1618 torn.
1945 1581 1978 1618 4.
2007 1580 2201 1620 Januarii.

1475 1643 1744 1682 DIONYSIUS
1775 1641 2052 1682 Cistercz'eusis
2085 1641 2262 1693 juinior,
2301 1642 2376 1680 Do-

1422 1704 1541 1744 ctoris
1569 1704 1674 1743 clarc·
1698 1716 1746 1744 ac
1769 1703 1926 1745 subtilis
1955 1705 2080 1757 elogio
2117 1709 2317 1744 mactatus
2347 1716 2370 1744 a

1422 1767 1560 1807 Carolo
1580 1767 1628 1806 de
1645 1767 1764 1806 Visch
1783 1770 1820 1806 in
1837 1767 2079 1807 Bibliotheca
2095 1767 2189 1806 Ord.
2207 1767 2374 1807 Cisterc.

1422 1841 1506 1880 pag.
1531 1830 1580 1868 84
1607 1831 1775 1881 scriptor
1807 1829 2194 1870 Commentariorum
2223 1829 2264 1868 in
2294 1829 2380 1869 Ma-

1418 1892 1540 1942 gyistrt‘
1576 1892 1861 1931 sententiarum
1902 1896 2079 1944 quatuor
2120 1890 2243 1931 libros
2258 1923 2267 1937 ,
2308 1892 2375 1946 qui

1421 1954 1599 2006 prodiere
1620 1956 1694 1994 sub
1714 1957 1916 1995 nascentis
1933 1955 2216 2006 typographiae
2239 1954 2370 2003 initia,

1421 2018 1579 2056 Parisiis
1609 2018 1646 2055 in
1678 2017 1766 2055 folio
1795 2017 1900 2068 apud
1930 2017 2120 2056 Poncium
2143 2017 2180 2056 le
2209 2018 2350 2056 Preux.

1473 2080 1743 2118 DIONYSIUS
1773 2078 1987 2126 Cellensis,
2013 2079 2233 2118 lletruscus
2250 2110 2262 2128 ,
2288 2079 2369 2119 Au-

1422 2142 1673 2192 gustinianus
1700 2141 1804 2179 circa
1826 2139 1988 2179 Annum
2011 2139 2114 2179 4470
2139 2141 2300 2192 scripsit
2323 2138 2371 2179 de

1421 2206 1508 2241 arte
1527 2201 1830 2251 sermocinandi,
1855 2201 1902 2240 de
1918 2200 2218 2252 pulchritudine
2235 2201 2370 2254 pacis,

1423 2269 1463 2301 et
1504 2268 1718 2303 tractatum
1759 2263 1805 2302 de
1847 2267 1969 2302 morte
1985 2295 1995 2312 ,
2039 2263 2156 2314 cujus
2193 2264 2373 2303 omnium

1424 2326 1546 2365 ferme
1574 2328 1747 2377 capitum
1778 2327 1849 2365 hoc
1873 2331 1936 2365 est
1965 2325 2199 2365 exordium:
2235 2325 2377 2366 Omnes

1422 2387 1619 2426 morimur
1653 2392 1691 2427 et
1718 2388 1841 2441 quasi
1871 2400 1981 2440 aqua
2009 2386 2240 2428 dilabimur.
2271 2388 2369 2428 Vide

1426 2450 1600 2489 Elssium
1634 2462 1720 2501 pag.
1747 2452 1837 2490 469.

1476 2512 1692 2551 Monachus
1717 2511 1909 2553 Caenobc'i
1933 2514 1973 2553 S.
2002 2513 2226 2553 DIONYSII
2249 2542 2258 2562 ‚
2279 2513 2376 2552 scri—

1425 2580 1512 2626 ptor
1551 2586 1727 2614 coaevus
1753 2579 1956 2626 yestorum
1984 2572 2202 2627 Daqoberti
2235 2575 2278 2626 Ι,
2309 2575 2376 2614 filii

1423 2638 1610 2677 Chlotarii
1633 2639 1680 2677 ll.
1703 2639 1820 2689 Regis
1850 2640 2090 2677 Francorum
2118 2637 2166 2676 ab
2192 2637 2270 2677 An.
2294 2638 2372 2678 628

1421 2700 1468 2738 ad
1507 2701 1594 2739 638.
1631 2701 1805 2739 Exstant
1835 2702 1873 2739 in
1903 2705 1997 2739 tom.
2039 2699 2065 2738 1.
2099 2698 2282 2739 Andreae
2322 2699 2375 2740 du

1423 2763 1584 2802 Chesne
1608 2775 1694 2813 pag.
1726 2762 1915 2802 574-589.

1472 2825 1670 2875 Anonymi
1707 2825 1951 2864 Benedictini
1981 2821 2208 2865 Chronicon
2238 2824 2375 2865 Eccle—

1422 2888 1502 2926 siae
1527 2888 1564 2926 S.
1583 2888 1804 2927 DlONYSll
1826 2887 1947 2926 breve
1972 2887 2020 2926 ad
2040 2887 2186 2938 Cyclos
2207 2886 2376 2926 Pascha-

1424 2950 1492 2998 les,
1518 2950 1566 2988 ab
1591 2948 1663 2988 An.
1682 2950 1759 2988 986
1788 2949 1838 2988 ad
1865 2950 1969 2991 4292
1997 2953 2092 2988 tom.
2109 2949 2156 2998 ΙΙ,
2179 2948 2370 3000 spicilegii

1422 3011 1651 3050 Dacheriani
1676 3024 1761 3063 pag.
1788 3011 1865 3050 808
1889 3016 1930 3049 et
1955 3015 2048 3050 tom.
2088 3011 2144 3060 ΙΙ,
2183 3009 2276 3049 edit.
2306 3020 2375 3048 no-

1423 3085 1495 3112 vae
1517 3086 1592 3124 pag
1637 3075 1712 3113 495
1736 3073 1783 3112 ad
1811 3073 1899 3111 498.

1476 3136 1743 3176 DIONYSlUS
1758 3134 1957 3186 Eoeiyuus,
1979 3135 2137 3173 natione
2155 3132 2316 3184 Scytha,
2334 3132 2370 3182 b)

1477 3237 1510 3270 a)
1532 3229 1772 3261 sammarthani
1800 3233 1824 3261 t.
1851 3230 1861 3259 1
1881 3228 2003 3260 Galliae
2026 3228 2235 3260 Christianae
2248 3237 2280 3268 p.
2305 3227 2377 3260 174.

1476 3281 1511 3321 b)
1532 3280 1716 3312 cassiodor.
1733 3287 1803 3319 cap.
1827 3279 1868 3310 2-5
1883 3278 1923 3310 de
1947 3279 2161 3315 institutione
2179 3278 2377 3311 Divinarum

1419 3333 1626 3363 Litterarum.
