<?xml version="1.0" encoding="UTF-8"?>
<!DOCTYPE html PUBLIC "-//W3C//DTD XHTML 1.0 Transitional//EN"
    "http://www.w3.org/TR/xhtml1/DTD/xhtml1-transitional.dtd">
<html xmlns="http://www.w3.org/1999/xhtml" xml:lang="en" lang="en">
 <head>
  <title>
</title>
<meta http-equiv="Content-Type" content="text/html;charset=utf-8" />
  <meta name='ocr-system' content='tesseract 3.04.00' />
  <meta name='ocr-capabilities' content='ocr_page ocr_carea ocr_par ocr_line ocrx_word'/>
</head>
<body>
  <div class='ocr_page' id='page_1' title='image "./bibliothecalatin01fabruoft_0131.png"; bbox 0 0 2500 3841; ppageno 0'>
   <div class='ocr_carea' id='block_1_1' title="bbox 937 217 2135 259">
    <p class='ocr_par' dir='ltr' id='par_1_1' title="bbox 937 217 2135 259">
     <span class='ocr_line' id='line_1_1' title="bbox 937 217 2135 259; baseline -0.002 -1"><span class='ocrx_word' id='word_1_1' title='bbox 937 217 1322 259; x_wconf 81' lang='lat' dir='ltr'>ANGELICA</span> <span class='ocrx_word' id='word_1_2' title='bbox 2083 218 2135 257; x_wconf 81' lang='lat'><em>93</em></span> 
     </span>
    </p>
   </div>
   <div class='ocr_carea' id='block_1_2' title="bbox 131 287 1103 3394">
    <p class='ocr_par' dir='ltr' id='par_1_2' title="bbox 144 287 1103 514">
     <span class='ocr_line' id='line_1_2' title="bbox 153 287 1103 340; baseline 0.001 -11"><span class='ocrx_word' id='word_1_3' title='bbox 153 289 215 329; x_wconf 84' lang='lat' dir='ltr'><em>fol.</em></span> <span class='ocrx_word' id='word_1_4' title='bbox 253 287 430 327; x_wconf 80' lang='lat' dir='ltr'>notitiam</span> <span class='ocrx_word' id='word_1_5' title='bbox 468 287 710 339; x_wconf 79' lang='lat' dir='ltr'>Scriptorum</span> <span class='ocrx_word' id='word_1_6' title='bbox 748 287 990 340; x_wconf 88' lang='lat' dir='ltr'><em>aliorumque</em></span> <span class='ocrx_word' id='word_1_7' title='bbox 1019 288 1103 330; x_wconf 87' lang='lat' dir='ltr'><em>AN-</em></span> 
     </span>
     <span class='ocr_line' id='line_1_3' title="bbox 144 350 1098 402; baseline 0.001 -11"><span class='ocrx_word' id='word_1_8' title='bbox 144 352 295 391; x_wconf 88' lang='lat' dir='ltr'><strong>DREAE</strong></span> <span class='ocrx_word' id='word_1_9' title='bbox 316 351 473 389; x_wconf 93' lang='lat' dir='ltr'><em>nomine</em></span> <span class='ocrx_word' id='word_1_10' title='bbox 494 354 812 401; x_wconf 81' lang='lat' dir='ltr'>nuncupatorum</span> <span class='ocrx_word' id='word_1_11' title='bbox 833 350 1098 402; x_wconf 83' lang='lat' dir='ltr'>subjunxisse.</span> 
     </span>
     <span class='ocr_line' id='line_1_4' title="bbox 145 412 1099 463; baseline 0 -10"><span class='ocrx_word' id='word_1_12' title='bbox 145 413 225 453; x_wconf 85' lang='lat' dir='ltr'><em>Sed</em></span> <span class='ocrx_word' id='word_1_13' title='bbox 262 414 300 452; x_wconf 92' lang='lat' dir='ltr'><em>in</em></span> <span class='ocrx_word' id='word_1_14' title='bbox 340 412 434 451; x_wconf 91' lang='lat' dir='ltr'><em>illud</em></span> <span class='ocrx_word' id='word_1_15' title='bbox 474 413 661 451; x_wconf 90' lang='lat' dir='ltr'><em>volumen</em></span> <span class='ocrx_word' id='word_1_16' title='bbox 694 412 894 463; x_wconf 83' lang='lat' dir='ltr'><em>Saussayii</em></span> <span class='ocrx_word' id='word_1_17' title='bbox 930 413 1099 453; x_wconf 85' lang='lat' dir='ltr'>necdum</span> 
     </span>
     <span class='ocr_line' id='line_1_5' title="bbox 144 475 409 514; baseline -0.004 -1"><span class='ocrx_word' id='word_1_18' title='bbox 144 475 274 514; x_wconf 79' lang='lat' dir='ltr'><em>Incidi:</em></span> <span class='ocrx_word' id='word_1_19' title='bbox 406 510 409 512; x_wconf 83' lang='lat'><em>.</em></span> 
     </span>
    </p>

    <p class='ocr_par' dir='ltr' id='par_1_3' title="bbox 150 537 1098 640">
     <span class='ocr_line' id='line_1_6' title="bbox 201 537 1098 589; baseline 0 -12"><span class='ocrx_word' id='word_1_20' title='bbox 201 537 482 579; x_wconf 87' lang='lat' dir='ltr'>ANDRENSIS</span> <span class='ocrx_word' id='word_1_21' title='bbox 510 538 733 577; x_wconf 90' lang='lat' dir='ltr'><em>Monasterii</em></span> <span class='ocrx_word' id='word_1_22' title='bbox 760 538 940 577; x_wconf 80' lang='lat' dir='ltr'>Historia.</span> <span class='ocrx_word' id='word_1_23' title='bbox 969 539 1098 589; x_wconf 86' lang='lat' dir='ltr'><em>Infra,</em></span> 
     </span>
     <span class='ocr_line' id='line_1_7' title="bbox 150 598 531 640; baseline -0.003 -1"><span class='ocrx_word' id='word_1_24' title='bbox 150 599 364 640; x_wconf 78' lang='lat' dir='ltr'><em>sz&#39;lelmus</em></span> <span class='ocrx_word' id='word_1_25' title='bbox 387 598 531 639; x_wconf 78' lang='lat' dir='ltr'><em>Abbas.</em></span> 
     </span>
    </p>

    <p class='ocr_par' dir='ltr' id='par_1_4' title="bbox 140 661 1098 1027">
     <span class='ocr_line' id='line_1_8' title="bbox 196 661 1097 714; baseline -0.001 -12"><span class='ocrx_word' id='word_1_26' title='bbox 196 661 401 703; x_wconf 88' lang='lat' dir='ltr'><strong>ANGELA</strong></span> <span class='ocrx_word' id='word_1_27' title='bbox 411 664 643 713; x_wconf 92' lang='lat' dir='ltr'><em>Palaestina,</em></span> <span class='ocrx_word' id='word_1_28' title='bbox 653 663 876 714; x_wconf 88' lang='lat' dir='ltr'><em>Raymundi</em></span> <span class='ocrx_word' id='word_1_29' title='bbox 892 662 1097 702; x_wconf 75' lang='lat' dir='ltr'><em>Bohemz&#39;ae</em></span> 
     </span>
     <span class='ocr_line' id='line_1_9' title="bbox 141 725 1096 777; baseline 0 -13"><span class='ocrx_word' id='word_1_30' title='bbox 141 726 258 777; x_wconf 86' lang='lat' dir='ltr'><em>Regis</em></span> <span class='ocrx_word' id='word_1_31' title='bbox 273 725 351 765; x_wconf 86' lang='lat' dir='ltr'><em>filia</em></span> <span class='ocrx_word' id='word_1_32' title='bbox 365 726 468 765; x_wconf 90' lang='lat' dir='ltr'><em>circa</em></span> <span class='ocrx_word' id='word_1_33' title='bbox 486 725 647 765; x_wconf 87' lang='lat' dir='ltr'><em>Annum</em></span> <span class='ocrx_word' id='word_1_34' title='bbox 669 727 782 776; x_wconf 87' lang='grc'>4466,</span> <span class='ocrx_word' id='word_1_35' title='bbox 799 737 918 776; x_wconf 86' lang='lat' dir='ltr'><em>quam</em></span> <span class='ocrx_word' id='word_1_36' title='bbox 936 726 1096 765; x_wconf 79' lang='lat' dir='ltr'><em>Carme-</em></span> 
     </span>
     <span class='ocr_line' id='line_1_10' title="bbox 142 787 1097 839; baseline -0.001 -12"><span class='ocrx_word' id='word_1_37' title='bbox 142 788 234 828; x_wconf 88' lang='lat' dir='ltr'><em>litae</em></span> <span class='ocrx_word' id='word_1_38' title='bbox 253 789 336 827; x_wconf 90' lang='lat' dir='ltr'><em>suis</em></span> <span class='ocrx_word' id='word_1_39' title='bbox 358 787 603 837; x_wconf 89' lang='lat' dir='ltr'><em>adscribunt,</em></span> <span class='ocrx_word' id='word_1_40' title='bbox 623 788 882 839; x_wconf 87' lang='lat' dir='ltr'><em>tribuuntque</em></span> <span class='ocrx_word' id='word_1_41' title='bbox 906 789 959 826; x_wconf 94' lang='lat' dir='ltr'><em>illi</em></span> <span class='ocrx_word' id='word_1_42' title='bbox 980 789 1097 827; x_wconf 82' lang='lat' dir='ltr'><em>Reve-</em></span> 
     </span>
     <span class='ocr_line' id='line_1_11' title="bbox 141 849 1098 890; baseline -0.002 -1"><span class='ocrx_word' id='word_1_43' title='bbox 141 849 304 890; x_wconf 81' lang='lat' dir='ltr'><em>lationes</em></span> <span class='ocrx_word' id='word_1_44' title='bbox 324 855 363 889; x_wconf 90' lang='lat' dir='ltr'><em>et</em></span> <span class='ocrx_word' id='word_1_45' title='bbox 385 849 433 889; x_wconf 89' lang='lat' dir='ltr'><em>ad</em></span> <span class='ocrx_word' id='word_1_46' title='bbox 456 851 642 890; x_wconf 87' lang='lat' dir='ltr'><em>Moniales</em></span> <span class='ocrx_word' id='word_1_47' title='bbox 665 862 758 890; x_wconf 90' lang='lat' dir='ltr'><em>suas</em></span> <span class='ocrx_word' id='word_1_48' title='bbox 778 849 1098 889; x_wconf 67' lang='lat' dir='ltr'><em>eoekortatc‘onum</em></span> 
     </span>
     <span class='ocr_line' id='line_1_12' title="bbox 141 911 1095 965; baseline -0.003 -12"><span class='ocrx_word' id='word_1_49' title='bbox 141 914 300 962; x_wconf 89' lang='lat' dir='ltr'><em>librum,</em></span> <span class='ocrx_word' id='word_1_50' title='bbox 317 917 356 952; x_wconf 88' lang='lat' dir='ltr'><em>et</em></span> <span class='ocrx_word' id='word_1_51' title='bbox 372 911 720 965; x_wconf 77' lang='lat' dir='ltr'><em>contemplationes</em></span> <span class='ocrx_word' id='word_1_52' title='bbox 737 912 783 951; x_wconf 80' lang='lat' dir='ltr'><em>de</em></span> <span class='ocrx_word' id='word_1_53' title='bbox 801 912 955 952; x_wconf 88' lang='lat' dir='ltr'><em>CHRIS</em></span> <span class='ocrx_word' id='word_1_54' title='bbox 962 912 1033 950; x_wconf 89' lang='lat' dir='ltr'><em>TO.</em></span> <span class='ocrx_word' id='word_1_55' title='bbox 1044 913 1095 950; x_wconf 91' lang='lat' dir='ltr'><em>Et</em></span> 
     </span>
     <span class='ocr_line' id='line_1_13' title="bbox 140 975 1095 1027; baseline -0.004 -11"><span class='ocrx_word' id='word_1_56' title='bbox 140 976 191 1016; x_wconf 86' lang='lat' dir='ltr'><em>de</em></span> <span class='ocrx_word' id='word_1_57' title='bbox 206 977 348 1015; x_wconf 90' lang='lat' dir='ltr'><em>Sancta</em></span> <span class='ocrx_word' id='word_1_58' title='bbox 363 976 623 1015; x_wconf 88' lang='lat' dir='ltr'><em>Eucharistia.</em></span> <span class='ocrx_word' id='word_1_59' title='bbox 640 975 736 1015; x_wconf 90' lang='lat' dir='ltr'><em>Vide</em></span> <span class='ocrx_word' id='word_1_60' title='bbox 751 975 891 1027; x_wconf 84' lang='lat' dir='ltr'><em>Alegre</em></span> <span class='ocrx_word' id='word_1_61' title='bbox 909 986 994 1026; x_wconf 90' lang='lat' dir='ltr'><em>pag.</em></span> <span class='ocrx_word' id='word_1_62' title='bbox 1006 975 1095 1014; x_wconf 72' lang='lat'><em>253.</em></span> 
     </span>
    </p>

    <p class='ocr_par' dir='ltr' id='par_1_5' title="bbox 131 1035 1098 3394">
     <span class='ocr_line' id='line_1_14' title="bbox 194 1035 1095 1088; baseline -0.003 -11"><span class='ocrx_word' id='word_1_63' title='bbox 194 1035 397 1078; x_wconf 90' lang='lat' dir='ltr'><strong>ANGELA</strong></span> <span class='ocrx_word' id='word_1_64' title='bbox 406 1037 453 1076; x_wconf 87' lang='lat' dir='ltr'><em>de</em></span> <span class='ocrx_word' id='word_1_65' title='bbox 462 1036 648 1088; x_wconf 70' lang='lat' dir='ltr'><em>Fulyineo</em></span> <span class='ocrx_word' id='word_1_66' title='bbox 665 1038 844 1088; x_wconf 89' lang='lat' dir='ltr'><em>(Fuligno</em></span> <span class='ocrx_word' id='word_1_67' title='bbox 866 1038 903 1074; x_wconf 94' lang='lat' dir='ltr'><em>in</em></span> <span class='ocrx_word' id='word_1_68' title='bbox 921 1036 1095 1084; x_wconf 88' lang='lat' dir='ltr'><em>Umbria)</em></span> 
     </span>
     <span class='ocr_line' id='line_1_15' title="bbox 140 1097 1096 1150; baseline -0.005 -10"><span class='ocrx_word' id='word_1_69' title='bbox 140 1101 234 1140; x_wconf 89' lang='lat' dir='ltr'><em>obiit</em></span> <span class='ocrx_word' id='word_1_70' title='bbox 249 1099 362 1140; x_wconf 83' lang='lat' dir='ltr'><em>Anno</em></span> <span class='ocrx_word' id='word_1_71' title='bbox 381 1100 553 1150; x_wconf 73' lang='lat' dir='ltr'><em>4309,de</em></span> <span class='ocrx_word' id='word_1_72' title='bbox 567 1111 643 1150; x_wconf 87' lang='lat' dir='ltr'><em>qua</em></span> <span class='ocrx_word' id='word_1_73' title='bbox 654 1099 900 1148; x_wconf 87' lang='lat' dir='ltr'><em>Waddingus</em></span> <span class='ocrx_word' id='word_1_74' title='bbox 920 1097 969 1136; x_wconf 90' lang='lat' dir='ltr'><em>ad</em></span> <span class='ocrx_word' id='word_1_75' title='bbox 987 1098 1096 1136; x_wconf 91' lang='lat' dir='ltr'><em>illum</em></span> 
     </span>
     <span class='ocr_line' id='line_1_16' title="bbox 140 1160 1097 1213; baseline -0.006 -10"><span class='ocrx_word' id='word_1_76' title='bbox 140 1175 308 1213; x_wconf 85' lang='lat' dir='ltr'><em>annum,</em></span> <span class='ocrx_word' id='word_1_77' title='bbox 333 1163 399 1203; x_wconf 84' lang='lat' dir='ltr'><em>ubi</em></span> <span class='ocrx_word' id='word_1_78' title='bbox 418 1165 537 1202; x_wconf 90' lang='lat' dir='ltr'><em>etiam</em></span> <span class='ocrx_word' id='word_1_79' title='bbox 554 1163 658 1201; x_wconf 90' lang='lat' dir='ltr'><em>illius</em></span> <span class='ocrx_word' id='word_1_80' title='bbox 683 1162 966 1200; x_wconf 76' lang='lat' dir='ltr'><em>Testamentum</em></span> <span class='ocrx_word' id='word_1_81' title='bbox 986 1160 1097 1198; x_wconf 84' lang='lat' dir='ltr'><em>exhi-</em></span> 
     </span>
     <span class='ocr_line' id='line_1_17' title="bbox 139 1221 1095 1276; baseline -0.004 -12"><span class='ocrx_word' id='word_1_82' title='bbox 139 1225 217 1264; x_wconf 88' lang='lat' dir='ltr'><em>bet.</em></span> <span class='ocrx_word' id='word_1_83' title='bbox 242 1224 340 1276; x_wconf 88' lang='lat' dir='ltr'><em>Ejus</em></span> <span class='ocrx_word' id='word_1_84' title='bbox 364 1223 536 1264; x_wconf 81' lang='lat' dir='ltr'><em>libellum</em></span> <span class='ocrx_word' id='word_1_85' title='bbox 554 1222 777 1276; x_wconf 77' lang='lat' dir='ltr'><em>spiritualis</em></span> <span class='ocrx_word' id='word_1_86' title='bbox 800 1221 1025 1270; x_wconf 83' lang='lat' dir='ltr'><em>doctrinae,</em></span> <span class='ocrx_word' id='word_1_87' title='bbox 1048 1233 1095 1260; x_wconf 83' lang='lat' dir='ltr'><em>ac</em></span> 
     </span>
     <span class='ocr_line' id='line_1_18' title="bbox 140 1283 1097 1339; baseline -0.005 -13"><span class='ocrx_word' id='word_1_88' title='bbox 140 1285 415 1339; x_wconf 74' lang='lat' dir='ltr'><em>multiplicium</em></span> <span class='ocrx_word' id='word_1_89' title='bbox 434 1285 630 1326; x_wconf 74' lang='lat' dir='ltr'><em>visionum</em></span> <span class='ocrx_word' id='word_1_90' title='bbox 653 1288 691 1323; x_wconf 78' lang='lat' dir='ltr'><em>et</em></span> <span class='ocrx_word' id='word_1_91' title='bbox 710 1283 1015 1323; x_wconf 77' lang='lat' dir='ltr'><em>consolationum</em></span> <span class='ocrx_word' id='word_1_92' title='bbox 1030 1283 1097 1322; x_wconf 75' lang='lat' dir='ltr'><em>Di-</em></span> 
     </span>
     <span class='ocr_line' id='line_1_19' title="bbox 142 1346 1096 1389; baseline -0.003 0"><span class='ocrx_word' id='word_1_93' title='bbox 142 1349 328 1389; x_wconf 81' lang='lat' dir='ltr'><em>vinarum</em></span> <span class='ocrx_word' id='word_1_94' title='bbox 354 1350 479 1388; x_wconf 81' lang='lat' dir='ltr'><em>Venet.</em></span> <span class='ocrx_word' id='word_1_95' title='bbox 503 1346 613 1387; x_wconf 78' lang='lat' dir='ltr'><em>Anno</em></span> <span class='ocrx_word' id='word_1_96' title='bbox 640 1348 739 1389; x_wconf 73' lang='grc'>4524</span> <span class='ocrx_word' id='word_1_97' title='bbox 767 1359 815 1386; x_wconf 87' lang='lat' dir='ltr'><em>ex</em></span> <span class='ocrx_word' id='word_1_98' title='bbox 840 1347 1004 1386; x_wconf 88' lang='lat' dir='ltr'><em>Officina</em></span> <span class='ocrx_word' id='word_1_99' title='bbox 1021 1347 1096 1386; x_wconf 88' lang='lat' dir='ltr'><em>fra-</em></span> 
     </span>
     <span class='ocr_line' id='line_1_20' title="bbox 142 1409 1096 1461; baseline -0.005 -10"><span class='ocrx_word' id='word_1_100' title='bbox 142 1415 249 1451; x_wconf 88' lang='lat' dir='ltr'><em>trum</em></span> <span class='ocrx_word' id='word_1_101' title='bbox 276 1411 325 1451; x_wconf 93' lang='lat' dir='ltr'><em>de</em></span> <span class='ocrx_word' id='word_1_102' title='bbox 355 1411 488 1461; x_wconf 87' lang='lat' dir='ltr'><em>Sabio,</em></span> <span class='ocrx_word' id='word_1_103' title='bbox 528 1409 676 1449; x_wconf 79' lang='lat' dir='ltr'><em>editum</em></span> <span class='ocrx_word' id='word_1_104' title='bbox 703 1410 824 1449; x_wconf 79' lang='lat' dir='ltr'><strong>refert</strong></span> <span class='ocrx_word' id='word_1_105' title='bbox 858 1410 1096 1448; x_wconf 90' lang='lat' dir='ltr'><em>Possevinus</em></span> 
     </span>
     <span class='ocr_line' id='line_1_21' title="bbox 139 1471 1096 1525; baseline -0.004 -11"><span class='ocrx_word' id='word_1_106' title='bbox 139 1473 284 1525; x_wconf 86' lang='lat' dir='ltr'><em>Appar.</em></span> <span class='ocrx_word' id='word_1_107' title='bbox 315 1474 420 1513; x_wconf 87' lang='lat' dir='ltr'><em>Sacr.</em></span> <span class='ocrx_word' id='word_1_108' title='bbox 464 1478 558 1512; x_wconf 88' lang='lat' dir='ltr'><em>tom.</em></span> <span class='ocrx_word' id='word_1_109' title='bbox 596 1474 610 1512; x_wconf 96' lang='grc' dir='ltr'>Ι</span> <span class='ocrx_word' id='word_1_110' title='bbox 639 1484 726 1524; x_wconf 89' lang='lat' dir='ltr'><em>pag.</em></span> <span class='ocrx_word' id='word_1_111' title='bbox 756 1471 806 1510; x_wconf 90' lang='grc'><em>77</em></span> <span class='ocrx_word' id='word_1_112' title='bbox 837 1473 972 1511; x_wconf 88' lang='lat' dir='ltr'><em>Latina</em></span> <span class='ocrx_word' id='word_1_113' title='bbox 1000 1472 1096 1510; x_wconf 88' lang='lat' dir='ltr'><em>haec</em></span> 
     </span>
     <span class='ocr_line' id='line_1_22' title="bbox 139 1534 1097 1587; baseline -0.002 -13"><span class='ocrx_word' id='word_1_114' title='bbox 139 1535 257 1575; x_wconf 86' lang='lat' dir='ltr'><em>editio</em></span> <span class='ocrx_word' id='word_1_115' title='bbox 286 1540 422 1587; x_wconf 90' lang='lat' dir='ltr'><em>postea</em></span> <span class='ocrx_word' id='word_1_116' title='bbox 450 1536 607 1574; x_wconf 90' lang='lat' dir='ltr'><em>Parisiis</em></span> <span class='ocrx_word' id='word_1_117' title='bbox 646 1535 735 1585; x_wconf 92' lang='lat' dir='ltr'><em>(ubi</em></span> <span class='ocrx_word' id='word_1_118' title='bbox 764 1546 921 1585; x_wconf 88' lang='lat' dir='ltr'><em>quoque</em></span> <span class='ocrx_word' id='word_1_119' title='bbox 951 1534 1097 1573; x_wconf 90' lang='lat' dir='ltr'><em>Gallica</em></span> 
     </span>
     <span class='ocr_line' id='line_1_23' title="bbox 139 1597 1098 1649; baseline -0.003 -12"><span class='ocrx_word' id='word_1_120' title='bbox 139 1598 304 1649; x_wconf 90' lang='lat' dir='ltr'><em>prodiit)</em></span> <span class='ocrx_word' id='word_1_121' title='bbox 329 1602 369 1637; x_wconf 91' lang='lat' dir='ltr'><em>et</em></span> <span class='ocrx_word' id='word_1_122' title='bbox 388 1598 570 1638; x_wconf 79' lang='lat' dir='ltr'><em>Coloniae</em></span> <span class='ocrx_word' id='word_1_123' title='bbox 591 1609 746 1646; x_wconf 90' lang='lat' dir='ltr'><em>recusa,</em></span> <span class='ocrx_word' id='word_1_124' title='bbox 767 1597 928 1636; x_wconf 90' lang='lat' dir='ltr'><em>demum</em></span> <span class='ocrx_word' id='word_1_125' title='bbox 946 1607 967 1635; x_wconf 85' lang='lat' dir='ltr'><em>a</em></span> <span class='ocrx_word' id='word_1_126' title='bbox 982 1598 1098 1635; x_wconf 84' lang='lat' dir='ltr'><em>Joan-</em></span> 
     </span>
     <span class='ocr_line' id='line_1_24' title="bbox 140 1659 1096 1701; baseline -0.003 -1"><span class='ocrx_word' id='word_1_127' title='bbox 140 1673 190 1700; x_wconf 89' lang='lat' dir='ltr'><em>ne</em></span> <span class='ocrx_word' id='word_1_128' title='bbox 205 1660 391 1700; x_wconf 90' lang='lat' dir='ltr'><em>Bollando</em></span> <span class='ocrx_word' id='word_1_129' title='bbox 410 1673 460 1700; x_wconf 79' lang='lat' dir='ltr'><em>ex</em></span> <span class='ocrx_word' id='word_1_130' title='bbox 479 1662 597 1701; x_wconf 90' lang='lat' dir='ltr'><em>MStis</em></span> <span class='ocrx_word' id='word_1_131' title='bbox 618 1659 785 1700; x_wconf 89' lang='lat' dir='ltr'><em>subinde</em></span> <span class='ocrx_word' id='word_1_132' title='bbox 804 1663 979 1698; x_wconf 83' lang='lat' dir='ltr'><em>correcta</em></span> <span class='ocrx_word' id='word_1_133' title='bbox 996 1663 1033 1698; x_wconf 87' lang='lat' dir='ltr'><em>et</em></span> <span class='ocrx_word' id='word_1_134' title='bbox 1054 1659 1096 1697; x_wconf 86' lang='lat' dir='ltr'><em>il-</em></span> 
     </span>
     <span class='ocr_line' id='line_1_25' title="bbox 140 1720 1097 1771; baseline -0.005 -8"><span class='ocrx_word' id='word_1_135' title='bbox 140 1724 324 1771; x_wconf 88' lang='lat' dir='ltr'><em>lustrata,</em></span> <span class='ocrx_word' id='word_1_136' title='bbox 353 1734 398 1762; x_wconf 86' lang='lat' dir='ltr'><em>ac</em></span> <span class='ocrx_word' id='word_1_137' title='bbox 427 1723 540 1762; x_wconf 86' lang='lat' dir='ltr'><em>aliter</em></span> <span class='ocrx_word' id='word_1_138' title='bbox 570 1723 778 1771; x_wconf 89' lang='lat' dir='ltr'><em>distincta,</em></span> <span class='ocrx_word' id='word_1_139' title='bbox 806 1726 912 1760; x_wconf 91' lang='lat' dir='ltr'><em>tomo</em></span> <span class='ocrx_word' id='word_1_140' title='bbox 938 1722 953 1760; x_wconf 95' lang='lat'><em>1</em></span> <span class='ocrx_word' id='word_1_141' title='bbox 982 1720 1097 1760; x_wconf 84' lang='lat' dir='ltr'><em>Acto-</em></span> 
     </span>
     <span class='ocr_line' id='line_1_26' title="bbox 140 1783 1096 1837; baseline -0.004 -13"><span class='ocrx_word' id='word_1_142' title='bbox 140 1796 230 1825; x_wconf 87' lang='lat' dir='ltr'><em>rum</em></span> <span class='ocrx_word' id='word_1_143' title='bbox 254 1785 488 1824; x_wconf 89' lang='lat' dir='ltr'><em>Sanctorum</em></span> <span class='ocrx_word' id='word_1_144' title='bbox 508 1784 557 1824; x_wconf 90' lang='lat' dir='ltr'><em>ad</em></span> <span class='ocrx_word' id='word_1_145' title='bbox 582 1786 603 1824; x_wconf 71' lang='lat'><strong>4</strong></span> <span class='ocrx_word' id='word_1_146' title='bbox 629 1786 787 1825; x_wconf 90' lang='lat' dir='ltr'><em>Januari</em></span> <span class='ocrx_word' id='word_1_147' title='bbox 813 1796 899 1837; x_wconf 88' lang='lat' dir='ltr'><em>pag.</em></span> <span class='ocrx_word' id='word_1_148' title='bbox 919 1783 1096 1824; x_wconf 68' lang='grc'>486-234</span> 
     </span>
     <span class='ocr_line' id='line_1_27' title="bbox 141 1845 1098 1899; baseline -0.005 -12"><span class='ocrx_word' id='word_1_149' title='bbox 141 1849 291 1887; x_wconf 87' lang='lat' dir='ltr'><em>inserta</em></span> <span class='ocrx_word' id='word_1_150' title='bbox 310 1851 392 1897; x_wconf 87' lang='lat' dir='ltr'><em>est;</em></span> <span class='ocrx_word' id='word_1_151' title='bbox 418 1849 537 1888; x_wconf 87' lang='lat' dir='ltr'><em>etiam</em></span> <span class='ocrx_word' id='word_1_152' title='bbox 555 1849 753 1899; x_wconf 80' lang='lat' dir='ltr'><em>Belgicam</em></span> <span class='ocrx_word' id='word_1_153' title='bbox 772 1848 1004 1899; x_wconf 86' lang='lat' dir='ltr'><em>Antwerpia</em></span> <span class='ocrx_word' id='word_1_154' title='bbox 1018 1845 1098 1897; x_wconf 86' lang='lat' dir='ltr'><em>jam</em></span> 
     </span>
     <span class='ocr_line' id='line_1_28' title="bbox 140 1908 1094 1962; baseline -0.003 -13"><span class='ocrx_word' id='word_1_155' title='bbox 140 1909 215 1949; x_wconf 89' lang='lat' dir='ltr'><em>An.</em></span> <span class='ocrx_word' id='word_1_156' title='bbox 237 1910 338 1950; x_wconf 73' lang='lat'><em>4628</em></span> <span class='ocrx_word' id='word_1_157' title='bbox 362 1910 536 1949; x_wconf 76' lang='lat' dir='ltr'>dederat.</span> <span class='ocrx_word' id='word_1_158' title='bbox 558 1911 750 1950; x_wconf 76' lang='lat' dir='ltr'><em>Libellum</em></span> <span class='ocrx_word' id='word_1_159' title='bbox 774 1922 852 1949; x_wconf 93' lang='lat' dir='ltr'><em>non</em></span> <span class='ocrx_word' id='word_1_160' title='bbox 870 1911 952 1962; x_wconf 89' lang='lat' dir='ltr'><em>ipsa</em></span> <span class='ocrx_word' id='word_1_161' title='bbox 967 1908 1094 1959; x_wconf 66' lang='lat' dir='ltr'><em>Angeu</em></span> 
     </span>
     <span class='ocr_line' id='line_1_29' title="bbox 140 1972 1092 2025; baseline -0.004 -13"><span class='ocrx_word' id='word_1_162' title='bbox 140 1974 196 2023; x_wconf 88' lang='lat' dir='ltr'><em>la,</em></span> <span class='ocrx_word' id='word_1_163' title='bbox 221 1973 290 2012; x_wconf 91' lang='lat' dir='ltr'><em>sed</em></span> <span class='ocrx_word' id='word_1_164' title='bbox 313 1972 585 2013; x_wconf 87' lang='lat' dir='ltr'><em>ARNALDUS</em></span> <span class='ocrx_word' id='word_1_165' title='bbox 607 1973 767 2025; x_wconf 89' lang='lat' dir='ltr'><em>quidam</em></span> <span class='ocrx_word' id='word_1_166' title='bbox 790 1972 882 2012; x_wconf 92' lang='lat' dir='ltr'><em>Ord.</em></span> <span class='ocrx_word' id='word_1_167' title='bbox 900 1972 1092 2011; x_wconf 83' lang='lat' dir='ltr'><em>Francisc.</em></span> 
     </span>
     <span class='ocr_line' id='line_1_30' title="bbox 143 2035 1094 2088; baseline -0.005 -13"><span class='ocrx_word' id='word_1_168' title='bbox 143 2036 235 2075; x_wconf 89' lang='lat' dir='ltr'><em>stilo</em></span> <span class='ocrx_word' id='word_1_169' title='bbox 257 2037 353 2075; x_wconf 90' lang='lat' dir='ltr'><em>satis</em></span> <span class='ocrx_word' id='word_1_170' title='bbox 375 2036 463 2075; x_wconf 90' lang='lat' dir='ltr'><em>rudi</em></span> <span class='ocrx_word' id='word_1_171' title='bbox 487 2037 663 2088; x_wconf 81' lang='lat' dir='ltr'>scripsit,</span> <span class='ocrx_word' id='word_1_172' title='bbox 684 2038 751 2087; x_wconf 89' lang='lat' dir='ltr'><em>qui</em></span> <span class='ocrx_word' id='word_1_173' title='bbox 769 2036 873 2075; x_wconf 90' lang='lat' dir='ltr'><em>illius</em></span> <span class='ocrx_word' id='word_1_174' title='bbox 892 2035 1094 2074; x_wconf 81' lang='lat' dir='ltr'><em>materiam</em></span> 
     </span>
     <span class='ocr_line' id='line_1_31' title="bbox 143 2097 1096 2149; baseline -0.005 -11"><span class='ocrx_word' id='word_1_175' title='bbox 143 2110 188 2138; x_wconf 89' lang='lat' dir='ltr'><em>se</em></span> <span class='ocrx_word' id='word_1_176' title='bbox 210 2110 260 2138; x_wconf 83' lang='lat' dir='ltr'><em>ex</em></span> <span class='ocrx_word' id='word_1_177' title='bbox 281 2097 456 2149; x_wconf 90' lang='lat' dir='ltr'><em>Angelae</em></span> <span class='ocrx_word' id='word_1_178' title='bbox 478 2110 544 2137; x_wconf 90' lang='lat' dir='ltr'><em>ore</em></span> <span class='ocrx_word' id='word_1_179' title='bbox 567 2102 608 2137; x_wconf 90' lang='lat' dir='ltr'><em>et</em></span> <span class='ocrx_word' id='word_1_180' title='bbox 631 2098 865 2137; x_wconf 82' lang='lat' dir='ltr'><em>familiariori</em></span> <span class='ocrx_word' id='word_1_181' title='bbox 889 2106 1096 2136; x_wconf 88' lang='lat' dir='ltr'><em>conversa-</em></span> 
     </span>
     <span class='ocr_line' id='line_1_32' title="bbox 143 2157 1096 2213; baseline -0.006 -12"><span class='ocrx_word' id='word_1_182' title='bbox 143 2162 249 2200; x_wconf 83' lang='lat' dir='ltr'><em>tione</em></span> <span class='ocrx_word' id='word_1_183' title='bbox 271 2163 469 2213; x_wconf 90' lang='lat' dir='ltr'><em>accepisse</em></span> <span class='ocrx_word' id='word_1_184' title='bbox 492 2164 636 2200; x_wconf 86' lang='lat' dir='ltr'><em>narrat.</em></span> <span class='ocrx_word' id='word_1_185' title='bbox 658 2162 815 2200; x_wconf 84' lang='lat' dir='ltr'><em>Praeter</em></span> <span class='ocrx_word' id='word_1_186' title='bbox 838 2157 1008 2199; x_wconf 86' lang='lat' dir='ltr'><em>Bollandi</em></span> <span class='ocrx_word' id='word_1_187' title='bbox 1027 2159 1096 2196; x_wconf 90' lang='lat' dir='ltr'><em>La-</em></span> 
     </span>
     <span class='ocr_line' id='line_1_33' title="bbox 143 2222 1095 2263; baseline -0.004 -2"><span class='ocrx_word' id='word_1_188' title='bbox 143 2225 266 2263; x_wconf 84' lang='lat' dir='ltr'><em>tinam</em></span> <span class='ocrx_word' id='word_1_189' title='bbox 294 2223 505 2263; x_wconf 83' lang='lat' dir='ltr'><em>editionem</em></span> <span class='ocrx_word' id='word_1_190' title='bbox 542 2223 695 2262; x_wconf 91' lang='lat' dir='ltr'><em>duabus</em></span> <span class='ocrx_word' id='word_1_191' title='bbox 724 2222 970 2261; x_wconf 81' lang='lat' dir='ltr'><em>versionibus</em></span> <span class='ocrx_word' id='word_1_192' title='bbox 1000 2230 1095 2258; x_wconf 89' lang='lat' dir='ltr'><em>usus</em></span> 
     </span>
     <span class='ocr_line' id='line_1_34' title="bbox 141 2284 1095 2336; baseline -0.005 -11"><span class='ocrx_word' id='word_1_193' title='bbox 141 2298 249 2336; x_wconf 89' lang='lat' dir='ltr'><em>sum,</em></span> <span class='ocrx_word' id='word_1_194' title='bbox 273 2287 407 2326; x_wconf 89' lang='lat' dir='ltr'><em>Italica</em></span> <span class='ocrx_word' id='word_1_195' title='bbox 425 2287 548 2326; x_wconf 90' lang='lat' dir='ltr'><em>altera</em></span> <span class='ocrx_word' id='word_1_196' title='bbox 570 2287 801 2336; x_wconf 81' lang='lat' dir='ltr'><em>Hieronymi</em></span> <span class='ocrx_word' id='word_1_197' title='bbox 824 2284 872 2323; x_wconf 88' lang='lat' dir='ltr'><em>de</em></span> <span class='ocrx_word' id='word_1_198' title='bbox 893 2284 1095 2334; x_wconf 85' lang='lat' dir='ltr'><em>Capugna-</em></span> 
     </span>
     <span class='ocr_line' id='line_1_35' title="bbox 141 2345 1094 2398; baseline -0.007 -11"><span class='ocrx_word' id='word_1_199' title='bbox 141 2360 208 2397; x_wconf 89' lang='lat' dir='ltr'><em>no,</em></span> <span class='ocrx_word' id='word_1_200' title='bbox 232 2349 489 2388; x_wconf 85' lang='lat' dir='ltr'><em>Bononiensis</em></span> <span class='ocrx_word' id='word_1_201' title='bbox 509 2349 768 2395; x_wconf 85' lang='lat' dir='ltr'><em>Dominicani,</em></span> <span class='ocrx_word' id='word_1_202' title='bbox 792 2358 892 2398; x_wconf 87' lang='lat' dir='ltr'><em>quae</em></span> <span class='ocrx_word' id='word_1_203' title='bbox 921 2345 1094 2384; x_wconf 82' lang='lat' dir='ltr'><em>Venetiis</em></span> 
     </span>
     <span class='ocr_line' id='line_1_36' title="bbox 143 2407 1093 2461; baseline -0.006 -12"><span class='ocrx_word' id='word_1_204' title='bbox 143 2412 260 2461; x_wconf 93' lang='grc'>4680,</span> <span class='ocrx_word' id='word_1_205' title='bbox 294 2411 343 2450; x_wconf 72' lang='grc'><em>42</em></span> <span class='ocrx_word' id='word_1_206' title='bbox 371 2411 532 2461; x_wconf 85' lang='lat' dir='ltr'><em>vulgata</em></span> <span class='ocrx_word' id='word_1_207' title='bbox 555 2415 638 2459; x_wconf 75' lang='lat' dir='ltr'><em>est,</em></span> <span class='ocrx_word' id='word_1_208' title='bbox 669 2411 791 2450; x_wconf 87' lang='lat' dir='ltr'><em>altera</em></span> <span class='ocrx_word' id='word_1_209' title='bbox 827 2420 926 2447; x_wconf 89' lang='lat' dir='ltr'><em>nova</em></span> <span class='ocrx_word' id='word_1_210' title='bbox 949 2407 1093 2445; x_wconf 75' lang='lat' dir='ltr'><em>Gallica</em></span> 
     </span>
     <span class='ocr_line' id='line_1_37' title="bbox 137 2470 1093 2523; baseline -0.004 -13"><span class='ocrx_word' id='word_1_211' title='bbox 137 2473 242 2511; x_wconf 90' lang='lat' dir='ltr'><em>Petri</em></span> <span class='ocrx_word' id='word_1_212' title='bbox 256 2473 413 2520; x_wconf 80' lang='lat' dir='ltr'><em>PoIreti,</em></span> <span class='ocrx_word' id='word_1_213' title='bbox 429 2483 530 2523; x_wconf 89' lang='lat' dir='ltr'><em>quae</em></span> <span class='ocrx_word' id='word_1_214' title='bbox 553 2471 838 2512; x_wconf 83' lang='lat' dir='ltr'><em>Anistelodami</em></span> <span class='ocrx_word' id='word_1_215' title='bbox 857 2472 967 2520; x_wconf 86' lang='lat' dir='ltr'><em>(licet</em></span> <span class='ocrx_word' id='word_1_216' title='bbox 987 2470 1093 2507; x_wconf 80' lang='lat' dir='ltr'><em>frons</em></span> 
     </span>
     <span class='ocr_line' id='line_1_38' title="bbox 138 2532 1092 2584; baseline -0.005 -11"><span class='ocrx_word' id='word_1_217' title='bbox 138 2534 336 2573; x_wconf 90' lang='lat' dir='ltr'><em>Coloniam</em></span> <span class='ocrx_word' id='word_1_218' title='bbox 365 2535 581 2584; x_wconf 85' lang='lat' dir='ltr'><em>praeferat)</em></span> <span class='ocrx_word' id='word_1_219' title='bbox 610 2534 684 2574; x_wconf 82' lang='lat' dir='ltr'><em>An.</em></span> <span class='ocrx_word' id='word_1_220' title='bbox 717 2535 836 2582; x_wconf 89' lang='grc'>4696,</span> <span class='ocrx_word' id='word_1_221' title='bbox 870 2534 917 2573; x_wconf 73' lang='lat'><em>4¹2</em></span> <span class='ocrx_word' id='word_1_222' title='bbox 947 2533 1004 2570; x_wconf 85' lang='lat' dir='ltr'><em>tit.</em></span> <span class='ocrx_word' id='word_1_223' title='bbox 1035 2532 1092 2569; x_wconf 84' lang='lat' dir='ltr'><em>La</em></span> 
     </span>
     <span class='ocr_line' id='line_1_39' title="bbox 141 2594 1090 2646; baseline -0.001 -13"><span class='ocrx_word' id='word_1_224' title='bbox 141 2594 338 2646; x_wconf 71' lang='lat' dir='ltr'><em>Theoloqie</em></span> <span class='ocrx_word' id='word_1_225' title='bbox 360 2595 407 2634; x_wconf 84' lang='lat' dir='ltr'><em>dc</em></span> <span class='ocrx_word' id='word_1_226' title='bbox 431 2595 470 2634; x_wconf 89' lang='lat' dir='ltr'><em>la</em></span> <span class='ocrx_word' id='word_1_227' title='bbox 492 2595 612 2634; x_wconf 75' lang='lat' dir='ltr'><em>croiae</em></span> <span class='ocrx_word' id='word_1_228' title='bbox 634 2596 680 2635; x_wconf 83' lang='lat' dir='ltr'><em>de</em></span> <span class='ocrx_word' id='word_1_229' title='bbox 707 2594 1090 2642; x_wconf 87' lang='lat' dir='ltr'><em>JESUS-CHRIST,</em></span> 
     </span>
     <span class='ocr_line' id='line_1_40' title="bbox 137 2657 1092 2709; baseline 0.001 -14"><span class='ocrx_word' id='word_1_230' title='bbox 137 2657 273 2696; x_wconf 88' lang='lat' dir='ltr'><em>ordine</em></span> <span class='ocrx_word' id='word_1_231' title='bbox 298 2657 528 2706; x_wconf 80' lang='lat' dir='ltr'><em>immutato,</em></span> <span class='ocrx_word' id='word_1_232' title='bbox 553 2658 680 2697; x_wconf 86' lang='lat' dir='ltr'><em>lucem</em></span> <span class='ocrx_word' id='word_1_233' title='bbox 704 2658 895 2709; x_wconf 87' lang='lat' dir='ltr'><em>adspexit.</em></span> <span class='ocrx_word' id='word_1_234' title='bbox 926 2659 986 2697; x_wconf 81' lang='lat' dir='ltr'><em>Ex</em></span> <span class='ocrx_word' id='word_1_235' title='bbox 1014 2668 1092 2708; x_wconf 87' lang='lat' dir='ltr'><em>qua</em></span> 
     </span>
     <span class='ocr_line' id='line_1_41' title="bbox 136 2720 1092 2770; baseline 0 -12"><span class='ocrx_word' id='word_1_236' title='bbox 136 2720 355 2770; x_wconf 82' lang='lat' dir='ltr'><em>posteriori,</em></span> <span class='ocrx_word' id='word_1_237' title='bbox 396 2721 573 2767; x_wconf 80' lang='lat' dir='ltr'><em>resectis,</em></span> <span class='ocrx_word' id='word_1_238' title='bbox 605 2731 706 2770; x_wconf 88' lang='lat' dir='ltr'><em>quae</em></span> <span class='ocrx_word' id='word_1_239' title='bbox 737 2721 971 2760; x_wconf 83' lang='lat' dir='ltr'><em>offendicula</em></span> <span class='ocrx_word' id='word_1_240' title='bbox 1003 2732 1092 2759; x_wconf 87' lang='lat' dir='ltr'><em>esse</em></span> 
     </span>
     <span class='ocr_line' id='line_1_42' title="bbox 135 2780 1091 2833; baseline 0 -13"><span class='ocrx_word' id='word_1_241' title='bbox 135 2785 330 2833; x_wconf 88' lang='lat' dir='ltr'><em>poterant,</em></span> <span class='ocrx_word' id='word_1_242' title='bbox 351 2792 423 2821; x_wconf 90' lang='lat' dir='ltr'><em>sua</em></span> <span class='ocrx_word' id='word_1_243' title='bbox 442 2781 652 2820; x_wconf 84' lang='lat' dir='ltr'><em>Godfridus</em></span> <span class='ocrx_word' id='word_1_244' title='bbox 667 2781 864 2821; x_wconf 85' lang='lat' dir='ltr'><em>Arnoldus</em></span> <span class='ocrx_word' id='word_1_245' title='bbox 881 2780 1005 2821; x_wconf 82' lang='lat' dir='ltr'><em>Leben</em></span> <span class='ocrx_word' id='word_1_246' title='bbox 1019 2782 1091 2820; x_wconf 70' lang='lat' dir='ltr'><em>cler</em></span> 
     </span>
     <span class='ocr_line' id='line_1_43' title="bbox 134 2842 1086 2895; baseline 0.001 -13"><span class='ocrx_word' id='word_1_247' title='bbox 134 2842 351 2895; x_wconf 70' lang='lat' dir='ltr'><em>Blaubz’qen</em></span> <span class='ocrx_word' id='word_1_248' title='bbox 366 2855 450 2895; x_wconf 88' lang='lat' dir='ltr'><em>pag.</em></span> <span class='ocrx_word' id='word_1_249' title='bbox 462 2843 636 2883; x_wconf 75' lang='lat'><strong>298-328</strong></span> <span class='ocrx_word' id='word_1_250' title='bbox 651 2843 857 2882; x_wconf 83' lang='lat' dir='ltr'><em>derivavit.</em></span> <span class='ocrx_word' id='word_1_251' title='bbox 868 2844 970 2883; x_wconf 92' lang='lat' dir='ltr'><em>Cum</em></span> <span class='ocrx_word' id='word_1_252' title='bbox 986 2844 1086 2883; x_wconf 87' lang='lat' dir='ltr'><em>duae</em></span> 
     </span>
     <span class='ocr_line' id='line_1_44' title="bbox 135 2905 1088 2956; baseline -0.001 -11"><span class='ocrx_word' id='word_1_253' title='bbox 135 2907 341 2946; x_wconf 88' lang='lat' dir='ltr'><em>versiones</em></span> <span class='ocrx_word' id='word_1_254' title='bbox 357 2907 473 2955; x_wconf 87' lang='lat' dir='ltr'><em>istae,</em></span> <span class='ocrx_word' id='word_1_255' title='bbox 490 2909 530 2944; x_wconf 92' lang='lat' dir='ltr'><em>ct</em></span> <span class='ocrx_word' id='word_1_256' title='bbox 547 2907 717 2945; x_wconf 80' lang='lat' dir='ltr'><em>maxime</em></span> <span class='ocrx_word' id='word_1_257' title='bbox 729 2905 897 2953; x_wconf 86' lang='lat' dir='ltr'><em>Gallica,</em></span> <span class='ocrx_word' id='word_1_258' title='bbox 916 2906 1088 2956; x_wconf 89' lang='lat' dir='ltr'><em>plurium</em></span> 
     </span>
     <span class='ocr_line' id='line_1_45' title="bbox 135 2967 1086 3020; baseline -0.001 -13"><span class='ocrx_word' id='word_1_259' title='bbox 135 2969 328 3017; x_wconf 85' lang='lat' dir='ltr'><em>manibus,</em></span> <span class='ocrx_word' id='word_1_260' title='bbox 345 2979 464 3020; x_wconf 88' lang='lat' dir='ltr'><em>quam</em></span> <span class='ocrx_word' id='word_1_261' title='bbox 485 2969 666 3007; x_wconf 89' lang='lat' dir='ltr'><em>Latinum</em></span> <span class='ocrx_word' id='word_1_262' title='bbox 684 2967 857 3006; x_wconf 91' lang='lat' dir='ltr'><em>Bollandi</em></span> <span class='ocrx_word' id='word_1_263' title='bbox 874 2968 1086 3018; x_wconf 79' lang='lat' dir='ltr'><em>exemplar,</em></span> 
     </span>
     <span class='ocr_line' id='line_1_46' title="bbox 133 3029 1085 3079; baseline -0.002 -10"><span class='ocrx_word' id='word_1_264' title='bbox 133 3034 328 3079; x_wconf 89' lang='lat' dir='ltr'><em>terantur,</em></span> <span class='ocrx_word' id='word_1_265' title='bbox 350 3031 434 3069; x_wconf 84' lang='lat' dir='ltr'><em>illas</em></span> <span class='ocrx_word' id='word_1_266' title='bbox 459 3030 549 3070; x_wconf 89' lang='lat' dir='ltr'><em>huic</em></span> <span class='ocrx_word' id='word_1_267' title='bbox 573 3032 612 3069; x_wconf 92' lang='lat' dir='ltr'><em>in</em></span> <span class='ocrx_word' id='word_1_268' title='bbox 634 3029 878 3069; x_wconf 84' lang='lat' dir='ltr'><em>ostendenda</em></span> <span class='ocrx_word' id='word_1_269' title='bbox 898 3031 938 3067; x_wconf 91' lang='lat' dir='ltr'><em>B.</em></span> <span class='ocrx_word' id='word_1_270' title='bbox 969 3030 1085 3068; x_wconf 87' lang='lat' dir='ltr'><em>Joan-</em></span> 
     </span>
     <span class='ocr_line' id='line_1_47' title="bbox 132 3090 1082 3144; baseline 0 -14"><span class='ocrx_word' id='word_1_271' title='bbox 132 3093 194 3131; x_wconf 90' lang='lat' dir='ltr'><em>nis</em></span> <span class='ocrx_word' id='word_1_272' title='bbox 209 3092 345 3132; x_wconf 88' lang='lat' dir='ltr'><em>Arndii</em></span> <span class='ocrx_word' id='word_1_273' title='bbox 362 3097 481 3143; x_wconf 87' lang='lat' dir='ltr'><em>atque</em></span> <span class='ocrx_word' id='word_1_274' title='bbox 504 3092 674 3143; x_wconf 81' lang='lat' dir='ltr'><em>Angelae</em></span> <span class='ocrx_word' id='word_1_275' title='bbox 695 3090 896 3144; x_wconf 76' lang='grc' dir='ltr'><em>συμφωνίᾳ</em></span> <span class='ocrx_word' id='word_1_276' title='bbox 906 3090 1082 3141; x_wconf 84' lang='lat' dir='ltr'><em>jungam.</em></span> 
     </span>
     <span class='ocr_line' id='line_1_48' title="bbox 131 3146 1083 3206; baseline -0.004 -11"><span class='ocrx_word' id='word_1_277' title='bbox 131 3154 351 3195; x_wconf 89' lang='lat' dir='ltr'><em>Contendat</em></span> <span class='ocrx_word' id='word_1_278' title='bbox 375 3157 505 3206; x_wconf 85' lang='lat' dir='ltr'><em>itaque</em></span> <span class='ocrx_word' id='word_1_279' title='bbox 529 3157 648 3195; x_wconf 88' lang='lat' dir='ltr'><em>lector</em></span> <span class='ocrx_word' id='word_1_280' title='bbox 668 3168 717 3195; x_wconf 79' lang='lat' dir='ltr'><em>cx</em></span> <span class='ocrx_word' id='word_1_281' title='bbox 741 3146 835 3193; x_wconf 84' lang='lat' dir='ltr'><em>libro</em></span> <span class='ocrx_word' id='word_1_282' title='bbox 858 3153 993 3192; x_wconf 84' lang='lat' dir='ltr'><em>Arndii</em></span> <span class='ocrx_word' id='word_1_283' title='bbox 1022 3165 1083 3192; x_wconf 84' lang='lat' dir='ltr'><em>se-</em></span> 
     </span>
     <span class='ocr_line' id='line_1_49' title="bbox 132 3216 1084 3267; baseline 0.001 -13"><span class='ocrx_word' id='word_1_284' title='bbox 132 3216 260 3255; x_wconf 89' lang='lat' dir='ltr'><em>cundo</em></span> <span class='ocrx_word' id='word_1_285' title='bbox 298 3216 344 3256; x_wconf 84' lang='lat' dir='ltr'><em>de</em></span> <span class='ocrx_word' id='word_1_286' title='bbox 373 3229 465 3257; x_wconf 81' lang='lat' dir='ltr'><em>vero</em></span> <span class='ocrx_word' id='word_1_287' title='bbox 497 3217 796 3258; x_wconf 74' lang='lat' dir='ltr'><em>Christicmz&#39;smo</em></span> <span class='ocrx_word' id='word_1_288' title='bbox 839 3217 965 3267; x_wconf 88' lang='lat' dir='ltr'><em>Caput</em></span> <span class='ocrx_word' id='word_1_289' title='bbox 994 3217 1084 3255; x_wconf 85' lang='lat' dir='ltr'>XIII</span> 
     </span>
     <span class='ocr_line' id='line_1_50' title="bbox 133 3279 1082 3331; baseline 0 -15"><span class='ocrx_word' id='word_1_290' title='bbox 133 3282 172 3316; x_wconf 91' lang='lat' dir='ltr'><em>et</em></span> <span class='ocrx_word' id='word_1_291' title='bbox 195 3279 284 3318; x_wconf 92' lang='lat' dir='ltr'><em>XIV</em></span> <span class='ocrx_word' id='word_1_292' title='bbox 302 3291 395 3319; x_wconf 90' lang='lat' dir='ltr'><em>cum</em></span> <span class='ocrx_word' id='word_1_293' title='bbox 419 3279 591 3331; x_wconf 86' lang='lat' dir='ltr'><em>Angelac</em></span> <span class='ocrx_word' id='word_1_294' title='bbox 615 3281 737 3319; x_wconf 89' lang='lat' dir='ltr'><em>Latin.</em></span> <span class='ocrx_word' id='word_1_295' title='bbox 770 3291 875 3318; x_wconf 88' lang='lat' dir='ltr'><em>num.</em></span> <span class='ocrx_word' id='word_1_296' title='bbox 903 3279 975 3317; x_wconf 90' lang='grc'><em>466</em></span> <span class='ocrx_word' id='word_1_297' title='bbox 1001 3289 1082 3329; x_wconf 73' lang='lat' dir='ltr'><em>seq.</em></span> 
     </span>
     <span class='ocr_line' id='line_1_51' title="bbox 134 3337 1083 3394; baseline 0.002 -16"><span class='ocrx_word' id='word_1_298' title='bbox 134 3337 210 3378; x_wconf 88' lang='grc'><em>476</em></span> <span class='ocrx_word' id='word_1_299' title='bbox 234 3350 315 3391; x_wconf 83' lang='lat' dir='ltr'><em>seq.</em></span> <span class='ocrx_word' id='word_1_300' title='bbox 347 3342 430 3380; x_wconf 90' lang='lat' dir='ltr'><em>Ital.</em></span> <span class='ocrx_word' id='word_1_301' title='bbox 457 3354 540 3394; x_wconf 86' lang='lat' dir='ltr'><em>pag.</em></span> <span class='ocrx_word' id='word_1_302' title='bbox 569 3344 634 3383; x_wconf 88' lang='grc'><em>464</em></span> <span class='ocrx_word' id='word_1_303' title='bbox 668 3354 747 3393; x_wconf 79' lang='lat' dir='ltr'><em>seq.</em></span> <span class='ocrx_word' id='word_1_304' title='bbox 773 3341 845 3382; x_wconf 68' lang='grc'><em>474</em></span> <span class='ocrx_word' id='word_1_305' title='bbox 877 3352 957 3391; x_wconf 69' lang='lat' dir='ltr'><em>seq.</em></span> <span class='ocrx_word' id='word_1_306' title='bbox 988 3341 1083 3380; x_wconf 75' lang='lat' dir='ltr'><em>Gall.</em></span> 
     </span>
    </p>
   </div>
   <div class='ocr_carea' id='block_1_3' title="bbox 1160 288 2134 3398">
    <p class='ocr_par' dir='ltr' id='par_1_6' title="bbox 1167 288 2134 1282">
     <span class='ocr_line' id='line_1_52' title="bbox 1174 288 2134 343; baseline -0.004 -12"><span class='ocrx_word' id='word_1_307' title='bbox 1174 303 1259 343; x_wconf 86' lang='lat' dir='ltr'><em>pag.</em></span> <span class='ocrx_word' id='word_1_308' title='bbox 1275 292 1325 331; x_wconf 74' lang='lat'><em>32</em></span> <span class='ocrx_word' id='word_1_309' title='bbox 1344 302 1425 343; x_wconf 86' lang='lat' dir='ltr'><em>seq.</em></span> <span class='ocrx_word' id='word_1_310' title='bbox 1441 293 1483 332; x_wconf 95' lang='grc'><em>54</em></span> <span class='ocrx_word' id='word_1_311' title='bbox 1507 301 1589 341; x_wconf 90' lang='lat' dir='ltr'><em>seq.</em></span> <span class='ocrx_word' id='word_1_312' title='bbox 1609 290 1737 342; x_wconf 89' lang='lat' dir='ltr'><em>Caput</em></span> <span class='ocrx_word' id='word_1_313' title='bbox 1753 289 1847 328; x_wconf 84' lang='lat' dir='ltr'><em>item</em></span> <span class='ocrx_word' id='word_1_314' title='bbox 1862 288 2001 338; x_wconf 88' lang='lat' dir='ltr'>XVIII,</span> <span class='ocrx_word' id='word_1_315' title='bbox 2025 289 2134 335; x_wconf 87' lang='lat' dir='ltr'>XIX,</span> 
     </span>
     <span class='ocr_line' id='line_1_53' title="bbox 1173 351 2129 404; baseline -0.006 -10"><span class='ocrx_word' id='word_1_316' title='bbox 1173 356 1267 404; x_wconf 89' lang='lat' dir='ltr'><em>XX,</em></span> <span class='ocrx_word' id='word_1_317' title='bbox 1287 355 1380 393; x_wconf 89' lang='lat' dir='ltr'><em>XXI</em></span> <span class='ocrx_word' id='word_1_318' title='bbox 1400 365 1491 393; x_wconf 88' lang='lat' dir='ltr'><em>cum</em></span> <span class='ocrx_word' id='word_1_319' title='bbox 1509 354 1591 392; x_wconf 88' lang='lat' dir='ltr'><em>Lat.</em></span> <span class='ocrx_word' id='word_1_320' title='bbox 1618 363 1726 391; x_wconf 89' lang='lat' dir='ltr'><em>num.</em></span> <span class='ocrx_word' id='word_1_321' title='bbox 1753 351 1827 392; x_wconf 84' lang='grc'><em>479</em></span> <span class='ocrx_word' id='word_1_322' title='bbox 1851 363 1934 402; x_wconf 90' lang='lat' dir='ltr'><em>seq.</em></span> <span class='ocrx_word' id='word_1_323' title='bbox 1951 351 2029 391; x_wconf 70' lang='lat'><em>202</em></span> <span class='ocrx_word' id='word_1_324' title='bbox 2047 362 2129 400; x_wconf 85' lang='lat' dir='ltr'><em>seq.</em></span> 
     </span>
     <span class='ocr_line' id='line_1_54' title="bbox 1173 414 2123 467; baseline -0.005 -10"><span class='ocrx_word' id='word_1_325' title='bbox 1173 418 1250 457; x_wconf 72' lang='lat'><em>206</em></span> <span class='ocrx_word' id='word_1_326' title='bbox 1279 429 1360 467; x_wconf 88' lang='lat' dir='ltr'><em>seq.</em></span> <span class='ocrx_word' id='word_1_327' title='bbox 1393 417 1470 456; x_wconf 70' lang='lat'><em>245</em></span> <span class='ocrx_word' id='word_1_328' title='bbox 1498 427 1580 466; x_wconf 85' lang='lat' dir='ltr'><em>seq.</em></span> <span class='ocrx_word' id='word_1_329' title='bbox 1611 414 1695 454; x_wconf 84' lang='lat' dir='ltr'><em>Ital.</em></span> <span class='ocrx_word' id='word_1_330' title='bbox 1719 426 1804 466; x_wconf 89' lang='lat' dir='ltr'><em>pag.</em></span> <span class='ocrx_word' id='word_1_331' title='bbox 1830 415 1904 454; x_wconf 89' lang='grc'><em>480</em></span> <span class='ocrx_word' id='word_1_332' title='bbox 1934 425 2017 465; x_wconf 89' lang='lat' dir='ltr'><em>seq.</em></span> <span class='ocrx_word' id='word_1_333' title='bbox 2052 414 2123 452; x_wconf 67' lang='lat'><em>20⁴</em></span> 
     </span>
     <span class='ocr_line' id='line_1_55' title="bbox 1173 474 2126 531; baseline -0.006 -12"><span class='ocrx_word' id='word_1_334' title='bbox 1173 492 1255 531; x_wconf 89' lang='lat' dir='ltr'><em>seq.</em></span> <span class='ocrx_word' id='word_1_335' title='bbox 1280 480 1357 519; x_wconf 72' lang='lat'><em>205</em></span> <span class='ocrx_word' id='word_1_336' title='bbox 1381 490 1461 529; x_wconf 85' lang='lat' dir='ltr'><em>seq.</em></span> <span class='ocrx_word' id='word_1_337' title='bbox 1487 479 1563 518; x_wconf 70' lang='grc'><em>244</em></span> <span class='ocrx_word' id='word_1_338' title='bbox 1585 489 1666 528; x_wconf 87' lang='lat' dir='ltr'><em>seq.</em></span> <span class='ocrx_word' id='word_1_339' title='bbox 1683 477 1781 516; x_wconf 86' lang='lat' dir='ltr'><em>Gall.</em></span> <span class='ocrx_word' id='word_1_340' title='bbox 1800 488 1885 528; x_wconf 90' lang='lat' dir='ltr'><em>pag.</em></span> <span class='ocrx_word' id='word_1_341' title='bbox 1907 478 1955 516; x_wconf 87' lang='lat'><em>59</em></span> <span class='ocrx_word' id='word_1_342' title='bbox 1972 488 2055 527; x_wconf 88' lang='lat' dir='ltr'><em>seq.</em></span> <span class='ocrx_word' id='word_1_343' title='bbox 2076 474 2126 513; x_wconf 81' lang='lat'><em>97</em></span> 
     </span>
     <span class='ocr_line' id='line_1_56' title="bbox 1173 538 2128 593; baseline -0.006 -12"><span class='ocrx_word' id='word_1_344' title='bbox 1173 554 1253 593; x_wconf 88' lang='lat' dir='ltr'><em>seq.</em></span> <span class='ocrx_word' id='word_1_345' title='bbox 1276 543 1350 582; x_wconf 74' lang='lat'><em>402</em></span> <span class='ocrx_word' id='word_1_346' title='bbox 1374 553 1455 591; x_wconf 91' lang='lat' dir='ltr'><em>seq.</em></span> <span class='ocrx_word' id='word_1_347' title='bbox 1483 541 1557 580; x_wconf 91' lang='grc'><em>446</em></span> <span class='ocrx_word' id='word_1_348' title='bbox 1600 551 1681 590; x_wconf 87' lang='lat' dir='ltr'><em>seq.</em></span> <span class='ocrx_word' id='word_1_349' title='bbox 1712 539 1820 585; x_wconf 90' lang='lat' dir='ltr'><em>Quae</em></span> <span class='ocrx_word' id='word_1_350' title='bbox 1843 538 1891 577; x_wconf 91' lang='lat' dir='ltr'><em>ad</em></span> <span class='ocrx_word' id='word_1_351' title='bbox 1924 539 2128 577; x_wconf 88' lang='lat' dir='ltr'><em>historiam</em></span> 
     </span>
     <span class='ocr_line' id='line_1_57' title="bbox 1172 599 2131 655; baseline -0.007 -10"><span class='ocrx_word' id='word_1_352' title='bbox 1172 605 1344 655; x_wconf 84' lang='lat' dir='ltr'><em>Angelae</em></span> <span class='ocrx_word' id='word_1_353' title='bbox 1363 604 1579 655; x_wconf 88' lang='lat' dir='ltr'><em>pertinent,</em></span> <span class='ocrx_word' id='word_1_354' title='bbox 1602 601 1814 641; x_wconf 89' lang='lat' dir='ltr'><em>Bollandus</em></span> <span class='ocrx_word' id='word_1_355' title='bbox 1830 601 2045 652; x_wconf 88' lang='lat' dir='ltr'><em>praemisit,</em></span> <span class='ocrx_word' id='word_1_356' title='bbox 2064 599 2131 638; x_wconf 85' lang='lat' dir='ltr'><em>sini</em></span> 
     </span>
     <span class='ocr_line' id='line_1_58' title="bbox 1172 662 2129 720; baseline -0.008 -12"><span class='ocrx_word' id='word_1_357' title='bbox 1172 679 1328 720; x_wconf 88' lang='lat' dir='ltr'><em>quoque</em></span> <span class='ocrx_word' id='word_1_358' title='bbox 1351 667 1469 706; x_wconf 88' lang='lat' dir='ltr'><em>libelli</em></span> <span class='ocrx_word' id='word_1_359' title='bbox 1489 666 1661 716; x_wconf 84' lang='lat' dir='ltr'><em>egregia,</em></span> <span class='ocrx_word' id='word_1_360' title='bbox 1684 665 1829 715; x_wconf 89' lang='lat' dir='ltr'><em>quibus</em></span> <span class='ocrx_word' id='word_1_361' title='bbox 1844 675 1931 703; x_wconf 87' lang='lat' dir='ltr'><em>eam</em></span> <span class='ocrx_word' id='word_1_362' title='bbox 1951 662 2129 713; x_wconf 87' lang='lat' dir='ltr'><em>aequalis</em></span> 
     </span>
     <span class='ocr_line' id='line_1_59' title="bbox 1172 724 2131 781; baseline -0.009 -11"><span class='ocrx_word' id='word_1_363' title='bbox 1172 731 1354 781; x_wconf 86' lang='lat' dir='ltr'><em>scriptor,</em></span> <span class='ocrx_word' id='word_1_364' title='bbox 1396 728 1609 767; x_wconf 89' lang='lat' dir='ltr'><em>Ubertinus</em></span> <span class='ocrx_word' id='word_1_365' title='bbox 1649 727 1697 766; x_wconf 91' lang='lat' dir='ltr'><em>de</em></span> <span class='ocrx_word' id='word_1_366' title='bbox 1743 726 1897 766; x_wconf 87' lang='lat' dir='ltr'><em>Casalis</em></span> <span class='ocrx_word' id='word_1_367' title='bbox 1933 724 2131 776; x_wconf 70' lang='lat' dir='ltr'><em>prooemii)</em></span> 
     </span>
     <span class='ocr_line' id='line_1_60' title="bbox 1171 786 2132 844; baseline -0.008 -12"><span class='ocrx_word' id='word_1_368' title='bbox 1171 794 1299 844; x_wconf 89' lang='lat' dir='ltr'><em>operis</em></span> <span class='ocrx_word' id='word_1_369' title='bbox 1322 791 1483 831; x_wconf 85' lang='lat' dir='ltr'><em>Arboris</em></span> <span class='ocrx_word' id='word_1_370' title='bbox 1499 791 1607 829; x_wconf 85' lang='lat' dir='ltr'><em>vitae</em></span> <span class='ocrx_word' id='word_1_371' title='bbox 1631 789 1824 838; x_wconf 78' lang='lat' dir='ltr'><em>crucifixi,</em></span> <span class='ocrx_word' id='word_1_372' title='bbox 1840 792 1880 827; x_wconf 93' lang='lat' dir='ltr'><em>et</em></span> <span class='ocrx_word' id='word_1_373' title='bbox 1903 799 1952 827; x_wconf 86' lang='lat' dir='ltr'><em>ex</em></span> <span class='ocrx_word' id='word_1_374' title='bbox 1968 786 2132 826; x_wconf 86' lang='lat' dir='ltr'><em>Jesuitis</em></span> 
     </span>
     <span class='ocr_line' id='line_1_61' title="bbox 1169 849 2127 901; baseline -0.008 -7"><span class='ocrx_word' id='word_1_375' title='bbox 1169 856 1323 894; x_wconf 87' lang='lat' dir='ltr'><em>Maxim.</em></span> <span class='ocrx_word' id='word_1_376' title='bbox 1354 853 1557 893; x_wconf 89' lang='lat' dir='ltr'><em>Sandaeus</em></span> <span class='ocrx_word' id='word_1_377' title='bbox 1585 856 1742 900; x_wconf 86' lang='lat' dir='ltr'><em>ornant,</em></span> <span class='ocrx_word' id='word_1_378' title='bbox 1772 851 1894 901; x_wconf 85' lang='lat' dir='ltr'><em>elogia</em></span> <span class='ocrx_word' id='word_1_379' title='bbox 1924 849 2127 888; x_wconf 83' lang='lat' dir='ltr'><em>annexuit.</em></span> 
     </span>
     <span class='ocr_line' id='line_1_62' title="bbox 1169 910 2128 965; baseline -0.009 -9"><span class='ocrx_word' id='word_1_380' title='bbox 1169 917 1443 956; x_wconf 88' lang='lat' dir='ltr'><em>Dissimulavit</em></span> <span class='ocrx_word' id='word_1_381' title='bbox 1471 920 1621 962; x_wconf 86' lang='lat' dir='ltr'><em>tamen,</em></span> <span class='ocrx_word' id='word_1_382' title='bbox 1645 926 1694 954; x_wconf 89' lang='lat' dir='ltr'><em>an</em></span> <span class='ocrx_word' id='word_1_383' title='bbox 1719 910 1938 965; x_wconf 80' lang='lat' dir='ltr'><em>ignoravit?</em></span> <span class='ocrx_word' id='word_1_384' title='bbox 1966 911 2128 961; x_wconf 81' lang='lat' dir='ltr'><em>rigidius</em></span> 
     </span>
     <span class='ocr_line' id='line_1_63' title="bbox 1171 974 2127 1031; baseline -0.009 -11"><span class='ocrx_word' id='word_1_385' title='bbox 1171 979 1350 1031; x_wconf 75' lang='lat' dir='ltr'><em>ejusdem</em></span> <span class='ocrx_word' id='word_1_386' title='bbox 1393 978 1560 1018; x_wconf 88' lang='lat' dir='ltr'><em>Sandaei</em></span> <span class='ocrx_word' id='word_1_387' title='bbox 1598 976 1812 1028; x_wconf 85' lang='lat' dir='ltr'><em>judicium,</em></span> <span class='ocrx_word' id='word_1_388' title='bbox 1853 974 1958 1026; x_wconf 92' lang='lat' dir='ltr'><em>quod</em></span> <span class='ocrx_word' id='word_1_389' title='bbox 1986 974 2034 1012; x_wconf 86' lang='lat' dir='ltr'><em>de</em></span> <span class='ocrx_word' id='word_1_390' title='bbox 2065 974 2127 1012; x_wconf 90' lang='lat' dir='ltr'><em>illa</em></span> 
     </span>
     <span class='ocr_line' id='line_1_64' title="bbox 1171 1037 2125 1093; baseline -0.008 -11"><span class='ocrx_word' id='word_1_391' title='bbox 1171 1043 1307 1082; x_wconf 88' lang='lat' dir='ltr'><em>Theol.</em></span> <span class='ocrx_word' id='word_1_392' title='bbox 1328 1044 1444 1093; x_wconf 84' lang='lat' dir='ltr'><em>Myst.</em></span> <span class='ocrx_word' id='word_1_393' title='bbox 1469 1053 1554 1093; x_wconf 90' lang='lat' dir='ltr'><em>pag.</em></span> <span class='ocrx_word' id='word_1_394' title='bbox 1580 1041 1656 1080; x_wconf 87' lang='grc'><em>655</em></span> <span class='ocrx_word' id='word_1_395' title='bbox 1672 1039 1774 1078; x_wconf 89' lang='lat' dir='ltr'><em>tulit.</em></span> <span class='ocrx_word' id='word_1_396' title='bbox 1799 1039 1998 1078; x_wconf 80' lang='lat' dir='ltr'><em>Hactenus</em></span> <span class='ocrx_word' id='word_1_397' title='bbox 2019 1037 2063 1075; x_wconf 91' lang='lat' dir='ltr'><em>B.</em></span> <span class='ocrx_word' id='word_1_398' title='bbox 2080 1037 2125 1074; x_wconf 90' lang='lat' dir='ltr'><em>D.</em></span> 
     </span>
     <span class='ocr_line' id='line_1_65' title="bbox 1167 1102 2126 1152; baseline -0.007 -7"><span class='ocrx_word' id='word_1_399' title='bbox 1167 1107 1337 1145; x_wconf 84' lang='lat' dir='ltr'><em>Joannes</em></span> <span class='ocrx_word' id='word_1_400' title='bbox 1372 1104 1636 1144; x_wconf 82' lang='lat' dir='ltr'><em>Diecmannus</em></span> <span class='ocrx_word' id='word_1_401' title='bbox 1681 1106 1775 1141; x_wconf 91' lang='lat' dir='ltr'><em>tom.</em></span> <span class='ocrx_word' id='word_1_402' title='bbox 1813 1103 1846 1141; x_wconf 92' lang='lat' dir='ltr'><em>II</em></span> <span class='ocrx_word' id='word_1_403' title='bbox 1890 1102 2126 1152; x_wconf 91' lang='lat' dir='ltr'><em>scriptorum</em></span> 
     </span>
     <span class='ocr_line' id='line_1_66' title="bbox 1169 1161 2124 1220; baseline -0.007 -13"><span class='ocrx_word' id='word_1_404' title='bbox 1169 1170 1293 1220; x_wconf 89' lang='lat' dir='ltr'><em>ipsius</em></span> <span class='ocrx_word' id='word_1_405' title='bbox 1307 1168 1643 1216; x_wconf 88' lang='lat' dir='ltr'><em>Germanicorum,</em></span> <span class='ocrx_word' id='word_1_406' title='bbox 1658 1165 1854 1204; x_wconf 88' lang='lat' dir='ltr'><em>editorum</em></span> <span class='ocrx_word' id='word_1_407' title='bbox 1866 1162 2008 1203; x_wconf 88' lang='lat' dir='ltr'><em>Stadae</em></span> <span class='ocrx_word' id='word_1_408' title='bbox 2024 1161 2124 1202; x_wconf 87' lang='grc'>4709</span> 
     </span>
     <span class='ocr_line' id='line_1_67' title="bbox 1171 1229 1536 1282; baseline -0.005 -12"><span class='ocrx_word' id='word_1_409' title='bbox 1171 1232 1192 1270; x_wconf 75' lang='grc'>4</span> <span class='ocrx_word' id='word_1_410' title='bbox 1218 1243 1301 1282; x_wconf 87' lang='lat' dir='ltr'><em>pag.</em></span> <span class='ocrx_word' id='word_1_411' title='bbox 1329 1229 1422 1278; x_wconf 88' lang='grc'>477,</span> <span class='ocrx_word' id='word_1_412' title='bbox 1448 1229 1536 1269; x_wconf 90' lang='grc'>478.</span> 
     </span>
    </p>

    <p class='ocr_par' dir='ltr' id='par_1_7' title="bbox 1165 1287 2128 2215">
     <span class='ocr_line' id='line_1_68' title="bbox 1222 1287 2127 1343; baseline -0.008 -11"><span class='ocrx_word' id='word_1_413' title='bbox 1222 1292 1243 1316; x_wconf 74' lang='lat'><em>*</em></span> <span class='ocrx_word' id='word_1_414' title='bbox 1263 1293 1356 1333; x_wconf 89' lang='lat' dir='ltr'><em>Nolo</em></span> <span class='ocrx_word' id='word_1_415' title='bbox 1380 1293 1442 1331; x_wconf 87' lang='lat' dir='ltr'><em>hic</em></span> <span class='ocrx_word' id='word_1_416' title='bbox 1462 1292 1618 1343; x_wconf 87' lang='lat' dir='ltr'><em>longam</em></span> <span class='ocrx_word' id='word_1_417' title='bbox 1651 1291 1857 1329; x_wconf 83' lang='lat' dir='ltr'><em>Instituere</em></span> <span class='ocrx_word' id='word_1_418' title='bbox 1871 1287 2127 1339; x_wconf 81' lang='lat' dir='ltr'><em>comparatio-</em></span> 
     </span>
     <span class='ocr_line' id='line_1_69' title="bbox 1169 1349 2128 1406; baseline -0.008 -11"><span class='ocrx_word' id='word_1_419' title='bbox 1169 1367 1275 1403; x_wconf 89' lang='lat' dir='ltr'><em>nem,</em></span> <span class='ocrx_word' id='word_1_420' title='bbox 1296 1367 1375 1406; x_wconf 90' lang='lat' dir='ltr'><em>qua</em></span> <span class='ocrx_word' id='word_1_421' title='bbox 1397 1355 1697 1393; x_wconf 85' lang='lat' dir='ltr'><em>demonstretus</em></span> <span class='ocrx_word' id='word_1_422' title='bbox 1715 1353 1753 1391; x_wconf 90' lang='lat' dir='ltr'><em>S.</em></span> <span class='ocrx_word' id='word_1_423' title='bbox 1770 1351 1918 1403; x_wconf 88' lang='lat' dir='ltr'><em>Angela</em></span> <span class='ocrx_word' id='word_1_424' title='bbox 1935 1350 1983 1389; x_wconf 89' lang='lat' dir='ltr'><em>de</em></span> <span class='ocrx_word' id='word_1_425' title='bbox 1999 1349 2128 1399; x_wconf 88' lang='lat' dir='ltr'><em>Fulgi-</em></span> 
     </span>
     <span class='ocr_line' id='line_1_70' title="bbox 1169 1414 2126 1468; baseline -0.008 -11"><span class='ocrx_word' id='word_1_426' title='bbox 1169 1429 1242 1458; x_wconf 88' lang='lat' dir='ltr'><em>neo</em></span> <span class='ocrx_word' id='word_1_427' title='bbox 1262 1418 1375 1468; x_wconf 90' lang='lat' dir='ltr'><em>longe</em></span> <span class='ocrx_word' id='word_1_428' title='bbox 1401 1417 1516 1456; x_wconf 90' lang='lat' dir='ltr'><em>aliam</em></span> <span class='ocrx_word' id='word_1_429' title='bbox 1539 1415 1761 1454; x_wconf 79' lang='lat' dir='ltr'><em>doctrinam</em></span> <span class='ocrx_word' id='word_1_430' title='bbox 1784 1414 1962 1453; x_wconf 87' lang='lat' dir='ltr'><em>tenuisse</em></span> <span class='ocrx_word' id='word_1_431' title='bbox 1981 1442 1989 1460; x_wconf 92' lang='lat'><em>,</em></span> <span class='ocrx_word' id='word_1_432' title='bbox 2006 1422 2126 1462; x_wconf 90' lang='lat' dir='ltr'><em>quam</em></span> 
     </span>
     <span class='ocr_line' id='line_1_71' title="bbox 1168 1474 2123 1518; baseline -0.007 0"><span class='ocrx_word' id='word_1_433' title='bbox 1168 1480 1351 1518; x_wconf 83' lang='lat' dir='ltr'><em>PietiStae</em></span> <span class='ocrx_word' id='word_1_434' title='bbox 1375 1477 1488 1516; x_wconf 91' lang='lat' dir='ltr'><em>hodie</em></span> <span class='ocrx_word' id='word_1_435' title='bbox 1512 1477 1664 1516; x_wconf 90' lang='lat' dir='ltr'><em>docent.</em></span> <span class='ocrx_word' id='word_1_436' title='bbox 1682 1477 1869 1515; x_wconf 89' lang='lat' dir='ltr'><em>Instituta</em></span> <span class='ocrx_word' id='word_1_437' title='bbox 1887 1475 1952 1513; x_wconf 87' lang='lat' dir='ltr'><em>illa</em></span> <span class='ocrx_word' id='word_1_438' title='bbox 1969 1475 2070 1512; x_wconf 90' lang='lat' dir='ltr'><em>inter</em></span> <span class='ocrx_word' id='word_1_439' title='bbox 2086 1474 2123 1512; x_wconf 88' lang='lat' dir='ltr'><em>S.</em></span> 
     </span>
     <span class='ocr_line' id='line_1_72' title="bbox 1167 1537 2124 1593; baseline -0.007 -12"><span class='ocrx_word' id='word_1_440' title='bbox 1167 1540 1377 1593; x_wconf 86' lang='lat' dir='ltr'><em>Angelam,</em></span> <span class='ocrx_word' id='word_1_441' title='bbox 1401 1544 1442 1578; x_wconf 91' lang='lat' dir='ltr'><em>et</em></span> <span class='ocrx_word' id='word_1_442' title='bbox 1459 1540 1651 1577; x_wconf 88' lang='lat' dir='ltr'><em>Joannem</em></span> <span class='ocrx_word' id='word_1_443' title='bbox 1674 1537 1783 1576; x_wconf 89' lang='lat' dir='ltr'><em>Arnd</em></span> <span class='ocrx_word' id='word_1_444' title='bbox 1799 1537 2045 1587; x_wconf 87' lang='lat' dir='ltr'><em>Comparatio</em></span> <span class='ocrx_word' id='word_1_445' title='bbox 2064 1537 2124 1574; x_wconf 90' lang='lat' dir='ltr'><em>ni-</em></span> 
     </span>
     <span class='ocr_line' id='line_1_73' title="bbox 1168 1598 2127 1651; baseline -0.007 -8"><span class='ocrx_word' id='word_1_446' title='bbox 1168 1604 1222 1643; x_wconf 92' lang='lat' dir='ltr'><em>hil</em></span> <span class='ocrx_word' id='word_1_447' title='bbox 1246 1604 1392 1643; x_wconf 88' lang='lat' dir='ltr'><em>evincit</em></span> <span class='ocrx_word' id='word_1_448' title='bbox 1414 1601 1520 1641; x_wconf 91' lang='lat' dir='ltr'><em>aliud</em></span> <span class='ocrx_word' id='word_1_449' title='bbox 1537 1602 1612 1640; x_wconf 90' lang='lat' dir='ltr'><em>nisi</em></span> <span class='ocrx_word' id='word_1_450' title='bbox 1629 1601 1733 1651; x_wconf 93' lang='lat' dir='ltr'><em>quod</em></span> <span class='ocrx_word' id='word_1_451' title='bbox 1753 1598 2021 1639; x_wconf 84' lang='lat' dir='ltr'><em>heterodoxus</em></span> <span class='ocrx_word' id='word_1_452' title='bbox 2036 1610 2127 1637; x_wconf 90' lang='lat' dir='ltr'><em>ver-</em></span> 
     </span>
     <span class='ocr_line' id='line_1_74' title="bbox 1168 1661 2128 1717; baseline -0.005 -12"><span class='ocrx_word' id='word_1_453' title='bbox 1168 1666 1216 1705; x_wconf 90' lang='lat' dir='ltr'><em>ba</em></span> <span class='ocrx_word' id='word_1_454' title='bbox 1230 1666 1473 1717; x_wconf 89' lang='lat' dir='ltr'><em>phrasesque</em></span> <span class='ocrx_word' id='word_1_455' title='bbox 1493 1676 1514 1703; x_wconf 92' lang='lat' dir='ltr'><em>e</em></span> <span class='ocrx_word' id='word_1_456' title='bbox 1530 1664 1603 1715; x_wconf 89' lang='lat' dir='ltr'><em>piis</em></span> <span class='ocrx_word' id='word_1_457' title='bbox 1619 1662 1892 1714; x_wconf 88' lang='lat' dir='ltr'><em>persimilibus</em></span> <span class='ocrx_word' id='word_1_458' title='bbox 1910 1661 2049 1700; x_wconf 88' lang='lat' dir='ltr'><em>libellis</em></span> <span class='ocrx_word' id='word_1_459' title='bbox 2065 1672 2128 1700; x_wconf 88' lang='lat' dir='ltr'><em>ac-</em></span> 
     </span>
     <span class='ocr_line' id='line_1_75' title="bbox 1169 1723 2128 1780; baseline -0.007 -12"><span class='ocrx_word' id='word_1_460' title='bbox 1169 1729 1332 1780; x_wconf 83' lang='lat' dir='ltr'><em>ceperit,</em></span> <span class='ocrx_word' id='word_1_461' title='bbox 1356 1728 1502 1778; x_wconf 87' lang='lat' dir='ltr'><em>quibus</em></span> <span class='ocrx_word' id='word_1_462' title='bbox 1525 1727 1573 1766; x_wconf 91' lang='lat' dir='ltr'><em>ad</em></span> <span class='ocrx_word' id='word_1_463' title='bbox 1599 1727 1842 1777; x_wconf 80' lang='lat' dir='ltr'><em>impletatem</em></span> <span class='ocrx_word' id='word_1_464' title='bbox 1867 1735 1980 1762; x_wconf 89' lang='lat' dir='ltr'><em>suam</em></span> <span class='ocrx_word' id='word_1_465' title='bbox 2009 1723 2128 1762; x_wconf 90' lang='lat' dir='ltr'><em>obve-</em></span> 
     </span>
     <span class='ocr_line' id='line_1_76' title="bbox 1171 1784 2126 1838; baseline -0.008 -8"><span class='ocrx_word' id='word_1_466' title='bbox 1171 1790 1330 1830; x_wconf 90' lang='lat' dir='ltr'><em>landam</em></span> <span class='ocrx_word' id='word_1_467' title='bbox 1367 1794 1558 1829; x_wconf 88' lang='lat' dir='ltr'><em>uteretur.</em></span> <span class='ocrx_word' id='word_1_468' title='bbox 1593 1789 1671 1828; x_wconf 72' lang='lat' dir='ltr'><em>Nec</em></span> <span class='ocrx_word' id='word_1_469' title='bbox 1712 1787 1836 1838; x_wconf 91' lang='lat' dir='ltr'><em>opella</em></span> <span class='ocrx_word' id='word_1_470' title='bbox 1877 1787 1915 1825; x_wconf 89' lang='lat' dir='ltr'><em>S.</em></span> <span class='ocrx_word' id='word_1_471' title='bbox 1953 1784 2126 1836; x_wconf 85' lang='lat' dir='ltr'><em>Angelae</em></span> 
     </span>
     <span class='ocr_line' id='line_1_77' title="bbox 1172 1848 2126 1895; baseline -0.006 -3"><span class='ocrx_word' id='word_1_472' title='bbox 1172 1853 1446 1892; x_wconf 90' lang='lat' dir='ltr'><em>tantummodo</em></span> <span class='ocrx_word' id='word_1_473' title='bbox 1470 1853 1526 1891; x_wconf 86' lang='lat' dir='ltr'><em>sic</em></span> <span class='ocrx_word' id='word_1_474' title='bbox 1549 1852 1697 1891; x_wconf 89' lang='lat' dir='ltr'><em>abusus</em></span> <span class='ocrx_word' id='word_1_475' title='bbox 1716 1854 1795 1895; x_wconf 82' lang='lat' dir='ltr'><em>est,</em></span> <span class='ocrx_word' id='word_1_476' title='bbox 1816 1848 1885 1888; x_wconf 89' lang='lat' dir='ltr'><em>sed</em></span> <span class='ocrx_word' id='word_1_477' title='bbox 1909 1852 1948 1887; x_wconf 92' lang='lat' dir='ltr'><em>et</em></span> <span class='ocrx_word' id='word_1_478' title='bbox 1973 1849 2010 1887; x_wconf 92' lang='lat' dir='ltr'><em>S.</em></span> <span class='ocrx_word' id='word_1_479' title='bbox 2026 1848 2126 1887; x_wconf 86' lang='lat' dir='ltr'><em>The-</em></span> 
     </span>
     <span class='ocr_line' id='line_1_78' title="bbox 1165 1912 2124 1967; baseline -0.008 -12"><span class='ocrx_word' id='word_1_480' title='bbox 1165 1916 1311 1955; x_wconf 88' lang='lat' dir='ltr'><em>resiam</em></span> <span class='ocrx_word' id='word_1_481' title='bbox 1330 1926 1517 1967; x_wconf 84' lang='lat' dir='ltr'><em>persaepe</em></span> <span class='ocrx_word' id='word_1_482' title='bbox 1538 1913 1738 1964; x_wconf 83' lang='lat' dir='ltr'><em>expilavit.</em></span> <span class='ocrx_word' id='word_1_483' title='bbox 1757 1912 1854 1958; x_wconf 88' lang='lat' dir='ltr'><em>Quis</em></span> <span class='ocrx_word' id='word_1_484' title='bbox 1881 1921 1976 1948; x_wconf 85' lang='lat' dir='ltr'><em>vero</em></span> <span class='ocrx_word' id='word_1_485' title='bbox 2005 1921 2124 1948; x_wconf 86' lang='lat' dir='ltr'><em>sanae</em></span> 
     </span>
     <span class='ocr_line' id='line_1_79' title="bbox 1167 1973 2124 2028; baseline -0.007 -11"><span class='ocrx_word' id='word_1_486' title='bbox 1167 1978 1311 2016; x_wconf 86' lang='lat' dir='ltr'><em>mentis</em></span> <span class='ocrx_word' id='word_1_487' title='bbox 1331 1977 1574 2028; x_wconf 87' lang='lat' dir='ltr'><em>reputaverit</em></span> <span class='ocrx_word' id='word_1_488' title='bbox 1590 1976 1627 2014; x_wconf 90' lang='lat' dir='ltr'><em>S.</em></span> <span class='ocrx_word' id='word_1_489' title='bbox 1645 1974 1884 2020; x_wconf 85' lang='lat' dir='ltr'><em>Theresiam,</em></span> <span class='ocrx_word' id='word_1_490' title='bbox 1903 1973 2017 2010; x_wconf 91' lang='lat' dir='ltr'><em>cuius</em></span> <span class='ocrx_word' id='word_1_491' title='bbox 2033 1983 2124 2023; x_wconf 83' lang='lat' dir='ltr'><em>ope-</em></span> 
     </span>
     <span class='ocr_line' id='line_1_80' title="bbox 1167 2034 2124 2091; baseline -0.007 -13"><span class='ocrx_word' id='word_1_492' title='bbox 1167 2051 1210 2079; x_wconf 92' lang='lat' dir='ltr'><em>ra</em></span> <span class='ocrx_word' id='word_1_493' title='bbox 1234 2041 1408 2091; x_wconf 87' lang='lat' dir='ltr'><em>insignes</em></span> <span class='ocrx_word' id='word_1_494' title='bbox 1427 2038 1608 2088; x_wconf 87' lang='lat' dir='ltr'><em>Theologi</em></span> <span class='ocrx_word' id='word_1_495' title='bbox 1626 2038 1868 2076; x_wconf 85' lang='lat' dir='ltr'><em>revocarunt</em></span> <span class='ocrx_word' id='word_1_496' title='bbox 1883 2034 1929 2072; x_wconf 92' lang='lat' dir='ltr'><em>ad</em></span> <span class='ocrx_word' id='word_1_497' title='bbox 1945 2045 2124 2081; x_wconf 75' lang='lat' dir='ltr'><em>examen,</em></span> 
     </span>
     <span class='ocr_line' id='line_1_81' title="bbox 1167 2097 2127 2153; baseline -0.006 -12"><span class='ocrx_word' id='word_1_498' title='bbox 1167 2102 1447 2153; x_wconf 90' lang='lat' dir='ltr'><em>approbarunt,</em></span> <span class='ocrx_word' id='word_1_499' title='bbox 1463 2105 1503 2139; x_wconf 90' lang='lat' dir='ltr'><em>et</em></span> <span class='ocrx_word' id='word_1_500' title='bbox 1520 2098 1872 2146; x_wconf 90' lang='lat' dir='ltr'><em>commendarunt,</em></span> <span class='ocrx_word' id='word_1_501' title='bbox 1896 2097 2127 2135; x_wconf 86' lang='lat' dir='ltr'><em>Pictismum</em></span> 
     </span>
     <span class='ocr_line' id='line_1_82' title="bbox 1168 2160 1649 2215; baseline -0.004 -12"><span class='ocrx_word' id='word_1_502' title='bbox 1168 2165 1346 2215; x_wconf 87' lang='lat' dir='ltr'><em>sapuisse</em></span> <span class='ocrx_word' id='word_1_503' title='bbox 1370 2168 1410 2202; x_wconf 94' lang='lat' dir='ltr'><em>et</em></span> <span class='ocrx_word' id='word_1_504' title='bbox 1433 2163 1613 2202; x_wconf 89' lang='lat' dir='ltr'><em>docuisse</em></span> <span class='ocrx_word' id='word_1_505' title='bbox 1629 2160 1649 2200; x_wconf 78' lang='lat'><em>⁶?</em></span> 
     </span>
    </p>

    <p class='ocr_par' dir='ltr' id='par_1_8' title="bbox 1171 2221 2126 2328">
     <span class='ocr_line' id='line_1_83' title="bbox 1222 2221 2126 2274; baseline -0.007 -8"><span class='ocrx_word' id='word_1_506' title='bbox 1222 2224 1481 2266; x_wconf 85' lang='lat' dir='ltr'>ANGELICA</span> <span class='ocrx_word' id='word_1_507' title='bbox 1501 2236 1674 2274; x_wconf 87' lang='lat' dir='ltr'><em>summa,</em></span> <span class='ocrx_word' id='word_1_508' title='bbox 1696 2224 1796 2262; x_wconf 86' lang='lat' dir='ltr'><em>infra</em></span> <span class='ocrx_word' id='word_1_509' title='bbox 1824 2221 2058 2263; x_wconf 81' lang='lat' dir='ltr'>ANGELUS</span> <span class='ocrx_word' id='word_1_510' title='bbox 2080 2221 2126 2260; x_wconf 78' lang='lat' dir='ltr'><em>(le</em></span> 
     </span>
     <span class='ocr_line' id='line_1_84' title="bbox 1171 2287 1367 2328; baseline -0.005 0"><span class='ocrx_word' id='word_1_511' title='bbox 1171 2287 1367 2328; x_wconf 71' lang='lat' dir='ltr'><em>Clavasz&#39;O.</em></span> 
     </span>
    </p>

    <p class='ocr_par' dir='ltr' id='par_1_9' title="bbox 1171 2347 2126 2464">
     <span class='ocr_line' id='line_1_85' title="bbox 1221 2347 2126 2399; baseline -0.006 -9"><span class='ocrx_word' id='word_1_512' title='bbox 1221 2351 1507 2391; x_wconf 77' lang='lat' dir='ltr'>ANGELICUS</span> <span class='ocrx_word' id='word_1_513' title='bbox 1557 2352 1698 2390; x_wconf 90' lang='lat' dir='ltr'><em>Doctor</em></span> <span class='ocrx_word' id='word_1_514' title='bbox 1719 2381 1726 2399; x_wconf 88' lang='lat'><em>,</em></span> <span class='ocrx_word' id='word_1_515' title='bbox 1778 2350 1877 2388; x_wconf 85' lang='lat' dir='ltr'><em>infra</em></span> <span class='ocrx_word' id='word_1_516' title='bbox 1924 2347 2126 2388; x_wconf 83' lang='lat' dir='ltr'>TIIOMAS</span> 
     </span>
     <span class='ocr_line' id='line_1_86' title="bbox 1171 2411 1359 2464; baseline 0.005 -12"><span class='ocrx_word' id='word_1_517' title='bbox 1171 2411 1359 2464; x_wconf 73' lang='lat' dir='ltr'><em>Aquinas</em></span> 
     </span>
    </p>

    <p class='ocr_par' dir='ltr' id='par_1_10' title="bbox 1162 2474 2124 2824">
     <span class='ocr_line' id='line_1_87' title="bbox 1218 2474 2124 2516; baseline -0.006 -2"><span class='ocrx_word' id='word_1_518' title='bbox 1218 2475 1505 2516; x_wconf 81' lang='lat' dir='ltr'>ANGELICUS</span> <span class='ocrx_word' id='word_1_519' title='bbox 1524 2475 1713 2515; x_wconf 88' lang='lat' dir='ltr'><em>Grimaldi</em></span> <span class='ocrx_word' id='word_1_520' title='bbox 1732 2487 1753 2514; x_wconf 90' lang='lat' dir='ltr'><em>e</em></span> <span class='ocrx_word' id='word_1_521' title='bbox 1772 2475 1932 2513; x_wconf 79' lang='lat' dir='ltr'><em>GriSaco</em></span> <span class='ocrx_word' id='word_1_522' title='bbox 1948 2474 2124 2512; x_wconf 79' lang='lat' dir='ltr'><em>Minima-</em></span> 
     </span>
     <span class='ocr_line' id='line_1_88' title="bbox 1165 2533 2122 2587; baseline -0.004 -13"><span class='ocrx_word' id='word_1_523' title='bbox 1165 2538 1289 2575; x_wconf 87' lang='lat' dir='ltr'><em>tensis</em></span> <span class='ocrx_word' id='word_1_524' title='bbox 1312 2538 1509 2576; x_wconf 87' lang='lat' dir='ltr'><em>Dioccesis</em></span> <span class='ocrx_word' id='word_1_525' title='bbox 1532 2538 1687 2584; x_wconf 84' lang='lat' dir='ltr'><em>Gallus,</em></span> <span class='ocrx_word' id='word_1_526' title='bbox 1710 2537 1930 2587; x_wconf 88' lang='lat' dir='ltr'><em>Episcopus</em></span> <span class='ocrx_word' id='word_1_527' title='bbox 1950 2533 2122 2572; x_wconf 87' lang='lat' dir='ltr'><em>Avenio-</em></span> 
     </span>
     <span class='ocr_line' id='line_1_89' title="bbox 1166 2595 2114 2649; baseline -0.005 -12"><span class='ocrx_word' id='word_1_528' title='bbox 1166 2600 1298 2638; x_wconf 89' lang='lat' dir='ltr'><em>nensis</em></span> <span class='ocrx_word' id='word_1_529' title='bbox 1327 2600 1393 2649; x_wconf 89' lang='lat' dir='ltr'><em>qui</em></span> <span class='ocrx_word' id='word_1_530' title='bbox 1417 2598 1635 2638; x_wconf 88' lang='lat' dir='ltr'><em>Cardinalis</em></span> <span class='ocrx_word' id='word_1_531' title='bbox 1659 2598 1732 2636; x_wconf 82' lang='lat' dir='ltr'><em>An.</em></span> <span class='ocrx_word' id='word_1_532' title='bbox 1759 2596 1859 2636; x_wconf 87' lang='grc'>4387</span> <span class='ocrx_word' id='word_1_533' title='bbox 1884 2596 1988 2634; x_wconf 88' lang='lat' dir='ltr'><em>diem</em></span> <span class='ocrx_word' id='word_1_534' title='bbox 2009 2595 2114 2633; x_wconf 83' lang='lat' dir='ltr'><em>obiit.</em></span> 
     </span>
     <span class='ocr_line' id='line_1_90' title="bbox 1164 2659 2119 2711; baseline -0.003 -12"><span class='ocrx_word' id='word_1_535' title='bbox 1164 2661 1211 2699; x_wconf 87' lang='lat' dir='ltr'><em>ab</em></span> <span class='ocrx_word' id='word_1_536' title='bbox 1239 2661 1507 2711; x_wconf 84' lang='lat' dir='ltr'><em>Eisengrcinio</em></span> <span class='ocrx_word' id='word_1_537' title='bbox 1535 2672 1620 2711; x_wconf 80' lang='lat' dir='ltr'><em>pag.</em></span> <span class='ocrx_word' id='word_1_538' title='bbox 1665 2660 1739 2699; x_wconf 77' lang='grc'><em>448</em></span> <span class='ocrx_word' id='word_1_539' title='bbox 1767 2659 1803 2696; x_wconf 91' lang='lat' dir='ltr'><em>b.</em></span> <span class='ocrx_word' id='word_1_540' title='bbox 1834 2660 1936 2696; x_wconf 86' lang='lat' dir='ltr'><em>inter</em></span> <span class='ocrx_word' id='word_1_541' title='bbox 1963 2662 2119 2696; x_wconf 79' lang='lat' dir='ltr'><em>caetera</em></span> 
     </span>
     <span class='ocr_line' id='line_1_91' title="bbox 1162 2719 2115 2775; baseline -0.007 -14"><span class='ocrx_word' id='word_1_542' title='bbox 1162 2722 1426 2775; x_wconf 77' lang='lat' dir='ltr'><em>Ante&#39;phonas,</em></span> <span class='ocrx_word' id='word_1_543' title='bbox 1462 2732 1657 2772; x_wconf 82' lang='lat' dir='ltr'><em>sacraque</em></span> <span class='ocrx_word' id='word_1_544' title='bbox 1686 2730 1875 2771; x_wconf 80' lang='lat' dir='ltr'><em>responsa</em></span> <span class='ocrx_word' id='word_1_545' title='bbox 1910 2719 2115 2769; x_wconf 63' lang='lat' dir='ltr'><em>reliquisse</em></span> 
     </span>
     <span class='ocr_line' id='line_1_92' title="bbox 1162 2785 1340 2824; baseline 0 -1"><span class='ocrx_word' id='word_1_546' title='bbox 1162 2785 1340 2824; x_wconf 86' lang='lat' dir='ltr'><em>traditur.</em></span> 
     </span>
    </p>

    <p class='ocr_par' dir='ltr' id='par_1_11' title="bbox 1162 2845 2117 3011">
     <span class='ocr_line' id='line_1_93' title="bbox 1213 2845 2116 2896; baseline -0.003 -12"><span class='ocrx_word' id='word_1_547' title='bbox 1213 2848 1381 2886; x_wconf 69' lang='lat' dir='ltr'><em>,Ioannes</em></span> <span class='ocrx_word' id='word_1_548' title='bbox 1411 2845 1692 2887; x_wconf 86' lang='lat' dir='ltr'>ANGELICUS</span> <span class='ocrx_word' id='word_1_549' title='bbox 1713 2857 1831 2896; x_wconf 86' lang='lat' dir='ltr'><em>super</em></span> <span class='ocrx_word' id='word_1_550' title='bbox 1857 2845 2116 2891; x_wconf 81' lang='lat' dir='ltr'><em>Quaestiones</em></span> 
     </span>
     <span class='ocr_line' id='line_1_94' title="bbox 1162 2907 2117 2956; baseline -0.004 -8"><span class='ocrx_word' id='word_1_551' title='bbox 1162 2910 1408 2949; x_wconf 85' lang='lat' dir='ltr'><em>universales</em></span> <span class='ocrx_word' id='word_1_552' title='bbox 1434 2910 1597 2948; x_wconf 71' lang='lat' dir='ltr'><em>,loannis</em></span> <span class='ocrx_word' id='word_1_553' title='bbox 1624 2909 1751 2956; x_wconf 89' lang='lat' dir='ltr'><em>Duns,</em></span> <span class='ocrx_word' id='word_1_554' title='bbox 1781 2909 1865 2947; x_wconf 88' lang='lat' dir='ltr'><em>sive</em></span> <span class='ocrx_word' id='word_1_555' title='bbox 1895 2907 2011 2946; x_wconf 75' lang='lat' dir='ltr'><em>Scoti.</em></span> <span class='ocrx_word' id='word_1_556' title='bbox 2043 2907 2117 2945; x_wconf 72' lang='lat' dir='ltr'><em>Ve-</em></span> 
     </span>
     <span class='ocr_line' id='line_1_95' title="bbox 1165 2971 1454 3011; baseline 0 -2"><span class='ocrx_word' id='word_1_557' title='bbox 1165 2976 1245 3009; x_wconf 91' lang='lat' dir='ltr'><em>nct.</em></span> <span class='ocrx_word' id='word_1_558' title='bbox 1269 2972 1370 3011; x_wconf 70' lang='grc'>4542</span> <span class='ocrx_word' id='word_1_559' title='bbox 1393 2971 1454 3010; x_wconf 84' lang='lat' dir='ltr'><em>fol.</em></span> 
     </span>
    </p>

    <p class='ocr_par' dir='ltr' id='par_1_12' title="bbox 1160 3033 2114 3210">
     <span class='ocr_line' id='line_1_96' title="bbox 1217 3033 2114 3074; baseline -0.002 -3"><span class='ocrx_word' id='word_1_560' title='bbox 1217 3033 1399 3073; x_wconf 82' lang='lat' dir='ltr'><em>Andreas</em></span> <span class='ocrx_word' id='word_1_561' title='bbox 1444 3033 1490 3073; x_wconf 80' lang='lat' dir='ltr'><em>(le</em></span> <span class='ocrx_word' id='word_1_562' title='bbox 1528 3034 1793 3074; x_wconf 73' lang='lat' dir='ltr'>ANGELINIS</span> <span class='ocrx_word' id='word_1_563' title='bbox 1828 3033 1950 3071; x_wconf 85' lang='lat' dir='ltr'><em>JCtus</em></span> <span class='ocrx_word' id='word_1_564' title='bbox 1979 3035 2114 3070; x_wconf 85' lang='lat' dir='ltr'><em>auctor</em></span> 
     </span>
     <span class='ocr_line' id='line_1_97' title="bbox 1160 3094 2112 3136; baseline -0.003 -3"><span class='ocrx_word' id='word_1_565' title='bbox 1160 3096 1541 3136; x_wconf 81' lang='lat' dir='ltr'><em>Commentariorum</em></span> <span class='ocrx_word' id='word_1_566' title='bbox 1563 3098 1600 3135; x_wconf 93' lang='lat' dir='ltr'><em>in</em></span> <span class='ocrx_word' id='word_1_567' title='bbox 1622 3095 1841 3136; x_wconf 81' lang='lat' dir='ltr'><em>secundum</em></span> <span class='ocrx_word' id='word_1_568' title='bbox 1863 3094 2056 3133; x_wconf 78' lang='lat' dir='ltr'><em>Inforciati</em></span> <span class='ocrx_word' id='word_1_569' title='bbox 2073 3098 2112 3131; x_wconf 83' lang='lat' dir='ltr'><em>ct</em></span> 
     </span>
     <span class='ocr_line' id='line_1_98' title="bbox 1160 3158 1685 3210; baseline 0.002 -15"><span class='ocrx_word' id='word_1_570' title='bbox 1160 3158 1379 3197; x_wconf 82' lang='lat' dir='ltr'><em>secundum</em></span> <span class='ocrx_word' id='word_1_571' title='bbox 1405 3160 1550 3210; x_wconf 83' lang='lat' dir='ltr'><em>Digesti</em></span> <span class='ocrx_word' id='word_1_572' title='bbox 1583 3160 1685 3197; x_wconf 73' lang='lat' dir='ltr'><em>novi.</em></span> 
     </span>
    </p>

    <p class='ocr_par' dir='ltr' id='par_1_13' title="bbox 1160 3218 2111 3398">
     <span class='ocr_line' id='line_1_99' title="bbox 1212 3218 2111 3269; baseline -0.002 -11"><span class='ocrx_word' id='word_1_573' title='bbox 1212 3219 1435 3260; x_wconf 69' lang='lat' dir='ltr'><em>Jiae&#39;charclus</em></span> <span class='ocrx_word' id='word_1_574' title='bbox 1451 3221 1497 3261; x_wconf 85' lang='lat' dir='ltr'><em>de</em></span> <span class='ocrx_word' id='word_1_575' title='bbox 1515 3223 1552 3261; x_wconf 87' lang='lat' dir='ltr'><em>S.</em></span> <span class='ocrx_word' id='word_1_576' title='bbox 1570 3221 1781 3269; x_wconf 78' lang='lat' dir='ltr'><em>ANGELO,</em></span> <span class='ocrx_word' id='word_1_577' title='bbox 1789 3219 2001 3259; x_wconf 84' lang='lat' dir='ltr'><em>Monachus</em></span> <span class='ocrx_word' id='word_1_578' title='bbox 2014 3218 2111 3257; x_wconf 84' lang='lat' dir='ltr'><em>Cas-</em></span> 
     </span>
     <span class='ocr_line' id='line_1_100' title="bbox 1160 3282 2109 3334; baseline -0.001 -15"><span class='ocrx_word' id='word_1_579' title='bbox 1160 3284 1330 3321; x_wconf 81' lang='lat' dir='ltr'><em>sincnsis</em></span> <span class='ocrx_word' id='word_1_580' title='bbox 1353 3285 1455 3323; x_wconf 78' lang='lat' dir='ltr'><em>circa</em></span> <span class='ocrx_word' id='word_1_581' title='bbox 1478 3283 1550 3323; x_wconf 82' lang='lat' dir='ltr'><em>An.</em></span> <span class='ocrx_word' id='word_1_582' title='bbox 1579 3285 1690 3324; x_wconf 89' lang='grc'>4300.</span> <span class='ocrx_word' id='word_1_583' title='bbox 1716 3284 1815 3334; x_wconf 85' lang='lat' dir='ltr'><em>Ejus</em></span> <span class='ocrx_word' id='word_1_584' title='bbox 1838 3282 2109 3322; x_wconf 70' lang='lat' dir='ltr'><em>commentare·-</em></span> 
     </span>
     <span class='ocr_line' id='line_1_101' title="bbox 1161 3344 2106 3398; baseline -0.002 -16"><span class='ocrx_word' id='word_1_585' title='bbox 1161 3356 1225 3383; x_wconf 77' lang='lat' dir='ltr'><em>um</em></span> <span class='ocrx_word' id='word_1_586' title='bbox 1249 3344 1284 3385; x_wconf 73' lang='lat' dir='ltr'><em>in</em></span> <span class='ocrx_word' id='word_1_587' title='bbox 1309 3345 1492 3398; x_wconf 70' lang='lat' dir='ltr'><em>Requlam</em></span> <span class='ocrx_word' id='word_1_588' title='bbox 1518 3347 1556 3387; x_wconf 90' lang='lat' dir='ltr'><em>S.</em></span> <span class='ocrx_word' id='word_1_589' title='bbox 1582 3346 1782 3387; x_wconf 75' lang='lat' dir='ltr'><em>Benedicti</em></span> <span class='ocrx_word' id='word_1_590' title='bbox 1800 3345 1848 3386; x_wconf 87' lang='lat' dir='ltr'><em>ad</em></span> <span class='ocrx_word' id='word_1_591' title='bbox 1872 3344 2106 3386; x_wconf 80' lang='lat' dir='ltr'><em>Landulinm</em></span> 
     </span>
    </p>
   </div>
  </div>
 </body>
</html>
