2500 3841
906 222 1279 262 DEIBOCUS

100 297 207 340 scat,
233 292 294 331 liic
318 292 435 331 habet
455 304 510 331 eac
543 291 732 343 pluribus
766 297 961 346 carptum.
1000 295 1057 334 Ne

101 353 142 392 id
155 365 252 406 opus
274 365 426 405 quoque
450 355 533 393 sine
556 358 719 393 auctore
729 360 945 407 putaretur
965 370 1058 409 apo-

99 416 289 468 cryphum
309 446 317 463 ⁷
341 416 557 468 unicuique
588 421 801 457 sententiae
825 431 901 470 per
924 420 1057 471 sinqu-

97 478 158 517 las
176 479 421 531 capitulatim
436 480 605 520 virtutes
624 493 740 520 suum
761 482 910 532 scripsi
922 485 1057 520 aucto*

94 552 192 590 rem,
212 552 353 580 nomen
369 541 603 583 adscribens
624 556 752 583 meum
770 544 876 595 quod
891 548 950 583 est
967 545 1056 582 DE-

98 603 326 654 FENSOR,
350 617 427 643 non
459 604 506 644 ob
524 605 697 657 qloriam
719 619 868 646 vanam
883 639 892 655 ,
917 607 987 646 sed
1010 612 1056 646 ut

93 666 317 720 quicunque
340 667 503 719 leqerst,
528 670 608 708 mei
634 669 866 708 memoriam
898 669 1054 709 habeat.

92 730 221 781 Caput
241 731 345 781 quod
375 734 415 770 in
444 733 561 772 oditis
598 732 874 782 desideratur,
900 735 1056 784 trigesi-

93 804 204 832 mum
228 795 415 844 quintum
442 795 490 834 de
518 794 755 835 Doctoribus
771 826 780 844 ,
805 797 986 847 vulgavit
1011 799 1052 835 B.

91 856 275 895 Nicolaus
299 858 574 909 Staphorstius
595 863 731 897 noster
746 863 841 897 tom.
868 859 903 897 3.
926 860 1055 897 Histo-

91 919 172 958 riae
193 919 498 960 Ecclesiasticae
521 921 836 972 Hamburgensis
860 932 946 972 pag.
977 922 1053 961 359

91 982 181 1021 364.
217 993 266 1021 cx
302 982 447 1022 Codice
474 984 584 1023 MSto
612 983 876 1022 Bibliothecae
913 983 1053 1034 templi

91 1046 195 1084 Petri
214 1050 255 1083 et
275 1045 383 1085 Pauli
407 1046 737 1096 Hamburgensis.

143 1107 341 1146 Jolzannes
357 1107 619 1157 DEIBOCUS,
632 1107 744 1156 infra7
754 1107 1049 1147 DRIBROCUS.

141 1169 340 1208 Johannes
359 1170 563 1217 DEIRUS⁷
583 1169 671 1208 Joh.
693 1171 968 1210 Frumentario
983 1170 1047 1209 lib.

90 1232 139 1271 dc
174 1233 277 1271 Viris
311 1232 535 1271 illustribus
573 1232 791 1282 DEURUS7
825 1232 1050 1283 Theologus

89 1295 243 1346 Anglus
255 1295 361 1333 circa
375 1293 538 1333 Annum
558 1294 676 1333 4360.
695 1298 800 1333 teste
816 1296 946 1334 Pitseo
963 1307 1049 1346 pag.

91 1358 180 1396 485.
203 1357 372 1396 celebris
394 1357 554 1407 scripsit
566 1367 712 1407 peram
748 1356 1023 1407 spiritualium
1039 1389 1049 1405 ,

89 1422 176 1459 sive
205 1419 480 1458 Distinctiones
507 1419 618 1458 libris
656 1420 718 1458 IV.
755 1420 1049 1459 Illustrationes

89 1494 213 1535 super
226 1482 416 1522 historias
427 1483 579 1522 Sacrae
597 1481 832 1534 Scripturae
848 1513 858 1531 ,
877 1493 1048 1533 quarum

91 1547 273 1586 meminit
295 1550 336 1584 et
358 1545 558 1584 Lelandus
580 1556 614 1583 c.
640 1545 731 1583 348.
752 1550 792 1583 ct
815 1545 960 1584 Baleus
985 1546 1046 1584 Vl.

89 1610 150 1649 49.
170 1609 463 1660 Responsiones
483 1607 538 1646 ad
557 1606 766 1646 mendacia
785 1606 837 1646 ab
857 1607 1051 1647 adversa-

87 1670 163 1710 riis
185 1669 266 1710 sibi
285 1669 477 1722 imposita.
501 1671 866 1709 Determinationes
886 1669 933 1708 de
957 1670 1051 1709 ado-

87 1734 242 1773 ratione
276 1733 504 1785 imaqinum.
534 1734 590 1771 De
622 1732 957 1785 pereqrinatione.
994 1734 1051 1772 De

83 1796 383 1848 praedicatione
414 1794 534 1835 Verbi
567 1795 673 1834 DEI.
697 1797 751 1835 Et
775 1795 821 1834 de
845 1795 1051 1846 stipendus

84 1858 292 1898 annalium
314 1857 585 1898 Sacerdocum.

148 1920 373 1962 Wiclzertus
390 1920 588 1969 DEIRUS,
603 1921 715 1967 infra7
734 1920 1050 1961 WICBERTUS.

139 1990 311 2032 Jacobus
332 1991 380 2030 de
402 1992 642 2031 DELEYTO
661 2023 669 2041 ‚
691 1991 966 2031 Cancellarius
987 1994 1052 2031 Ni-

86 2056 184 2095 colai
203 2055 409 2104 Estensis‚
433 2054 670 2093 Marchionis
698 2056 926 2102 Ferrariae,
954 2057 1051 2094 scri-

86 2123 175 2170 ptor
195 2116 411 2156 Annalium
439 2116 669 2156 Estensium
698 2127 795 2156 suae
826 2119 971 2156 aetatis
1000 2118 1048 2156 de

85 2182 211 2233 gestis
243 2181 349 2220 illius
384 2180 622 2219 Marchionis
650 2180 699 2219 ab
736 2179 853 2218 Anno
892 2180 1049 2219 CHristi

89 2247 104 2285 4
115 2244 204 2284 393.
221 2243 269 2283 ad
287 2244 402 2283 4409.
418 2243 617 2282 editorum
626 2241 834 2282 Mediolani
845 2242 921 2281 An.
933 2245 946 2283 4
958 2242 1008 2282 73
1017 2245 1048 2282 4.

88 2310 127 2347 in
155 2312 262 2346 tomo
290 2307 485 2358 vigesimo
514 2307 755 2357 scriptorum
791 2307 925 2345 Italiae
943 2334 953 2350 ‚
983 2317 1051 2345 cu-

88 2374 202 2409 rante
225 2369 484 2409 celeberrimo
507 2370 733 2408 Muratorio.

141 2431 328 2482 AEqidius
367 2432 607 2471 DELPHUS.
648 2431 740 2470 vide
755 2463 764 2479 ,
803 2431 1049 2482 AEGIDIUS7

88 2499 186 2532 tom.
211 2495 226 2532 4
248 2524 259 2542 ‚
284 2505 374 2544 pag.
400 2493 464 2533 24.

141 2554 340 2593 ,lohannes
360 2554 736 2605 DEMOPHYLAX,
761 2557 827 2606 qui
854 2557 1050 2595 Sweertio

89 2623 130 2659 et
151 2617 236 2657 Val.
253 2615 454 2664 Andreae,
471 2616 578 2655 idem
591 2618 745 2656 rectius
762 2617 942 2665 simlero,
959 2619 1052 2656 Pos-

89 2682 241 2729 sevino‚
262 2678 439 2719 Sandero
462 2683 502 2718 et
525 2679 612 2717 aliis
636 2679 943 2727 DIOPHYLAX‚
963 2682 1049 2719 sive

89 2748 135 2784 ut
145 2739 1050 2794 AlegrioDIOPHYLACIUS,GandensisFlan-

89 2805 176 2853 der,
205 2803 439 2852 Carmelita,
469 2801 640 2853 quiAn.
672 2802 786 2842 4527.
817 2804 1050 2844 florentibus

89 2868 206 2908 annis
218 2866 327 2915 obiit,
342 2866 582 2916 scripsitque
598 2865 711 2916 plura
727 2867 915 2914 carmine,
935 2866 1051 2906 Chri-

90 2927 350 2969 stomachiam
373 2927 637 2967 acrostichide
658 2927 862 2975 laboriosa⁷
881 2940 954 2967 nec
974 2941 1050 2967 non

27 2995 32 3007 “
89 2991 293 3045 fornacem
317 2989 592 3038 Chaldaicam,
630 2989 898 3029 israeliticam
933 2992 1052 3031 Cata-

91 3053 249 3094 crhesin
262 3085 273 3104 ,
291 3052 447 3093 Laudes
468 3051 568 3091 lucis
584 3085 594 3101 ‚
619 3053 808 3091 Erotema
828 3052 1049 3104 Reliyionis,

93 3117 267 3157 Carmen
290 3114 336 3154 de
356 3114 578 3163 Flanclria,
601 3114 707 3154 Oden
731 3115 771 3152 in
793 3114 958 3155 CHristi
978 3117 1053 3153 Do-

92 3178 192 3218 mini
223 3177 433 3217 Natalem:
463 3181 503 3216 et
528 3176 574 3215 de
607 3177 762 3227 Viryine
795 3175 922 3215 beata.
960 3177 1054 3229 Epi-

87 3243 359 3293 9rammatum
383 3238 542 3288 librum,
569 3251 670 3290 quae
691 3251 770 3279 una
788 3251 879 3279 cum
899 3240 1052 3291 Episto-

93 3303 140 3342 lis
154 3303 202 3342 ad
219 3302 400 3342 diversos
416 3303 595 3354 prodiere
611 3302 792 3354 Lugduni
812 3302 927 3342 4527,
942 3314 1053 3352 prac-

95 3367 215 3404 missa
239 3365 328 3417 ejus
352 3365 492 3415 effigie.

2016 225 2090 263 54:37

1186 292 1427 347 Odosreflus.
1454 296 1538 332 sivo
1566 293 1793 346 Ottofrcclus
1820 295 2091 343 DENARUJS.

1131 359 1458 407 Beneventanus,
1484 358 1608 396 JCtus
1634 358 1822 409 Koenigio
1845 364 2092 397 memoratus

1132 420 1234 458 idem
1260 424 1338 470 est,
1369 421 1435 470 qui
1466 421 1553 459 aliis
1586 419 1809 473 Odofredus
1836 421 2093 460 Bononiensis

1130 483 1351 534 appellatur
1370 513 1377 531 5
1399 484 1489 533 quia
1511 483 1709 522 Bononiae
1730 483 1864 523 docuit
1880 517 1890 532 ,
1916 485 2091 536 obiitqui¹

1129 544 1244 583 Anno
1281 545 1433 584 CHristi
1470 545 1585 584 4265.
1626 547 1794 596 scriptor
1828 547 2090 586 Lecturarum

1129 618 1250 656 super
1283 606 1465 646 Codicem
1501 612 1541 645 ct
1571 607 1732 656 Diqesta
1755 612 1795 646 ct
1824 608 2013 648 librorum
2045 609 2091 647 de

1127 667 1313 720 formulis
1334 668 1545 718 actionum«.
1577 669 1623 707 de
1647 670 1784 709 ordine
1812 670 2061 710 Judiciorum
2078 705 2088 721 ἦ,

1129 736 1169 769 et
1193 731 1239 769 de
1277 735 1366 769 arte
1408 731 1657 769 Notariatus.
1698 734 1930 784 Composuit
1971 737 2091 774 etiam

1126 793 1339 845 feudorum
1373 793 1681 844 Compendnmz‚
1712 796 1864 844 glossas
1903 797 1951 835 ad
1982 809 2092 836 sum*

1130 867 1236 894 mam
1260 854 1433 903 Azouis,
1458 858 1728 907 praeceptoris
1752 859 1841 906 sui,
1863 860 1901 896 in
1927 861 2089 900 titulum

1127 916 1174 954 de
1191 928 1291 967 pace
1317 917 1596 956 Constantiae:
1621 922 1662 956 ot.
1682 919 1890 958 Tractatus
1910 921 1956 959 de
1978 923 2091 961 resti-

1130 979 1275 1017 tutione
1299 979 1400 1018 dotis
1418 1012 1428 1029 ,
1451 980 1498 1018 de
1512 981 1862 1032 percussionibus,
1893 983 1939 1022 de
1962 986 2093 1024 Cura-

1128 1045 1210 1081 torc
1240 1041 1350 1081 bonis
1373 1042 1501 1082 (lando
1517 1076 1528 1092 ,
1559 1049 1599 1083 et
1621 1044 1660 1082 in
1682 1044 1863 1096 primum
1886 1049 1924 1084 et
1955 1058 2091 1086 secun-

1126 1104 1220 1143 dum
1241 1106 1461 1145 Decretum.
1486 1107 1580 1146 Vide
1601 1109 1864 1148 Pancirollum
1887 1110 1933 1148 ll.
1960 1110 2022 1149 35.
2049 1118 2087 1148 ct

1125 1170 1319 1207 Joannem
1345 1170 1584 1209 Fichardum
1610 1182 1700 1223 pag.
1726 1171 1812 1210 405.

1176 1232 1348 1271 ¹loannes
1364 1231 1410 1270 cle
1425 1233 1539 1281 DEO.
1555 1236 1588 1282 a)
1607 1233 1865 1285 Speculatori‚
1886 1237 1972 1275 sive
1986 1238 2062 1276 Gvi
2070 1239 2091 1276 l.

1125 1295 1312 1334 Durando
1336 1298 1372 1333 in
1403 1298 1577 1347 proemio
1618 1298 1777 1348 Speculi
1813 1297 2011 1338 Johannes
2045 1300 2092 1339 (le

1125 1358 1227 1396 DEO
1263 1358 1475 1408 GRAT1A‚
1512 1364 1551 1397 ct
1586 1372 1605 1398 a
1645 1359 1875 1400 JOHANNE
1916 1363 2090 1414 Hispano

1124 1422 1220 1460 JCto
1250 1421 1476 1470 distinctus,
1501 1423 1626 1461 JCtus
1653 1425 1939 1474 Bononiensis,
1965 1428 2092 1477 patria

1125 1484 1462 1535 Ulyssiponensis7
1480 1498 1547 1536 qui
1570 1485 1643 1524 An.
1681 1485 1795 1524 ⁴247.
1822 1489 1980 1539 scripsit
1999 1491 2093 1529 Poe-

1125 1545 1336 1594 nitentiale,
1362 1549 1400 1585 in
1426 1548 1548 1586 variis
1572 1548 1825 1587 Bibliothecis
1846 1551 2015 1602 MStum‚
2041 1552 2090 1591 de

1125 1621 1203 1660 quo
1222 1609 1407 1650 Oudinus
1442 1615 1537 1648 torn.
1564 1611 1608 1659 37
1634 1622 1720 1662 pag.
1760 1611 1847 1651 478.
1874 1614 1941 1652 ubi
1971 1616 2092 1654 etiam

1125 1671 1173 1709 de
1198 1670 1286 1722 ejus
1312 1671 1486 1712 Casibus
1521 1672 1790 1713 Decretalium
1822 1675 2008 1727 Greyorii
2028 1677 2092 1716 IX.

1127 1733 1434 1783 Quaestionibus
1471 1736 1610 1784 duris,
1633 1737 1681 1775 ad
1715 1739 1952 1778 exercitium
1975 1742 2095 1792 Magi-

1127 1801 1301 1835 strorum
1320 1811 1326 1834 ;
1351 1802 1390 1836 et
1407 1797 1455 1836 de
1479 1802 1654 1849 quatuor
1677 1798 1793 1838 libris
1810 1830 1818 1849 7
1835 1802 1981 1852 quibus
2000 1804 2095 1841 titu—

1126 1859 1189 1898 lus
1212 1859 1440 1904 Judicium,
1469 1861 1589 1912 {apud
1629 1862 1852 1902 Sanderum
1883 1876 1970 1916 pag.
2003 1866 2092 1904 477.

1127 1923 1295 1961 Summa
1313 1923 1535 1974 Judaeum.)
1554 1924 1602 1963 de
1617 1924 1802 1964 Judicum
1820 1926 1947 1965 officio
1966 1939 2011 1966 ac
2028 1940 2076 1979 po

1125 1989 1271 2024 testate
1285 1990 1325 2024 et
1341 1986 1388 2024 de
1405 1986 1531 2025 officio
1546 1985 1861 2027 Advocatorum:
1879 1990 2094 2028 Commen-

1125 2049 1223 2086 tario
1240 2053 1280 2086 et
1296 2054 1493 2099 apparatu
1510 2052 1674 2088 metrico
1690 2062 1813 2101 super
1829 2050 1977 2090 arbore
1995 2053 2026 2092 C
2028 2064 2094 2090 on-

1124 2110 1418 2161 sanyuinitatis,
1445 2112 1484 2150 in
1508 2113 1666 2151 Decreti
1690 2119 1803 2164 parte
1825 2115 1860 2153 ⁶2..
1886 2125 2008 2154 causa
2030 2117 2092 2154 ΒΥ).

1124 2177 1215 2222 post
1232 2175 1478 2223 quaestionis
1495 2175 1537 2212 V.
1557 2180 1688 2226 caput.
1709 2177 1745 2214 6.
1764 2181 1885 2227 atque
1903 2179 2092 2217 Tractatn

1125 2234 1172 2272 de
1206 2235 1588 2286 Dispensationibus.
1620 2239 1688 2276 His
1718 2249 1768 2276 ex
1805 2240 2022 2279 Pancirollo
2044 2242 2092 2280 11.

1126 2298 1188 2336 30.
1215 2302 1255 2337 et
1276 2299 1422 2338 Nicolai
1444 2300 1604 2338 Antonii
1630 2301 1727 2340 libro
1754 2301 1856 2341 VIII.
1881 2304 2094 2342 Bibliothe-

1125 2372 1195 2399 cae
1215 2363 1366 2400 veteris
1386 2364 1583 2414 Hispanae
1598 2375 1683 2416 cap.
1706 2366 1741 2403 3.
1755 2370 1851 2403 tom.
1874 2366 1916 2415 2,
1934 2378 2009 2418 pag
2031 2367 2093 2406 45.

1127 2422 1271 2462 addere
1301 2425 1394 2463 licet
1434 2427 1641 2465 Summam
1671 2427 1863 2466 moralem
1906 2434 1946 2467 ct
1984 2430 2094 2468 addi—

1126 2486 1255 2523 tiones
1279 2487 1327 2524 ad
1352 2498 1553 2527 summam
1579 2490 1897 2530 HUGUTIONIS.
1923 2492 2093 2531 Concor-

1125 2546 1326 2597 (lantiam,
1349 2551 1435 2588 sive
1459 2556 1504 2589 ut
1523 2553 1769 2592 Trithemius
1789 2565 1873 2603 cap.
1903 2554 1990 2593 452.
2020 2553 2091 2592 Ταέ

1127 2607 1261 2647 balam
1285 2612 1444 2649 Decreti
1465 2616 1503 2650 et
1539 2613 1818 2653 Decretan‘um.
1856 2615 2088 2666 Cataloyum

1126 2672 1440 2712 Haereticorum.
1472 2673 1636 2713 Librum
1676 2676 1991 2716 Dz'stinctionum.
2028 2679 2084 2716 De

1124 2732 1316 2774 abusibus
1353 2740 1492 2775 contra
1540 2738 1719 2778 Canones
1743 2744 1783 2776 et
1811 2741 2017 2779 Summam
2046 2747 2081 2779 et

1128 2797 1423 2837 Correctionem
1449 2798 1759 2839 Cavillationum
1792 2803 2009 2843 HUBERTI
2040 2804 2087 2842 de

1127 2860 1247 2899 Bovio
1265 2893 1275 2909 ,
1305 2860 1559 2913 Apparatum
1588 2868 1625 2902 et
1652 2864 1910 2903 Breviarium
1945 2867 2090 2905 Decre-

1129 2922 1270 2957 torum.
1299 2920 1499 2960 Notabilia
1522 2934 1614 2962 cum
1647 2923 1834 2971 summis,
1856 2937 1979 2977 super
1999 2927 2089 2964 titu-

1129 2980 1176 3019 [εἰς
1200 2983 1465 3023 Decretalium
1486 2990 1525 3023 et
1549 2986 1828 3036 Decretorum,
1846 3000 1891 3027 ac
1915 2989 2088 3041 denique

1129 3043 1338 3084 Chronica.
1361 3047 1419 3085 Ad
1445 3049 1592 3087 calcem
1616 3050 1700 3088 libri
1718 3051 2013 3090 Poenitentialis
2034 3052 2089 3090 lc-

1128 3106 1233 3155 gitur
1258 3108 1330 3147 lioc
1354 3112 1614 3152 tetrastichon
1638 3126 1642 3150 :

1183 3224 1218 3264 a)
1242 3227 1397 3257 Diversus
1435 3226 1476 3257 ab
1500 3226 1562 3258 hoc
1585 3228 1744 3258 Joannes
1773 3229 1814 3258 cle
1838 3230 1911 3260 Deo
1930 3254 1940 3268 ,
1963 3233 2088 3272 llispa-

1124 3283 1208 3312 nus,
1227 3278 1286 3307 An.
1313 3275 1405 3307 1540.
1433 3276 1568 3308 Ordinis
1592 3279 1809 3310 Granatensis
1834 3280 1875 3312 de
1911 3284 2091 3322 Hospitali-

1126 3330 1192 3359 tate
1227 3326 1411 3364 Conditor,
1437 3335 1537 3366 quem
1570 3328 1676 3360 beatis
1701 3331 1879 3371 adscripsit
1904 3337 1964 3365 An.
1997 3333 2090 3365 1650.

1127 3379 1273 3409 l'rbanns
1297 3379 1381 3409 ΥΙΙΙ.
1407 3377 1485 3409 Vidi·
1505 3380 1581 3411 Acta
1605 3381 1755 3412 Sani-lor.
1774 3382 1804 3413 8.
1830 3383 1951 3414 Martii.
