2500 3841
922 202 1272 243 DONATUS

95 267 237 308 randis
284 268 453 309 CHristi
502 269 729 321 Virqinibus
776 272 1056 313 (juadstrudae

94 329 278 381 omnique
300 340 399 369 suae
437 330 766 383 Conqreqationi,
793 335 834 373 in
864 335 1057 375 Coenobio

93 382 293 436 afamula
312 383 410 422 DEI
438 385 574 423 Flavia
606 391 829 426 constructo
863 389 1054 429 Donatus.

91 446 202 485 Hanc
225 446 353 496 ipsam
375 445 571 498 Requlam
601 448 725 487 edidit
751 452 877 489 Lucas
902 452 1056 491 llolste-

95 510 185 548 nius
208 509 249 546 in
268 513 380 560 parte
400 512 518 549 tertia
534 510 690 550 Codicis
710 513 950 563 Regularum
967 525 1054 564 pag.

93 569 156 610 47.
186 570 236 610 ad
273 570 338 610 7⁴.
371 571 443 610 sed
466 583 517 610 ex
553 572 630 610 fide
658 575 782 613 Jonae
813 575 990 613 Monachi
1017 577 1054 614 in

89 633 173 671 vita
197 633 238 672 S.
263 632 498 673 Columbani
522 645 607 684 cap.
633 635 694 673 13.
717 640 824 674 recte
851 637 989 674 tribuit
1013 638 1052 676 S.

88 693 296 734 DONATO
313 725 322 744 ,
349 695 592 734 Vesontiensi
608 697 805 748 Episcopo
824 728 832 746 ,
853 710 972 748 quem
990 700 1010 737 J
1015 711 1056 737 o-

88 767 216 795 annes
236 757 410 796 Jacobus
425 758 634 799 Chifletius
651 765 762 810 parte
785 761 824 800 2.
847 761 1056 799 Vesontio-

88 819 151 857 nis
173 830 262 870 pag.
283 818 373 859 457.
400 830 483 870 seq.
514 825 556 859 et
580 822 877 861 Sammarthani
903 823 1052 861 Galliae

86 890 224 920 sacrae
243 885 338 919 tom.
362 883 376 920 l
400 912 408 931 ,
433 894 520 933 pag.
558 883 646 922 420.
672 888 813 921 notant
848 885 1051 923 Ecclesiae

85 941 141 980 illi
170 943 392 993 praefuisse
416 944 533 982 Anno
571 945 726 984 CHristi
763 945 852 983 630.
886 945 934 984 ad
961 946 1050 983 660.

83 1006 205 1054 atque
225 1004 352 1043 videri
375 1006 497 1044 etiam
517 1011 722 1045 auctorem
751 1006 1052 1045 Commonitorii

83 1065 141 1104 ad
159 1066 372 1106 Monachos
403 1069 444 1107 S.
483 1068 605 1107 Pauli
634 1072 672 1107 et
692 1069 905 1120 Stephani,
942 1068 1047 1118 quod

80 1128 265 1179 vulgavit
283 1130 514 1169 Holstenius
529 1136 642 1182 parte
667 1132 703 1171 ⁶2..
720 1143 807 1182 pag.
831 1133 892 1170 44.
917 1135 957 1169 et
981 1142 1050 1169 cu-

77 1189 146 1240 jus
169 1191 360 1241 perinde,
381 1196 427 1231 ut
450 1193 612 1244 regulae
650 1194 756 1232 illius
783 1195 943 1244 saepius
968 1205 1051 1231 me-

80 1253 198 1291 minit
219 1253 462 1293 Benedictus
485 1254 729 1294 Anianensis
756 1258 793 1294 in
832 1255 1050 1295 Concordia

78 1315 347 1366 Regularum,
372 1318 478 1356 sicut
503 1319 638 1356 notavi
663 1323 690 1355 t.
718 1320 753 1366 ’1,
779 1331 816 1370 p.
843 1320 930 1358 489.

131 1380 371 1419 DONATUS
397 1380 676 1431 Berqomensis
713 1381 962 1432 Episcopus,
991 1382 1048 1418 in-

80 1442 138 1481 fra
155 1471 165 1491 ,
188 1442 415 1482 Ludovicus
434 1443 686 1483 DONATUS.

32 1515 40 1521 ·
129 1504 366 1545 DONATUS
385 1506 590 1554 BOSSUS,
616 1507 702 1544 sive
723 1505 953 1553 BOSSIUS,
977 1516 1046 1543 na-

78 1571 145 1607 tus
166 1568 374 1608 Mediolani
410 1568 487 1608 An.
527 1570 642 1608 4436.
668 1574 709 1608 et
744 1571 876 1608 causis
898 1570 936 1606 in
962 1569 1044 1606 foro

77 1631 242 1682 agendis
260 1642 447 1682 magnam
464 1633 572 1670 vitae
587 1636 742 1682 partem
763 1633 956 1678 intentus,
976 1630 1045 1668 ho-

77 1704 143 1732 ras
180 1693 417 1733 subsecivas
450 1706 521 1746 per
556 1695 632 1733 tria
674 1694 802 1733 lustra
850 1693 1044 1743 impendit

41 1756 55 1771 ⁶
78 1755 287 1795 scribendo
326 1755 547 1805 Chronico,
576 1756 682 1806 quod
722 1757 916 1806 impensis
959 1756 1044 1792 suis

77 1818 222 1857 excudi
242 1819 335 1857 fecit
349 1818 556 1858 Mediolani
577 1819 691 1856 4492.
711 1818 774 1856 fol.
792 1816 938 1855 Donati
950 1817 1047 1854 Bos-

79 1880 134 1920 sii
145 1910 154 1929 ,
172 1880 371 1920 causidici
388 1884 427 1919 et
444 1880 544 1920 civis
568 1879 872 1919 Mediolanenses
887 1911 897 1928 ,
916 1881 1042 1930 963ῐο-

80 1955 172 1982 rum
195 1942 472 1995 dictorumque
499 1941 821 1981 memorabilium
842 1946 879 1980 et
902 1946 1045 1993 tempo-

77 2016 171 2044 rum
191 2016 239 2044 ac
263 2005 528 2044 conditionum
551 2008 590 2043 et
610 2004 875 2043 mutationum
906 2004 1046 2043 huma—

76 2079 225 2106 narum
244 2065 296 2105 ab
323 2065 442 2106 Orbis
466 2067 577 2106 initio
601 2078 730 2118 usque
761 2066 815 2104 ad
838 2067 924 2118 ejus
951 2070 1046 2105 tem-

69 2141 177 2182 pora
200 2132 343 2181 (usque
364 2130 414 2169 ad
448 2130 613 2169 Annum
647 2130 776 2178 4492.)
802 2127 904 2167 liber
928 2128 976 2167 ad
1001 2129 1045 2167 il-

75 2193 368 2233 lustrissimum
396 2193 621 2244 Principem
645 2192 870 2230 Johannem
905 2191 1044 2229 Galea-

74 2257 176 2294 tium
207 2286 215 2305 ,
257 2255 614 2294 Mediolanensium
666 2256 817 2293 Ducem
865 2258 1043 2292 sextum.

73 2316 292 2367 Subjicitur
313 2315 491 2356 Historia
509 2317 801 2369 Episcoporum
820 2320 857 2354 et
876 2315 1041 2354 Archie-

66 2378 325 2432 piscoporum
373 2378 728 2418 Mediolanensium
767 2378 958 2417 desinens
999 2379 1039 2416 in

71 2441 340 2482 Guidantonio
361 2440 633 2490 Arcimbold0‚
660 2442 725 2492 qui
764 2440 1041 2491 Archiepisco-

70 2516 149 2557 pus
167 2507 329 2543 creatus
353 2506 417 2542 est
431 2502 548 2541 Anno
574 2503 689 2542 llt89.
712 2505 791 2542 Hoc
813 2503 1036 2542 Clironicon

71 2578 164 2607 cum
189 2566 355 2618 legisset
377 2565 604 2604 Matthaeus
617 2567 768 2604 Bossus
786 2565 846 2613 (de
871 2576 950 2614 quo
972 2575 1039 2603 su-

71 2641 143 2681 pra
166 2633 261 2668 tem.
287 2629 302 2667 4
329 2656 337 2675 ‚
375 2638 462 2678 pag.
497 2627 586 2665 245.
627 2627 723 2676 seq.)
764 2628 817 2665 ita
858 2627 1035 2676 Epistola

72 2692 255 2732 CXXIX.
285 2689 341 2729 ad
367 2689 567 2728 Donatum
602 2689 799 2736 Bassum,
835 2687 1038 2727 eruditum

20 2767 43 2786 <
72 2757 111 2793 et
126 2755 367 2792 accuratum
382 2751 620 2802 scriptorem
641 2754 877 2802 temporum:
905 2749 1038 2788 Pluri-

71 2827 180 2855 mum
203 2814 338 2861 salve7
362 2814 430 2853 vir
449 2813 535 2852 sine
558 2811 803 2851 dubitatione
827 2811 981 2851 erudite
1003 2815 1041 2850 et

71 2880 262 2918 accurate
275 2908 286 2925 ,
311 2877 474 2914 Donate.
493 2874 776 2913 Annotationes
796 2873 927 2912 nostri
944 2877 1038 2912 tem-

66 2938 208 2992 poris,
234 2941 474 2988 eventusque
513 2935 732 2986 bellorum,
755 2948 854 2988 quos
891 2935 1038 2976 scribis

73 3001 152 3053 leqi
164 3005 251 3040 tuos
266 3032 278 3050 ,
293 3003 332 3038 et
346 2999 402 3038 ita
418 2998 459 3038 id
473 2998 589 3038 avide
606 2999 766 3051 quidem
782 3010 830 3037 ac
846 2997 1036 3051 perbelle,

26 3068 30 3076 '
71 3067 118 3103 ut
137 3074 205 3114 eqo
226 3066 261 3101 te
284 3073 393 3111 amo,
419 3062 592 3100 Donate:
620 3065 657 3100 et
673 3065 718 3100 ut
732 3065 791 3100 est
807 3060 925 3100 honos
943 3072 1041 3111 qra-

74 3125 252 3165 tissimus
291 3123 411 3174 mihi,
442 3135 558 3176 quem
582 3127 624 3161 tu
651 3123 777 3174 affers
815 3123 952 3161 Bossio
976 3135 1042 3160 no-

74 3187 196 3239 mini,
218 3199 245 3226 a
267 3200 345 3240 quo
361 3199 428 3238 eqo
454 3189 582 3226 tecum
602 3185 793 3237 oriqinem
814 3184 926 3223 duco.
944 3185 1041 3223 Vide

73 3250 253 3290 Diarium
274 3249 534 3289 Eruditorum
574 3249 711 3287 Italiac
736 3253 830 3287 tom.
861 3248 1042 3286 XXVlll.

76 3323 162 3364 pag.
190 3310 278 3352 417.
310 3323 394 3363 seq.
425 3316 466 3350 et
501 3311 667 3362 Philippi
706 3309 882 3348 l‘ieinelli
921 3309 1043 3348 Allic-

2025 211 2105 251 [273

1132 286 1277 314 naeum
1297 277 1546 317 eruditorum
1571 278 1925 319 Mediolanensium
1948 295 1984 332 p.
2013 284 2103 322 466·

1184 339 1419 379 DONATUS
1442 341 1643 380 Diaconus
1662 341 1872 394 Ecclesiae
1885 343 2099 383 Medioma-

1131 400 1338 449 tricensis,
1365 404 1450 441 sive
1470 403 1655 442 Metensz's
1669 436 1680 453 ‚
1707 404 1756 443 ad
1780 404 2067 456 Angelramum
2088 437 2095 455 ,

1129 464 1348 502 Metensem
1375 466 1641 516 Episcopum,
1663 467 1790 505 Caroli
1811 469 1939 518 Magni
1955 468 2097 508 Archi-

1129 525 1413 575 Capellanum,
1451 529 1555 566 circa
1599 528 1762 567 Annum
1805 529 1961 568 Cllristi
2007 531 2096 570 795.

1129 588 1290 637 scripsit
1333 588 1462 627 Vitam
1500 592 1541 629 S.
1588 590 1782 630 Trudonis
1824 593 2099 643 Confessoris,

1129 648 1305 687 defuncti
1326 650 1399 688 An.
1418 652 1506 689 698.
1525 652 1641 690 Edita
1657 658 1719 690 est
1736 666 1758 692 a
1774 655 1996 694 Mabillonio
2008 657 2101 695 Sac-

1128 710 1217 748 culo
1242 712 1277 750 2.
1298 712 1543 750 Benedictio.
1570 726 1656 763 pag.
1682 716 1795 754 1069.

1181 772 1448 824 Hieronymus
1475 774 1711 815 DONATUS
1730 808 1737 826 ,
1761 780 1955 818 Patricius
1972 781 2099 819 Vene—

1127 839 1212 883 tus,
1237 836 1342 874 obita
1365 836 1413 874 ad
1434 838 1586 876 Julium
1615 839 1658 876 11.
1682 839 1882 889 legatione
1899 842 1948 880 de
1970 845 2096 893 patria

1124 898 1326 947 praeclare
1359 900 1553 947 meritus,
1589 900 1694 938 diem
1720 902 1816 940 obiit
1843 904 1990 942 Romae
2017 906 2091 944 An.

1126 961 1241 999 isit.
1266 961 1519 999 Monumenta
1539 964 1624 1014 ejus
1649 962 1818 1013 inqenii,
1845 964 1965 1015 (liqna
1990 966 2087 1011 luce,

1122 1020 1229 1071 quod
1239 1020 1413 1072 publicis
1437 1024 1762 1075 occupationibus
1781 1025 1936 1065 absolvi
1958 1030 2094 1079 nequi-

1120 1088 1287 1132 verant,
1309 1084 1388 1135 filii
1422 1092 1759 1138 suppresserunt,
1794 1088 1895 1127 edito
1933 1090 2032 1128 libro
2056 1104 2089 1138 a)

1124 1147 1322 1186 adversus
1346 1147 1519 1187 Graecos
1541 1149 1588 1188 de
1612 1161 1827 1190 sacrorum
1858 1152 2095 1204 Principatu

1123 1219 1213 1247 cum
1230 1211 1404 1248 Romano
1424 1211 1606 1263 Pontifice
1626 1213 1911 1254 contendentes.
1933 1215 2095 1266 Leqitur

1124 1271 1240 1308 etiam
1266 1272 1422 1311 libellus
1445 1273 1661 1312 Alexandri
1688 1275 1923 1326 Aphrodisei
1948 1277 1997 1315 de
2030 1279 2094 1316 In—

1124 1334 1290 1373 tellectu
1313 1366 1320 1379 ,
1342 1335 1377 1383 b)
1405 1346 1424 1373 e
1449 1335 1602 1374 Graeco
1641 1338 1681 1375 in
1719 1338 1904 1377 Latinum
1931 1339 2093 1390 puriter

1120 1407 1169 1433 ac
1197 1396 1377 1447 apposite
1405 1397 1627 1437 trculuctus.
1666 1400 1845 1438 Exstant
1871 1402 1990 1440 etiam
2019 1401 2093 1440 ali-

1119 1463 1214 1509 quot
1249 1460 1449 1510 Epistolae
1468 1490 1476 1507 ,
1501 1461 1628 1499 multa
1664 1461 1759 1513 styli
1777 1463 1980 1512 {navitate
2000 1475 2091 1502 con-

1120 1520 1320 1572 scrip'ae,
1346 1535 1401 1561 eac
1426 1522 1486 1561 his
1509 1534 1556 1560 ea
1576 1525 1818 1574 praesertim
1843 1557 1852 1572 ,
1881 1537 1962 1576 qua
1999 1526 2093 1564 Gal-

1120 1581 1187 1621 lici
1205 1582 1379 1634 foederis
1395 1584 1598 1636 compedes
1614 1586 1896 1624 ,llarimiliano
1919 1588 2094 1627 Caesari

1119 1645 1329 1684 exuendas
1364 1647 1608 1697 persuadet:
1633 1647 1789 1697 altera,
1815 1662 1896 1700 qua
1921 1662 2085 1690 concus-

1119 1720 1188 1747 sae
1209 1708 1356 1759 inqenti
1374 1713 1508 1748 terrae
1525 1714 1632 1748 motu
1651 1711 1794 1750 Cretae
1811 1712 1977 1759 insulae7
1995 1725 2087 1752 cum

1122 1770 1203 1822 ipse
1223 1771 1496 1822 praesideret,
1512 1771 1644 1810 clades
1663 1776 1920 1826 terroresque
1940 1774 2091 1814 (leseri-

1123 1831 1188 1871 bit.
1215 1835 1319 1872 Haec
1343 1836 1483 1872 Jovins
1505 1837 1542 1872 in
1566 1836 1724 1885 elogiis,
1749 1838 1812 1874 cui
1844 1837 2089 1887 suffragatus

1116 1896 1292 1934 loannes
1320 1898 1470 1935 Pierius
1500 1898 1736 1936 Valerianus
1761 1898 1825 1936 lib.
1859 1900 1893 1937 l.
1918 1899 1967 1937 de
1993 1900 2090 1938 infe-

1117 1958 1268 1996 licitate
1293 1959 1349 1997 lit.
1385 1971 1472 2010 pag.
1507 1960 1597 1998 307.
1624 1972 1716 1998 cum
1742 1962 1942 2000 Donatum
1980 1961 2087 2000 huuc

1118 2019 1267 2059 nullius
1293 2021 1480 2071 ‘tyriarum
1501 2022 1717 2071 doctrinae,
1746 2024 1916 2070 Portam,
1944 2023 2086 2062 Orato-

1117 2094 1226 2132 rem,
1250 2083 1530 2136 Philosophum
1550 2116 1557 2122 .
1590 2085 1845 2135 leeoloqum,
1866 2085 2085 2124 Mathema-

1117 2144 1238 2183 ticum
1258 2147 1539 2197 pereqregyium
1572 2145 1830 2194 celebrasset,
1854 2147 2083 2199 subjungit:

1117 2207 1279 2259 Scripta
1309 2209 1394 2260 eJ'us
1426 2208 1638 2247 innmnera
1666 2208 1721 2247 ad
1741 2209 2084 2248 immortalitatem

1117 2268 1381 2319 elucubrata,
1415 2271 1521 2322 quod
1557 2271 1727 2311 eruditis
1763 2272 2085 2323 indzynissimum

1114 2335 1175 2369 est
1189 2343 1482 2372 aerumnarum
1503 2345 1643 2385 qenus,
1664 2334 1925 2386 paucissimis
1949 2335 2085 2373 admo-

1113 2394 1208 2432 dum
1232 2396 1423 2447 eaeceptis,
1449 2408 1552 2447 quae
1576 2396 1714 2435 vivens
1738 2396 1930 2439 ediderat.
1953 2397 2083 2436 adhuc

1114 2459 1154 2496 in
1176 2456 1349 2496 tenebris
1361 2459 1505 2509 Jacent
1526 2458 1736 2496 occultata.
1752 2461 1808 2497 Ds
1830 2460 1969 2498 eodem
1989 2461 2084 2498 Era-

1113 2531 1228 2558 smus
1254 2521 1290 2556 in
1315 2520 1575 2558 Ciceroniano
1592 2533 1599 2557 :
1617 2510 1820 2571 Epistolae
1836 2520 1942 2571 quod
1952 2533 2081 2572 paene

1111 2581 1238 2619 solum
1265 2580 1370 2619 illius
1394 2580 1606 2629 lia-bemus,
1632 2580 1844 2620 declarant
1860 2582 1971 2620 illum
1992 2583 2080 2634 qui-

1110 2643 1199 2682 dvis
1232 2646 1446 2694 praestare
1474 2642 1679 2693 potuisse,
1702 2642 1740 2680 si
1774 2642 1970 2681 voluisset
2000 2643 2076 2683 huc

1110 2705 1289 2743 animum.
1304 2703 1522 2742 intendere:
1538 2702 1609 2742 sed
1639 2702 1894 2753 Reipublicae
1923 2706 2078 2756 neqotia

1110 2766 1401 2805 distraxerunt
1435 2766 1628 2804 hominem
1664 2764 1716 2803 ab
1753 2767 1828 2804 otio
1866 2766 2076 2807 litterario.

1110 2830 1154 2867 In
1173 2828 1413 2867 Bibliotheca
1430 2829 1643 2868 Barberina
1666 2834 1853 2868 servatur
1869 2829 1958 2879 ejus
1978 2831 2080 2869 Ora-

1111 2891 1162 2929 tio
1183 2891 1316 2929 habita
1333 2890 1381 2929 ad
1401 2891 1551 2930 Julium
1573 2892 1798 2930 secundum
1817 2894 1976 2930 nomine
1991 2894 2079 2931 Rei-

1110 2953 1292 3004 publicae
1312 2954 1487 2991 Venetae
1506 2983 1513 3001 ,
1535 2954 1644 3004 typis
1664 2955 1864 3004 exscripta
1890 2956 1926 2992 in
1952 2955 1986 2993 4.
2011 2956 2079 2994 Ef-

1113 3015 1245 3066 figiem
1269 3015 1357 3064 ejus
1377 3020 1535 3066 praeter
1557 3017 1717 3054 Jovium
1756 3017 1871 3055 affert
1892 3017 2077 3056 Nicolaus

1113 3079 1345 3116 Reusnerus
1369 3077 1404 3115 k.
1430 3089 1465 3116 e.
1488 3089 1581 3117 cum
1612 3078 1686 3116 boc
1706 3079 1857 3128 elogio.-

1172 3218 1205 3258 a)
1231 3220 1347 3250 venet.
1371 3218 1463 3249 1525.

1171 3268 1207 3306 b)
1231 3270 1305 3299 Sive
1341 3268 1431 3299 liber
1466 3269 1604 3308 primus
1628 3269 1669 3298 de
1701 3270 1836 3302 anima.
1878 3271 1958 3304 Vide
1994 3274 2079 3306 Bibl.

1111 3321 1227 3350 Graec.
1255 3321 1305 3349 lv.
1329 3318 1370 3349 »25
1393 3323 1477 3350 loni.
1498 3319 1514 3349 4
1541 3327 1615 3358 pag.
1634 3318 1684 3349 71.

1566 3388 1617 3426 60
