2500 4009
454 227 532 265 5iiz’.

453 298 544 335 olim
566 295 637 331 sibi
659 290 858 328 concessi:
885 286 921 323 id
942 296 1036 322 vero
1062 289 1313 333 nequaquam
1335 281 1399 331 ju-

454 361 507 397 ris
526 367 614 395 esse
634 350 819 391 Pontilicii
844 345 1048 386 contendit
1063 345 1234 390 Felinus‚
1251 347 1295 383 ut
1311 345 1397 382 sine

452 429 568 457 eausa
590 414 802 465 permittat..
818 420 919 459 quae
935 406 1024 457 jure
1041 406 1174 444 divino
1195 410 1395 445 vetantur.

452 479 602 519 Nullam
639 479 772 512 autem
809 471 976 510 subesse
1007 470 1044 507 in
1075 480 1119 507 ea
1152 480 1194 507 rc
1232 478 1394 507 causam

449 542 629 579 evincere
648 538 827 573 conatur.

503 602 649 640 Contra
670 595 800 649 falsas
816 594 1018 633 doctrinas
1034 591 1179 644 quibus
1203 591 1395 631 Illustris-

448 665 571 702 simus
606 663 694 700 Βία*
731 661 762 697 F
764 656 1007 697 erdinandus
1046 653 1331 694 miserabiliter
1371 665 1396 692 a

447 725 531 764 suis
553 720 827 762 adulatoribus
841 719 1036 770 decipitur
1051 717 1316 757 conclusiones
1330 716 1397 755 de-

449 790 718 824 monstrantes
754 785 898 833 Regem
942 781 1053 819 illum
1085 792 1106 818 c
1141 780 1230 830 jure
1273 780 1396 829 Regni

447 848 670 893 excidisse..
692 857 764 885 nec
793 846 969 896 potuisse.
993 843 1042 882 ad
1077 842 1285 881 concilium
1310 852 1398 892 pro-

448 921 604 949 vocare.
626 908 726 954 Quid
752 911 861 946 esset
884 905 1036 944 consilii
1071 904 1263 944 l‘ontificii
1288 904 1326 940 in
1351 913 1398 941 ea

447 984 566 1011 causa
591 975 824 1022 suggestum
849 968 938 1007 dein
966 969 1003 1005 in
1047 967 1206 1017 scriptis
1240 965 1397 1004 subiicit

450 1035 609 1073 Felinus
630 1063 638 1078 ,
678 1036 890 1081 narratque
941 1031 1088 1080 pariter
1107 1060 1117 1077 ‚
1159 1027 1254 1079 quid
1302 1031 1397 1066 tunc

451 1096 669 1136 Cardinalis
690 1096 728 1134 S.
752 1094 867 1132 Marci
892 1093 1074 1130 suaserit.

505 1161 595 1197 Post
619 1158 714 1195 haec
738 1155 870 1194 omnia
894 1155 932 1191 in
954 1153 1049 1191 Cod.
1076 1151 1284 1191 subiicitur
1305 1151 1399 1188 scri-

451 1226 562 1272 ptum
581 1231 701 1258 manu
721 1220 804 1268 ipsa
823 1216 954 1264 Felini,
975 1226 1070 1253 num
1097 1212 1213 1252 liceat
1227 1211 1404 1264 Pontifici

453 1282 650 1321 remittere
660 1279 914 1332 oppz'ynorata
922 1289 957 1315 m
964 1277 1227 1329 juratamque
1239 1285 1401 1326 sponsa—

452 1344 555 1383 libus
578 1357 601 1382 a
629 1341 972 1383 Cin-isciam'ssimo
1008 1341 1107 1389 Iteqe
1143 1337 1338 1376 Franciae
1354 1336 1401 1388 fi-

451 1407 538 1445 dem
562 1418 650 1445 cum
675 1404 759 1456 filia
788 1402 1035 1442 serenissimi
1068 1401 1183 1451 Reyis
1214 1401 1402 1439 Romano—

450 1481 554 1507 rum.
579 1470 678 1506 Tum
701 1469 738 1504 in
763 1465 901 1503 eodem
918 1466 1066 1515 scripto
1086 1464 1283 1514 disquirit,
1306 1473 1400 1500 num

449 1528 693 1569 concedenda
717 1527 768 1566 sit
789 1525 1027 1576 dispensatio
1052 1524 1226 1576 conz'uyii
1248 1523 1340 1571 rati,
1367 1526 1404 1562 et

450 1605 524 1632 non
549 1590 716 1644 perfecti
738 1591 838 1629 inter
879 1591 1020 1639 Regyem
1059 1590 1326 1627 Romanorum
1368 1590 1404 1624 et

449 1655 658 1694 Ducissam
675 1651 916 1691 Britanniae.
937 1652 1176 1700 livincitquc
1191 1660 1402 1699 argumen—

452 1719 503 1756 tis
523 1718 629 1756 Juris
651 1715 686 1754 id
709 1725 799 1753 esse
824 1714 1014 1752 Pontiiicii
1036 1743 1044 1763 ,
1070 1717 1110 1751 et
1134 1713 1274 1749 merito
1300 1713 1338 1748 in
1361 1721 1402 1748 re

452 1780 651 1831 praesenti
676 1778 880 1828 praestari.

506 1843 596 1880 Post
621 1841 715 1879 haec
752 1841 897 1889 scripta
937 1838 1011 1876 alia
1035 1835 1231 1887 quaedam
1262 1839 1404 1874 nactus

453 1916 542 1944 sum
565 1907 784 1954 opportune
803 1901 978 1951 catalogo
1002 1910 1166 1950 operum
1184 1898 1401 1937 Feliniano-

455 1977 543 2006 rum
566 1964 796 2004 adiicienda.
812 1964 915 2001 Sunt
937 1972 1029 1999 vero
1047 1975 1054 1999 :
1074 1959 1250 2012 Epistola
1274 1958 1403 1998 Felini

456 2028 603 2066 sandei
627 2027 697 2066 JC.
723 2025 776 2064 ad
796 2026 987 2063 Joannem
1022 2022 1190 2062 Medices
1213 2020 1402 2072 Apostoli-

456 2105 544 2131 cum
563 2089 905 2144 protonotharium
920 2086 1128 2127 Laurentii
1148 2085 1315 2125 Medices
1329 2096 1403 2135 pa÷

458 2154 560 2192 tratti
587 2151 803 2191 Florentini
831 2149 968 2188 Filius.
1000 2151 1158 2188 Exn-‚usa
1197 2148 1340 2197 legitur
1365 2147 1402 2183 in

457 2227 573 2264 opere
597 2215 755 2253 Antonii
777 2213 1020 2251 Panormitae
1035 2210 1081 2249 (le
1097 2210 1214 2249 dictis
1235 2213 1272 2247 et
1287 2208 1405 2260 sactis

458 2275 647 2328 Alphonsi
667 2274 782 2325 Reqis
806 2274 990 2312 editionis
1013 2274 1176 2311 pisanae
1201 2283 1264 2311 an.
1291 2272 1404 2310 4483.

463 2340 499 2375 in
525 2339 558 2376 4.
1258 2340 1263 2352 '

512 2399 631 2438 Multa
673 2400 790 2437 ctiam
835 2408 906 2435 nec
948 2396 1156 2446 proletaria
1201 2395 1406 2433 adnotavit

461 2473 580 2500 manu
605 2473 674 2500 sua
693 2460 815 2498 codici
839 2459 942 2496 edito
962 2457 1159 2496 Decadum
1177 2456 1326 2505 Blondi7
1341 2457 1408 2506 qui

460 2523 574 2561 hodie
598 2525 744 2573 pariter
772 2523 808 2559 in
832 2523 919 2559 eius
943 2519 1184 2558 Bibliotheca
1209 2522 1408 2557 servatur.

460 2585 769 2624 Adnotationum
795 2585 959 2622 istarum
977 2583 1176 2632 specimen
1203 2581 1276 2619 hoc
1299 2580 1409 2618 exhi—

461 2648 549 2685 beo:
568 2645 744 2686 suadent
768 2645 798 2683 F
802 2644 988 2682 lorentini
999 2642 1172 2696 Sfortz'ae
1181 2645 1226 2680 ut
1243 2654 1268 2679 a
1286 2640 1409 2680 Paulo

465 2708 643 2747 Guinisio
688 2707 733 2746 ob
770 2707 987 2746 avaritiam
1024 2705 1198 2743 desistat.
1236 2703 1413 2742 Suadent

466 2770 594 2809 itidem
617 2769 795 2808 Gutm'sto
812 2801 820 2817 ,
838 2772 880 2807 ut
909 2767 1048 2806 urbem
1078 2769 1224 2806 Lucam
1241 2777 1330 2804 cum
1354 2764 1410 2803 eis

459 2835 676 2883 permutet,
698 2835 936 2881 accepturus
974 2828 1135 2868 castella
1168 2828 1207 2866 in
1246 2829 1411 2866 Roman-

465 2894 570 2931 diola
600 2897 637 2931 et
658 2893 755 2931 auri
776 2904 971 2931 summam
990 2891 1227 2943 priusquam
1247 2891 1354 2928 Luca
1373 2889 1412 2927 in

461 2959 690 3005 potestatem
709 2954 879 3007 Sfortiae
898 2953 1040 2992 veniat.
1064 2951 1266 3004 Philippus
1290 2952 1412 3000 (Vice-

466 3028 609 3064 eomess
626 3017 771 3055 avertit
792 3016 968 3054 animum
984 3027 1010 3053 a
1033 3014 1211 3053 Guinisio
1235 3017 1413 3053 statuens

468 3078 638 3127 spoliare
662 3090 749 3116 eum
789 3078 952 3129 imperio
991 3076 1180 3125 lucensi,
1207 3079 1244 3114 et
1265 3075 1414 3114 divitiis

470 3138 613 3188 qui'bus
636 3138 878 3178 abundabat.
914 3139 1058 3178 Litcris
1081 3150 1233 3190 quoque
1258 3138 1416 3177 Floren-

473 3200 639 3237 tinorum
660 3214 804 3251 massua
826 3202 975 3241 astutia
996 3202 1097 3253 fictis
1117 3201 1206 3239 odia
1223 3200 1418 3239 seminan-

473 3265 538 3297 ΜΓ
555 3261 885 3304 ιἰιί(’7·(ῗιιίιιι’3ιίινη
903 3268 938 3303 et
950 3264 1142 3316 Ssortiam
1161 3263 1257 3302 adeo
1275 3266 1418 3300 uttan·

474 3322 556 3358 ‹la-m
578 3322 761 3364 Nicotaus
783 3328 990 3366 l’etruccus
1002 3326 1195 3375 Senensis.
1212 3337 1279 3377 qui
1296 3322 1418 3362 multa

1308 212 1568 251 FELlNl

1466 293 1542 333 pro
1575 281 1752 321 Guinisio
1782 283 1955 335 fecerat,
1981 284 2134 323 tandem
2163 283 2291 335 ipsum
2324 293 2414 322 cum

1470 344 1594 382 altero
1622 343 1796 396 filiorum
1813 345 2156 397 comprehenderit.
2182 343 2308 384 Paulo
2323 347 2420 397 post

1469 405 1572 444 alter
1589 405 1709 458 filius,
1733 405 1804 457 qui
1825 417 1915 445 cum
1934 407 2086 460 Sfortia
2108 405 2315 457 militabat,
2336 407 2415 446 Lu-

1469 479 1557 506 cam
1579 471 1719 520 captus
1734 467 1983 518 perducitur.
2004 470 2194 524 Supelleoe
2217 467 2412 518 Guinisii,

1470 533 1507 568 et
1523 529 1654 568 omm'a
1677 528 1761 568 eius
1785 527 1886 568 bona
1902 532 2053 581 partim
2068 532 2214 585 populo
2236 529 2414 581 Lunensi,

1464 592 1613 643 partim
1628 590 1839 644 Ssortianis
1859 591 2120 643 applicantur.
2138 594 2291 648 Sfortia
2305 600 2415 632 rece-

1468 653 1527 692 dit
1545 654 1714 706 acceptis
1752 655 1804 693 48
1832 652 2012 694 millibus
2039 655 2137 695 auri
2164 668 2190 696 a
2222 653 2400 696 Florenti

1469 715 1532 755 nis
1557 719 1627 754 etc.
2233 708 2236 711 Α

1522 778 1644 816 Felini
1668 778 1786 817 etiam
1811 782 1908 817 sunt
1926 777 2201 818 adnotationes
2219 781 2414 831 quaedam

1471 839 1517 879 ad
1541 839 1683 878 librum
1713 839 1815 878 Petri
1839 839 1888 878 de
1910 841 2041 879 Monte
2064 840 2162 880 falso
2183 841 2417 894 inscriptum

1470 902 1525 940 De
1547 900 1779 940 Monarchia
1815 901 1946 941 editae
1980 913 2072 942 cum
2107 902 2246 942 eodem
2273 914 2416 955 opere,

1472 965 1554 1003 loco
1577 968 1618 1002 et
1641 968 1818 1014 tempore
1837 993 1846 1011 ‚
1870 964 1919 1003 de
1943 975 2021 1015 quo
2041 963 2255 1004 Fabricius.
2273 964 2320 1005 V.
2339 966 2419 1006 PE—

1472 1026 1601 1065 TRUS
1625 1025 1671 1064 de
1699 1026 1839 1064 Monte.
2031 1029 2034 1031 ’

1522 1089 1700 1138 Denique
1723 1087 1999 1127 adnotationes
2018 1088 2137 1128 etiam
2152 1087 2314 1128 crebrae
2333 1090 2420 1129 eius

1472 1162 1592 1189 manu
1618 1149 1840 1202 descriptae
1860 1151 2008 1201 passim
2025 1153 2240 1204 occurrunt
2262 1150 2303 1189 in
2318 1149 2423 1190 codi-

1471 1213 1583 1252 cibus
1607 1214 1693 1251 eius
1717 1213 1754 1250 in
1780 1212 2035 1252 ,Bibliotheca
2068 1212 2269 1264 Feliniana
2291 1211 2421 1253 adhuc

1474 1276 1644 1313 servatis
1665 1305 1674 1323 ,
1695 1275 1792 1314 utin
1812 1275 1997 1326 operibus
2018 1273 2180 1314 Antonii
2202 1274 2252 1314 de
2266 1275 2420 1324 Butrio⁷

1474 1339 1735 1376 Panormitam
1761 1337 2062 1386 Archidiaconi,
2086 1337 2346 1388 aliorumque.
2372 1336 2395 1360 ³⁸*

1528 1400 1648 1438 Gesta
1686 1399 1933 1450 purgationis
1977 1398 2198 1450 FELICIS,
2240 1398 2423 1450 Episcopi

1474 1461 1736 1514 Aptunqitani
1756 1461 1887 1500 habita
1909 1461 2148 1512 Carthagine
2169 1459 2285 1500 Anno
2308 1460 2425 1500 CHri-

1476 1525 1525 1561 sti
1550 1525 1624 1563 344-
1648 1528 1768 1573 atque
1792 1523 1896 1562 edita
1919 1535 1941 1562 a
1957 1524 2121 1574 Papyrio
2135 1523 2317 1562 Massono
2330 1532 2422 1561 cum

1475 1588 1597 1636 gestis
1638 1586 1857 1624 collationis
1912 1585 2097 1637 carthag.
2143 1594 2282 1623 recusa
2327 1588 2418 1634 post

1475 1649 1690 1699 Optatam,
1715 1651 1756 1685 et
1785 1648 1822 1685 in
1847 1645 2067 1698 appendice
2090 1645 2139 1685 ad
2175 1649 2329 1684 tomum
2349 1655 2418 1683 no-

1477 1722 1571 1750 num
1592 1710 1801 1761 Augustini
1819 1720 1904 1760 pag.
1923 1708 1985 1748 ⁴2.
2003 1707 2187 1747 editionis
2202 1705 2422 1746 Amstelod.
2454 1732 2457 1735 Δ

1475 1777 1514 1813 et
1538 1773 1628 1811 cum
1661 1772 1764 1810 notis
1784 1782 1805 1810 a
1830 1770 1989 1810 Baluzio
2015 1774 2110 1808 tom.
2134 1768 2172 1809 2.
2203 1768 2422 1808 Miscellan.

1476 1845 1561 1886 pag.
1587 1834 1629 1873 84
1666 1838 1707 1871 et
1729 1844 1751 1872 a
1774 1833 1942 1884 Dupinio
1961 1829 2011 1871 ad
2034 1831 2184 1870 calcem
2207 1830 2341 1881 Optati
2364 1831 2424 1868 in-

1474 1902 1535 1935 ter
1559 1898 1816 1934 monumenta
1841 1898 1975 1933 vetera
1999 1892 2048 1932 ad
2073 1883 2277 1932 historiam
2292 1893 2421 1931 Dona-

1476 1960 1660 1997 tistarum
1684 1958 1921 2011 pertinentia
1944 1968 2032 2009 pag.
2056 1956 2176 1996 4634
2188 1957 2250 1995 65.

1526 2021 1677 2059 FELIX
1701 2020 1896 2058 Diaconus
1921 2017 2261 2069 Carthayiniensis
2277 2048 2286 2065 ,
2305 2015 2423 2068 cujus

1476 2084 1665 2122 famosam
1674 2081 1888 2132 Epistolam
1905 2081 1953 2119 de
1964 2081 2160 2119 Maxentio
2175 2081 2414 2131 Imperatore

1475 2147 1576 2183 circa
1601 2144 1760 2183 Annum
1783 2143 1858 2180 809
1881 2143 2067 2193 scriptam
2089 2144 2284 2180 memorat
2306 2141 2426 2192 Opta-

1478 2213 1544 2246 tus
1568 2207 1630 2245 lib.
1659 2207 1694 2245 1l.
1717 2216 1800 2255 cap.
1825 2203 1885 2243 47.

1533 2269 1683 2307 FELIX
1709 2264 2040 2318 croylandensis,
2062 2265 2148 2303 sive
2167 2265 2401 2305 Gerwensis
2415 2294 2426 2312 ,

1479 2330 1692 2371 Monachus
1712 2329 1872 2368 Ordinis
1903 2326 2145 2366 Benedictini
2165 2356 2173 2376 ‚
2196 2328 2356 2378 scripsit
2377 2326 2428 2367 ad

1481 2392 1759 2433 1⁴]thelbaldum
1781 2420 1789 2438 ,
1825 2390 2085 2429 Orientalium
2127 2389 2344 2440 Anglorum
2381 2389 2430 2429 ab

1481 2455 1554 2494 An.
1579 2454 1655 2494 720
1677 2453 1724 2492 ad
1749 2452 1838 2491 749.
1855 2453 2000 2502 Regem
2020 2482 2028 2501 ,
2045 2450 2168 2491 vitam
2187 2452 2226 2491 S.
2247 2449 2430 2490 Guthlacz

1482 2517 1741 2556 anachoretae
1784 2517 1821 2553 in
1856 2513 2116 2564 croylandia,
2146 2513 2324 2553 defuncti
2355 2513 2431 2553 An.

1483 2580 1571 2619 744.
1598 2580 1741 2618 Exstat
1766 2577 1869 2628 apud
1906 2577 2066 2616 Surium
2091 2576 2158 2615 XI.
2180 2573 2300 2626 April.
2326 2578 2366 2613 et
2390 2575 2429 2613 in

1481 2641 1689 2681 Mabillonii
1726 2641 1812 2679 Sec.
1856 2641 1891 2679 3.
1926 2637 2129 2678 Benedict.
2162 2648 2249 2688 pag.
2274 2634 2366 2677 263.
2389 2641 2431 2676 et

1483 2714 1574 2742 cum
1597 2704 1702 2741 notis
1725 2701 1961 2741 chschenii
1986 2701 2025 2739 in
2048 2699 2159 2739 Actis
2195 2699 2430 2738 Sanctorum

1484 2766 1551 2805 Xl.
1570 2763 1714 2816 Aprilis
1730 2768 1825 2802 tom.
1842 2764 1888 2811 2,
1907 2774 1993 2814 pag.
2013 2762 2085 2802 38-
2098 2762 2138 2801 0.
2155 2760 2430 2801 Narrationem

1483 2828 1531 2865 dc
1555 2826 1812 2865 translatione
1833 2825 1870 2864 S.
1891 2822 2075 2864 Guthlaci
2098 2822 2172 2862 An.
2191 2822 2294 2862 4136
2316 2821 2428 2871 facta,
2479 2835 2481 2839 ·

1485 2901 1605 2939 quam
1631 2888 1732 2926 idem
1749 2887 1817 2926 dat
1840 2886 2116 2926 Henschenius
2133 2895 2220 2936 pag.
2243 2883 2292 2923 54
2317 2883 2431 2934 longe

1484 2951 1652 3000 junioris
1689 2950 1893 3000 scriptoris
1926 2958 2016 2987 esse
2039 2950 2173 2998 patet,
2204 2953 2431 2997 quanquam

1488 3014 1603 3051 Felici
1627 3011 1755 3051 eidem
1779 3010 2013 3051 adscribilur
2033 3020 2057 3048 a
2076 3009 2193 3048 Baleo
2210 3008 2374 3047 Centur.
2395 3007 2410 3044 l
2422 3035 2430 3043 .

1489 3087 1573 3125 cap.
1598 3074 1685 3113 400.
1708 3075 1775 3124 qui
1797 3073 1926 3112 eidem
1952 3082 2110 3123 quoque
2147 3069 2286 3109 tribuit
2314 3067 2432 3106 Gesta

1490 3135 1689 3175 Abbatum
1728 3133 2005 3187 Croylandiae.
2049 3129 2210 3172 Baleum
2252 3129 2433 3179 sequitur

1493 3200 1649 3238 l’itseus
1675 3210 1760 3249 pag.
1788 3197 1876 3237 426.
1901 3197 1956 3235 De
1980 3194 2116 3234 eodem
2149 3191 2274 3230 Felice
2298 3191 2435 3229 Lelan-

1494 3260 1570 3300 ‹lus
1591 3272 1674 3310 cap.
1697 3261 1759 3300 57.
1781 3264 1822 3297 et
1848 3258 1935 3298 406.

1546 3323 1695 3360 FELlX
1728 3319 1863 3358 Faber
1893 3328 2010 3368 supra
2040 3327 2127 3367 pag.
2158 3313 2247 3353 543.
