2500 4009
423 291 470 331 Γ,
1189 285 1617 324 ·.xn1‹:M.->xnus

475 363 764 403 Anssmms
789 371 835 396 ex
871 357 985 394 nobili
1020 355 1161 393 familia
1193 355 1380 395 (111αὸ33-

418 425 531 463 wasa·
559 423 770 463 Monachus
795 422 830 456 in
862 419 902 455 S.
932 415 1125 468 Epor-elui
1153 417 1372 459 Coenohio.

418 485 453 523 E
455 482 739 535 nwst’smmsts.
762 483 898 517 auctor
923 476 1110 517 Chronica·
1125 476 1332 528 Aquitani.
1352 491 1374 518 a

417 547 604 596 principio
616 540 859 582 Monarcliiae
876 541 1114 578 Francorum
1135 540 1183 578 ad
1211 551 1372 587 annum,

415 619 492 657 qno
515 605 672 654 scripsit.
704 601 811 639 1029.
841 602 904 641 Ex
929 601 1001 639 hoc
1032 602 1295 647 fragmentum
1326 602 1372 640 de

416 669 454 704 S.
479 663 689 704 ‚walberto
713 666 750 700 et
770 661 816 700 de
840 663 879 702 S.
905 663 1088 701 anone
1112 662 1198 712 ojus
1235 674 1373 713 coapo-

416 728 532 776 stolo.
557 725 801 775 temporibus
823 726 982 764 Ottonis
1005 726 1069 763 lll.
1100 726 1370 775 Imperatoris,

413 793 499 839 post
539 787 612 826 An.
648 787 748 825 1000
779 786 884 836 quod
916 786 1149 836 vulgaverat
1188 786 1372 824 Canisius

412 851 531 888 Tomo
555 849 618 887 lll.
643 849 792 898 antiqu.
812 848 899 886 lect.
922 859 1006 898 pag.
1031 848 1090 886 45.
1110 847 1222 891 (edit.
1245 858 1371 885 novae

412 913 519 949 Tom.
539 910 603 949 lll.
621 921 706 960 pag.
725 910 785 947 66.
803 910 812 956 1
844 910 973 948 locum
991 908 1036 947 de
1057 908 1228 948 Concilio
1246 907 1370 959 Aqui-

410 971 623 1021 sqranensi
649 971 721 1010 An.
763 972 851 1009 816.
890 970 1126 1009 Sirmondus
1156 972 1276 1009 Tomo
1306 970 1366 1008 lv.

409 1035 583 1085 Operum
607 1044 692 1083 pag.
719 1033 791 1070 647
818 1043 867 1070 ex
892 1032 1050 1070 ineditis
1075 1031 1258 1070 Ademari
1282 1031 1371 1070 Col-

410 1096 596 1134 lectaneis
626 1095 840 1134 Historicis.
873 1092 957 1132 Alia
981 1104 1029 1131 ex
1067 1093 1138 1130 boc
1176 1092 1369 1131 Chronico

408 1157 511 1195 edita
525 1168 546 1195 a
564 1156 740 1201 pithoeo,
757 1155 809 1194 du
826 1156 1017 1201 Chesnio,
1033 1153 1101 1191 sed
1117 1154 1367 1203 praecipuam

407 1223 557 1267 partem
582 1218 759 1256 abAnno
775 1217 849 1254 829
866 1216 912 1254 ad
941 1216 1041 1254 1029
1059 1213 1166 1251 dedit
1190 1214 1368 1252 Labbeus

407 1279 515 1316 Tom.
542 1279 584 1316 ll.
611 1278 870 1316 Bibliothecae
902 1287 1027 1313 novae
1051 1276 1156 1313 MSS.
1181 1286 1266 1325 pag.
1292 1277 1359 1314 ⁴5⁴

406 1351 488 1388 seq.
514 1341 568 1377 De
598 1341 766 1378 caeteris
796 1338 886 1376 vide
916 1337 1099 1375 Vossium
1132 1336 1195 1374 lll.
1226 1335 1275 1374 de
1303 1337 1369 1374 Hi-

405 1404 496 1437 ster.
532 1402 654 1438 Latin.
687 1411 771 1450 pag.
796 1399 873 1437 773
903 1404 943 1437 et
971 1397 1161 1436 ,lacobum
1186 1397 1220 1434 le
1245 1397 1362 1446 Long.

403 1472 487 1510 pag.
513 1461 587 1498 777
612 1465 652 1499 et
675 1472 760 1511 pag.
786 1461 854 1499 341
887 1460 951 1498 ubi
976 1459 1094 1497 etiam
1120 1457 1168 1495 de
1192 1458 1363 1507 epitome

405 1522 506 1559 Petri
537 1533 558 1560 a
583 1523 621 1561 S.
652 1521 879 1560 Romualdo.
911 1522 1191 1569 Fragmentum
1222 1530 1271 1556 ex
1297 1518 1366 1557 Hi-

403 1582 529 1621 storia
551 1582 598 1621 de
618 1583 741 1633 yesti‘s
764 1581 994 1632 Pontificum
1009 1583 1047 1619 et
1069 1579 1262 1619 Comitum
1284 1580 1365 1617 En-

401 1643 693 1694 yolismensium
718 1643 839 1682 edidit
854 1642 907 1682 du
931 1643 1088 1681 Chesne
1112 1642 1148 1678 in
1173 1642 1364 1681 Norman-

406 1706 505 1743 nicis
527 1716 611 1756 pag.
646 1707 693 1744 ⁴9
719 1705 787 1743 sed
819 1705 882 1744 illa
906 1707 943 1742 in
974 1705 1080 1742 MSS.
1106 1702 1264 1753 Huyoni
1282 1702 1365 1742 En-

403 1767 629 1812 golismensi
655 1768 859 1814 tribuitur,
880 1778 902 1805 e
925 1778 1002 1816 qua
1025 1766 1143 1804 etiam
1169 1765 1249 1802 loca
1275 1774 1363 1814 pro-

403 1827 491 1865 duci
511 1839 533 1866 a
556 1828 735 1869 Jnhanne
752 1829 892 1878 Beslyo
911 1828 948 1865 in
966 1827 1134 1865 Historia
1157 1825 1356 1863 Comitum

402 1890 707 1927 pictaviensium
738 1900 824 1940 pag.
857 1889 923 1928 391
961 1886 1034 1927 417
1067 1886 1142 1924 442
1174 1886 1249 1923 460
1281 1884 1357 1923 475

404 1950 477 1988 476
502 1952 652 1988 notavit
674 1951 843 1989 Jacobus
868 1951 902 1988 le
920 1951 1026 1997 Long
1048 1959 1134 1999 pag.
1152 1946 1240 1986 157.
1263 1945 1360 1996 Ε]”3-

403 2012 515 2050 sdem
540 2011 725 2051 Ademari
752 2008 1077 2050 Commemoratio
1099 2008 1206 2046 XIII.
1228 2005 1360 2045 Abba?

404 2077 488 2110 tum
510 2072 842 2111 Lemovicensium
869 2069 1067 2109 Basilicae
1096 2070 1136 2107 S.
1159 2067 1359 2107 Martialis

401 2133 577 2184 Apostoli
596 2134 644 2171 ab
668 2133 782 2171 Anno
803 2134 892 2171 848.
913 2142 1082 2182 quorum
1106 2130 1273 2169 ultimus
1296 2129 1358 2167 ille

402 2196 514 2245 Huqo
530 2199 609 2239 est,
627 2195 787 2243 vulgata
805 2195 853 2233 ab
867 2193 1004 2232 eodem
1021 2192 1173 2231 Labbeo
1187 2192 1295 2229 Tom.
1312 2191 1358 2238 11,

403 2267 486 2307 pag.
520 2256 608 2294 271.
640 2257 776 2305 Neque
806 2255 1027 2294 audiendus
1056 2254 1123 2291 Vir
1150 2251 1357 2298 laudatus,

401 2318 570 2356 Jacobus
595 2317 629 2355 le
662 2317 784 2366 Long,
809 2318 876 2366 qui
900 2328 936 2367 p.
958 2316 1034 2354 249
1060 2315 1167 2353 hunc
1190 2312 1358 2351 Adema-

401 2391 487 2418 rum
527 2391 547 2417 a
587 2380 786 2429 superiore
823 2378 1049 2427 distinguit,
1073 2380 1112 2414 et
1147 2374 1221 2413 An.
1255 2375 1355 2413 ⁴⁴⁴0

400 2442 532 2479 scribit
556 2441 716 2479 vixisse.
743 2439 918 2490 Iz'pistola
934 2443 1023 2489 post
1045 2437 1263 2477 Concilium
1288 2437 1359 2473 Le-

400 2504 625 2540 movirense
646 2501 690 2539 Α.
713 2502 810 2539 1029
828 2500 1005 2539 habitum
1026 2500 1172 2548 scripta
1186 2496 1232 2535 de
1255 2495 1358 2547 Apo-

398 2562 542 2602 stolata.
565 2561 764 2601 Marem-lis
789 2561 1091 2607 lemovicensis,
1115 2558 1219 2610 apud
1243 2559 1357 2597 Balu-

398 2628 501 2664 zium
527 2636 605 2664 una
634 2634 726 2663 cum
759 2624 1010 2663 sermonibus
1038 2621 1219 2672 ejusdem
1242 2629 1358 2669 argu-

398 2688 518 2725 menti
544 2688 580 2724 in
614 2686 678 2725 illo
709 2687 880 2725 Concilio
911 2686 1072 2729 habitis,
1096 2693 1196 2734 quos
1225 2681 1354 2720 eidem

399 2749 590 2787 Ademaro
620 2749 806 2787 Baluzius
836 2748 983 2786 tribuit.
1014 2746 1111 2785 Vide
1140 2744 1353 2795 Dupinium

401 2810 492 2847 Bibl.
508 2809 660 2848 Eccles.
679 2810 764 2848 Sec.
782 2810 849 2848 Xl.
869 2811 989 2847 Tomo
1003 2808 1101 2846 Vlll.
1116 2806 1208 2845 edit.
1223 2805 1351 2844 Amst.

397 2882 481 2920 pag.
524 2872 606 2909 108.
635 2869 735 2919 Ejus
763 2869 1013 2909 acrostichon
1041 2869 1089 2908 ad
1125 2867 1350 2913 Rohonem,

396 2933 632 2982 Episcopum
649 2932 973 2979 Ecolismensem,
985 2929 1354 2980 siveEngolismen-

398 3004 499 3041 svm,
519 2997 527 3042 ἦ
545 2993 810 3043 Angoulesme
830 2995 865 3030 in
883 2993 1093 3042 Aquitania
1110 2994 1119 3040 )
1134 2989 1256 3029 edidit
1275 2991 1353 3027 Ma-

399 3056 579 3093 billonius
603 3056 723 3093 Tomo
748 3055 774 3092 1.
799 3053 976 3092 Analect.
1008 3066 1093 3105 pag.
1120 3053 1207 3091 418.
1234 3049 1348 3101 (edit.

398 3128 522 3154 novae
547 3119 582 3154 in
610 3117 670 3154 fol.
697 3127 780 3166 pag.
810 3116 922 3162 432.)

452 3178 799 3225 .-x1›1·:NL‘1.P11US,
818 3179 903 3214 sive
926 3175 1209 3227 Athenulphus,
1234 3176 1282 3215 ab
1305 3173 1349 3213 Α.

399 3240 439 3277 C.
473 3239 567 3275 1008
591 3252 658 3289 por
687 3239 971 3289 quinquaginta
1000 3249 1123 3275 annos
1152 3238 1353 3287 Archiepi-

399 3311 541 3349 scopus
557 3301 778 3348 Capuanus.
797 3300 966 3338 Sacrum
981 3299 1019 3336 S.
1036 3298 1228 3348 Martyris
1245 3299 1354 3337 Mar-

1450 354 1554 394 ninis
1586 358 1817 410 compleoeas
1854 365 1928 400 est:
1967 362 2221 401 invenciomnn
2259 375 2410 414 quoque-

1448 416 1621 467 ejzcsdem
1643 419 1891 461 heaeametris
1913 427 1950 462 et
1965 423 2245 475 pentcnnelris,
2268 424 2411 463 vitam-

1447 488 1522 528 que
1535 480 1709 530 ejusdem
1731 482 1785 521 ad
1807 482 1970 523 Clarum
1991 484 2217 524 Atia-ensem
2236 486 2411 524 conscri—

1440 540 1533 589 psit,
1543 552 1645 592 quae
1652 544 1764 583 MSS.
1775 548 1938 584 eaestant
1949 545 2059 597 apud
2072 558 2144 584 me.
2155 547 2258 585 Haec
2268 546 2410 597 Ughel-

1445 601 1507 639 lus
1531 603 1650 641 Tomo
1673 604 1735 643 Vl.
1767 606 1897 645 ltaliae
1928 607 2070 646 Sacrae
2094 619 2178 658 pag.
2205 607 2282 647 322
2313 607 2406 646 edit.

1445 673 1590 711 novae,
1604 666 1672 713 qui
1686 665 1815 704 Vitam
1834 667 1938 706 illam
1959 669 1997 707 S.
2014 669 2131 707 Marci
2143 669 2170 707 l.
2187 667 2408 708 Altinensis

1444 724 1482 760 in
1502 724 1734 774 Campania,
1751 731 1796 765 ut
1817 725 1948 777 ajunt,
1967 729 2172 781 Episcopi,
2188 735 2229 769 et
2244 730 2320 769 sub
2333 730 2409 768 Do-

1444 786 1606 823 mitiano
1614 787 1808 837 Martyris,
1818 788 1940 827 edidit
1952 801 2037 841 pag.
2051 790 2302 830 407.obviam
2311 802 2408 842 quo-

1443 858 1520 896 que
1545 849 1583 885 in
1602 847 1714 886 Actis
1732 849 1968 890 Sanctorum
1991 851 2042 891 28
2062 850 2183 902 April.
2209 863 2294 903 pag.
2313 853 2402 892 548.

1495 907 1801 949 ADEODATUS
1823 912 1871 950 ab
1893 910 1939 950 A.
1965 913 2007 952 C.
2033 912 2108 952 672
2136 914 2182 952 14
2205 914 2331 953 Martii
2354 913 2402 952 ad

1448 970 1492 1007 18
1515 969 1601 1019 Maji
1626 970 1714 1009 677.
1746 972 1924 1011 Pontifex
1953 973 2175 1022 Romanus,
2198 973 2314 1025 cujus
2337 986 2405 1013 ex-

1442 1036 1521 1069 stat
1550 1031 1728 1082 Epistola
1750 1031 1804 1071 ad
1831 1032 2040 1073 universos
2069 1034 2284 1086 Episcopus
2309 1035 2404 1074 Gal-

1440 1091 1517 1132 liae
1533 1093 1581 1132 de
1605 1095 1806 1145 privilegio
1821 1106 2011 1134 concesso
2024 1093 2166 1134 Abbati
2190 1097 2229 1135 S.
2246 1097 2400 1136 Martini

1440 1156 1699 1203 Turonensis,
1723 1156 1826 1194 edita
1849 1168 1871 1195 a
1893 1157 2059 1207 Papyrio
2077 1157 2256 1196 Massono
2276 1158 2314 1195 13
2338 1169 2404 1209 ge—

1441 1217 1514 1254 stis
1537 1216 1770 1255 Pontificum
1800 1218 2086 1266 Romanorum,
2111 1218 2268 1257 Parisiis
2301 1219 2401 1258 1586

1441 1274 1506 1315 430
1524 1279 1686 1316 Β310310
1701 1278 1749 1316 ad
1765 1277 1839 1317 An.
1851 1279 1892 1318 C.
1911 1278 1998 1318 676.
2017 1278 2224 1319 Sirmondo
2241 1281 2349 1319 Tom.
2370 1281 2397 1318 l.

1439 1340 1700 1379 Conciliorum
1730 1340 1877 1379 Galliae
1905 1351 1991 1391 pag.
2017 1340 2094 1380 507
2120 1345 2160 1380 et
2190 1342 2231 1380 in
2261 1342 2401 1382 Conci-

1438 1403 1577 1440 liorum
1601 1403 1733 1440 Tomis
1755 1403 1851 1440 Binii
1883 1404 2004 1441 Tomo
2027 1403 2073 1441 11.
2098 1414 2183 1454 pag.
2210 1403 2299 1442 542.
2323 1404 2400 1442 Re-

1435 1465 1496 1514 gia
1527 1465 1647 1502 Tomo
1677 1463 1759 1502 XV.
1790 1475 1876 1514 pag.
1909 1464 1997 1502 493.
2023 1464 2164 1503 Labbei
2195 1465 2304 1503 Tom.
2331 1465 2393 1502 Vl.

1435 1536 1521 1576 pag.
1560 1525 1648 1563 523.
1693 1525 1880 1564 Harduini
1922 1526 2030 1564 Tom.
2065 1525 2130 1564 111.
2168 1536 2253 1576 pag.
2297 1526 2396 1564 ⁴007

1435 1590 1475 1625 et
1509 1587 1546 1624 in
1579 1587 1795 1625 novissima
1824 1586 1946 1626 Coleti
1974 1587 2138 1625 Veneta.
2161 1588 2283 1625 Tomo
2311 1587 2393 1625 Vll.

1434 1649 1608 1687 liabetur
1630 1649 1748 1687 etiam
1767 1649 1805 1685 in
1828 1647 2023 1698 Radulphi
2041 1638 2283 1698 Monsuyerii
2299 1646 2398 1697 juri-

1434 1711 1509 1749 bus
1529 1710 1731 1749 Ecclesiae
1751 1709 1789 1747 S.
1813 1709 1967 1747 Martini
1989 1709 2398 1759 Turonensispropu-

1434 1773 1582 1821 gnatis,
1605 1770 1765 1808 Parisiis
1789 1770 1890 1809 1663
1914 1770 1950 1807 8.

1484 1832 1788 1881 ADILREDUS,
1802 1829 2013 1881 AElredus,
2029 1831 2083 1871 AE
2086 1830 2294 1882 chelredus,
2310 1829 2395 1870 Ail-

1432 1895 1553 1935 redus
1561 1926 1572 1944 ,
1588 1891 1788 1932 Ealredus
1797 1924 1809 1942 ‚
1822 1892 2037 1943 Eleredus,
2051 1891 2252 1933 Aluredus
2260 1924 2271 1943 ,
2286 1892 2396 1932 Edit-

1433 1957 1573 2005 redas,
1600 1953 1847 2003 Ethilredus,
1872 1955 2065 1995 educatus
2088 1967 2179 1995 cum
2203 1956 2391 2003 Henrico,

1431 2017 1592 2058 Davidis
1624 2017 1829 2055 Scotorum
1867 2017 1984 2066 Regis
2013 2016 2109 2065 filio,
2147 2016 2288 2055 deinde
2316 2014 2395 2054 Ab-

1434 2080 1504 2118 bas
1521 2079 1569 2117 ab
1584 2076 1699 2116 Anno
1717 2077 1869 2115 CHristi
1886 2077 2000 2115 ⁴⁴50.
2018 2077 2294 2125 Rievallensis,
2307 2079 2394 2116 sive

1431 2138 1752 2178 Rhienvallensis
1782 2135 1996 2187 (Riedval)
2027 2138 2065 2176 in
2095 2137 2260 2188 Angliae
2288 2138 2394 2177 dioe-

1432 2201 1513 2239 cesi
1535 2198 1792 2246 Eboracensi,
1825 2197 1983 2237 Ordinis
2004 2199 2299 2245 cisterciensis,
2325 2198 2394 2238 de-

1434 2263 1596 2301 functus
1619 2260 1663 2299 A.
1693 2259 1793 2298 ⁴⁴66
1816 2259 1865 2298 de
1896 2270 1975 2309 quo
2005 2260 2170 2299 Carolus
2193 2259 2242 2298 de
2273 2260 2392 2300 Visch

1430 2334 1515 2373 pag.
1531 2323 1553 2360 9
1572 2333 1654 2371 seq.
1674 2320 1935 2359 Bibliothecae
1949 2321 2200 2361 Cisterciens.
2217 2325 2258 2360 et
2271 2321 2393 2360 Geor-

1430 2385 1517 2434 gius
1553 2382 1775 2422 Mackenzie
1816 2383 1936 2420 Tomo
1970 2383 1998 2421 I.
2036 2383 2176 2432 Operis
2216 2383 2266 2422 de
2298 2383 2391 2420 vitis

1431 2445 1675 2495 Scriptorum
1713 2444 1940 2486 Scotorum.
1976 2441 2139 2493 Anglice
2173 2443 2267 2482 editi
2304 2455 2388 2494 pag.

1434 2506 1506 2544 123
1522 2517 1602 2554 seq.
1620 2504 1716 2543 Acta
1734 2505 1971 2544 Sanctorum
1984 2504 2032 2544 12
2045 2505 2219 2544 Januarii
2234 2506 2343 2543 Tom.
2361 2506 2387 2543 1.

1430 2578 1514 2618 pag.
1539 2566 1618 2605 748
1641 2570 1682 2604 et
1704 2567 1770 2616 qui
1793 2566 2022 2616 diligentius
2051 2565 2100 2604 de
2130 2565 2204 2605 hoc
2232 2565 2390 2617 AElredo

1429 2628 1611 2668 Oudinus
1635 2629 1756 2666 Tomo
1780 2628 1824 2665 11.
1850 2638 1934 2678 pag.
1963 2626 2063 2666 1487
2087 2638 2171 2678 seq.
2193 2626 2311 2667 Edita
2333 2627 2391 2665 hi-

1429 2690 1562 2728 storici
1606 2690 1830 2739 argumenti
1866 2692 1988 2739 sunt,
2030 2699 2134 2739 quae
2172 2689 2212 2727 in
2251 2689 2390 2739 Rogeri

1428 2750 1633 2789 Twisdeni
1657 2750 1794 2789 decem
1811 2750 2078 2802 Scriptoribus
2091 2749 2230 2800 Anglis
2250 2752 2390 2789 extant
2450 2774 2454 2777 -

1427 2811 1588 2850 Londini
1620 2812 1725 2851 1652
1751 2811 1813 2849 fol.
1838 2811 1894 2849 De
1916 2809 2013 2849 bello
2036 2807 2326 2851 StandardiiA.
2344 2810 2386 2850 C.

1428 2873 1530 2911 ⁴⁴38
1553 2874 1734 2923 tempore
1759 2872 1950 2923 Stephani
1972 2873 2108 2923 Regis,
2132 2872 2217 2911 sive
2239 2869 2287 2909 de
2310 2872 2390 2909 vir-

1426 2938 1511 2973 tute
1536 2932 1718 2972 Gvalteri
1736 2934 1882 2986 Espec,
1905 2935 2044 2973 Scotos
2066 2932 2325 2983 profligantis,
2350 2944 2386 2983 p.

1428 2995 1514 3034 337.
1539 2994 1776 3045 Genealoqia
1797 2997 1944 3046 Reyum
1960 2992 2179 3044 Anqlorum
2193 3004 2278 3043 pag.
2296 2993 2387 3033 347.

1425 3061 1464 3094 et
1487 3056 1669 3096 Historia
1691 3056 1738 3094 de
1760 3055 1845 3094 vita
1861 3053 2117 3093 etmiraculis
2134 3055 2173 3094 S.
2190 3052 2386 3103 Eduardi,

1422 3119 1557 3168 Regis,
1577 3122 1617 3157 et
1636 3117 1898 3164 Confessoris‚
1920 3117 2125 3165 (integrior
2144 3127 2264 3166 quam
2280 3115 2386 3167 apud

1425 3180 1686 3230 Capgravium
1702 3182 1742 3216 et
1762 3179 1920 3217 Surium
1937 3178 1959 3216 5
1975 3177 2166 3227 Januarii)
2187 3190 2273 3228 pag.
2295 3177 2382 3215 369.

1425 3239 1607 3279 Historia
1619 3239 1665 3278 de
1682 3236 1981 3278 sanctimoniali
2002 3237 2048 3276 de
2078 3238 2276 3280 Watthun.
2297 3250 2383 3289 pag.

1429 3302 1515 3340 415.
1553 3300 1676 3340 Vitam
1699 3301 1737 3340 S.
1776 3298 2076 3350 Maryarethae,
2098 3301 2269 3351 Reginae
2293 3299 2386 3338 Sco-

400 3362 452 3399 ci.
474 3359 658 3409 Epis-eope·
675 3360 870 3396 steinensis
885 3357 1051 3411 officium
1069 3359 1249 3397 versibus
1265 3360 1356 3397 Leo-
1428 3364 1523 3412 tiae,
1549 3362 1617 3400 sed
1642 3362 1887 3400 decurtatam
1913 3359 2029 3400 habet
2054 3362 2193 3401 Surius
2221 3358 2267 3411 10
2290 3360 2382 3401 Jun.
