2500 4009
417 218 495 260 338

1157 214 1645 255 CAVALLERIA

417 292 466 331 ad
489 291 650 329 Annum
670 290 780 326 4558.
804 287 877 324 Est
898 287 1004 323 enim
1031 281 1246 325 verisimile
1269 286 1305 325 id
1327 287 1376 325 ab
1452 307 1488 346 p,
1519 295 1607 335 324„
1632 305 1714 346 seq,
1739 297 1805 347 qui
1830 299 1932 337 inter
1959 300 2106 350 scripta
2134 297 2222 348 ojus
2244 309 2280 350 p,
2305 299 2395 338 328,

418 356 475 393 eis
498 354 662 392 sactum,
685 350 775 398 quia
799 349 1013 387 Cattonum
1035 347 1141 387 hunc
1161 359 1252 387 cum
1273 349 1374 388 Cax-

419 422 510 454 tono
533 411 812 451 confuderunt.

464 479 614 515 Petrus
637 472 683 510 (le
703 470 1036 519 CAVALLERIA,
1054 473 1370 525 Caesaraugusta

418 541 625 587 llispanus,
645 536 711 585 qui
732 533 775 572 Α.
795 534 910 573 4450.
931 536 1089 586 scripsit
1109 535 1238 579 zelum
1254 537 1372 575 CHri-

419 601 468 637 sti
493 602 627 636 contra
647 596 843 645 ludaeos,
865 598 1082 636 Saracenos
1105 601 1145 636 et
1165 597 1369 647 infideles,

415 661 563 698 editum
589 664 629 698 et
653 660 812 698 scholiis
828 661 1070 699 illustratum
1086 672 1108 699 a
1123 661 1286 699 Martino
1302 659 1370 699 Al—

415 723 566 773 phonso
604 722 795 771 Vivaldo,
827 723 1015 761 Toletano
1034 752 1041 770 ,
1082 734 1161 761 una
1196 734 1286 762 cum
1324 724 1367 762 R.

417 785 612 823 Samuelis
637 786 783 835 scripto
799 785 847 824 ad
865 787 905 823 R.
925 786 1103 824 Isaacum
1127 785 1175 823 de
1197 786 1370 824 miserri-

418 858 481 885 mo
507 851 614 886 statu
638 847 894 886 Jiidaeorum.
914 848 1052 886 Venet.
1079 849 1206 896 4592,
1232 848 1266 886 4.

467 909 698 948 CAVENSE
728 910 950 948 Chronicon
989 910 1037 948 ab
1073 909 1185 948 Anno
1216 910 1367 949 CHristi

413 972 503 1008 3369.
526 971 573 1009 ad
604 972 713 1010 1318.
737 984 784 1009 ex
801 972 907 1010 MSto
926 973 1149 1010 Monasterii
1174 973 1368 1011 Cavensis

412 1034 450 1071 in
482 1038 586 1071 tomo
621 1035 788 1084 septimo
813 1034 1005 1072 Thesauri
1031 1035 1265 1085 scriptorum
1293 1036 1369 1073 Ita-

412 1096 484 1134 liae
508 1097 755 1134 Muratoriani
783 1107 867 1146 pag.
894 1097 982 1135 913.
1010 1098 1100 1135 933.

467 1157 684 1196 Guilelmus
709 1157 980 1197 CAXTONUS
1001 1158 1154 1208 Anglus
1172 1190 1180 1208 ,
1201 1160 1268 1209 qui
1290 1161 1367 1210 pri-

414 1232 505 1259 mus
526 1220 839 1271 'l'ypographiam
863 1222 899 1258 in
922 1220 1103 1272 Angliam
1124 1221 1293 1261 traditur
1311 1223 1367 1260 in-

416 1284 580 1331 tulisse,
605 1282 736 1321 clarus
769 1282 843 1322 An.
876 1283 992 1322 4460.
1015 1284 1117 1322 vixit
1140 1283 1270 1323 adhuc
1292 1284 1366 1323 An.

415 1346 622 1384 l>'1-83.N0n
638 1345 798 1395 quidem
811 1347 946 1384 Latine.
963 1346 1133 1396 scripsit,
1145 1346 1213 1384 sed
1231 1358 1369 1397 quam-

414 1408 581 1457 plurima
605 1409 832 1447 Latinorum
854 1409 999 1459 scripta
1017 1410 1054 1446 in
1072 1408 1275 1459 Anglicam
1297 1409 1370 1447 lin—

415 1481 532 1520 guam
565 1471 793 1518 transtulit,
821 1470 1048 1510 Ciceronem
1076 1470 1124 1509 de
1154 1471 1368 1510 Senectute

417 1536 457 1569 et
481 1532 676 1581 Amicitia,
700 1531 916 1583 Viryilium,
933 1533 1262 1584 Metamorphosin
1282 1534 1372 1572 Ovi-

417 1593 484 1641 dii,
514 1594 726 1645 Veqetium:
752 1596 961 1633 Historiam
987 1596 1191 1634 Hiberniae
1215 1607 1264 1634 ex
1281 1595 1373 1635 Rai-

413 1654 553 1707 uulplei
574 1656 744 1707 Iliysleni
764 1657 1073 1707 polychronico,
1098 1662 1138 1695 et
1167 1658 1206 1697 S.
1232 1657 1373 1696 Hiero-

415 1719 524 1769 nymi
545 1720 654 1757 Vitas
679 1721 837 1757 l‘atrum
860 1733 867 1757 :
894 1719 1046 1765 Quibus
1071 1719 1174 1769 apud
1210 1720 1371 1758 Baleum

414 1781 515 1819 ΠΗ.
534 1782 595 1819 43.
612 1786 649 1819 et
676 1783 849 1820 Pitseum
868 1794 902 1832 p.
920 1781 1006 1820 674.
1027 1781 1228 1820 adduntur
1245 1782 1371 1818 Bona-

414 1846 583 1881 ventura
608 1843 655 1882 (le
677 1845 757 1882 vita
782 1845 931 1883 Cllristi
951 1874 959 1891 ,
980 1843 1160 1882 Historia
1184 1842 1372 1883 Lombar-

414 1904 523 1951 (lica,
542 1905 764 1956 Capgyravii
784 1906 994 1957 Catalogus
1019 1907 1274 1957 Sanctorum,
1300 1906 1371 1946 Hi-

413 1968 538 2006 storia
571 1967 723 2006 eoeeide’i
756 1968 787 2005 T
784 1968 918 2020 rojam·
939 1972 976 2006 et
995 1969 1180 2007 Joanm'ta
1204 1969 1251 2008 dc
1276 1969 1368 2008 ludo

413 2040 653 2068 scaccorum.
676 2031 763 2080 lpse
781 2041 875 2068 vero
893 2031 1043 2069 Caxton
1053 2042 1098 2069 us
1113 2035 1251 2069 auctor
1267 2031 1369 2081 Ope-

415 2093 495 2141 rie,
525 2092 630 2141 quod
666 2090 843 2142 fructum
880 2095 1098 2142 temporum
1141 2094 1366 2142 inscripsit,

417 2155 501 2189 sive
529 2153 813 2191 Cleronz'corum
831 2152 994 2203 sinylz'ae
1017 2154 1050 2201 a)
1069 2157 1106 2191 el
1118 2152 1367 2202 Hollcmdz'ae,

418 2224 518 2263 quae
556 2214 718 2263 Anglicc
758 2216 915 2264 scripsit
949 2225 971 2252 a
1009 2216 1129 2253 Bruto
1165 2226 1292 2264 usque
1321 2214 1369 2253 ad

420 2277 629 2314 llenricum
655 2276 697 2313 V.
722 2276 830 2314 libris
855 2282 1020 2327 septem,
1044 2278 1369 2326 continuavitque

418 2337 558 2375 deinde
574 2349 700 2388 usquc
717 2338 763 2377 ad
782 2350 991 2377 excessum
1017 2338 1190 2377 Eduardi
1216 2340 1258 2377 V.
1284 2340 1368 2377 sive

417 2409 544 2448 usque
568 2399 614 2437 ed
640 2400 798 2439 Annum
828 2403 840 2439 4
856 2401 955 2450 483,
981 2412 1053 2438 nec
1077 2412 1153 2438 non
1177 2400 1366 2451 Angyliae,

418 2462 588 2509 Scoliae,
620 2460 805 2511 Walliae,
827 2460 1042 2501 Hiberniae
1062 2462 1369 2514 descriptionem.

416 2523 637 2561 Historiam
653 2523 768 2574 Bessis
783 2523 957 2562 Arthuri
978 2525 1086 2563 libris
1110 2525 1215 2563 XXl.
1244 2524 1369 2563 Vitam

420 2585 603 2623 Eduarcli
616 2585 876 2637 Confessoris.
896 2587 1112 2638 Imaqinem
1125 2587 1272 2626 Mundi.
1290 2588 1318 2626 A
1322 2599 1370 2638 p-

412 2647 595 2699 pendices
620 2648 673 2686 ad
691 2649 879 2688 Joannem
904 2649 1106 2688 Trevisam
1120 2681 1131 2699 ,
1153 2649 1201 2688 de
1225 2650 1369 2700 quibus

419 2710 510 2747 vide
535 2711 589 2748 sis
616 2711 873 2751 wilhelmum
897 2713 1147 2751 Nicolsonum
1172 2713 1209 2750 in
1230 2712 1370 2751 Biblio-

422 2773 536 2811 theca
561 2774 841 2812 llistoricorum
866 2773 1029 2825 Angliae
1052 2786 1137 2825 pag.
1163 2775 1224 2812 65.

470 2834 499 2871 A
508 2832 718 2873 nm'balclus
730 2835 933 2887 Gaytcmus
943 2835 988 2875 cle
996 2836 1243 2886 CECCANO,
1253 2837 1370 2876 Cam-

421 2907 574 2946 panus,
600 2908 648 2934 ex
673 2897 976 2949 Archiepiscopo
1014 2899 1265 2949 Neapolitano
1289 2899 1369 2938 An-

419 2969 466 2995 no
495 2958 606 2996 4328.
632 2958 850 2998 Cardinalis
874 2964 914 2998 ct
937 2961 1156 3011 Episcopus
1180 2961 1369 2999 Tuscula-

419 3031 493 3057 nus
519 3031 644 3070 usque
668 3020 714 3059 ad
740 3021 899 3061 Annum
926 3023 1039 3061 4350.
1071 3022 1118 3061 de
1154 3035 1231 3073 quo
1253 3023 1368 3063 Balu—

419 3082 503 3118 zius
533 3082 579 3120 ad
611 3084 733 3133 Papas
757 3084 1082 3134 Avenionenses,
1108 3091 1147 3125 et
1169 3098 1367 3137 purpurae

418 3141 551 3181 doctae
595 3146 761 3195 scriptor
790 3147 834 3185 G.
865 3148 1009 3198 Joscph
1053 3149 1159 3199 Eggs
1202 3153 1308 3188 tomo
1337 3151 1363 3188 Ι.

474 3290 606 3369 &21:17⁰
630 3297 778 3328 vossium
810 3307 882 3337 pau.
914 3300 985 3331 056.
1018 3301 1185 3333 oudinum
1213 3305 1291 3334 tom.
1313 3304 1367 3333 111.

419 3347 490 3376 pag.
517 3347 573 3368 ’.Γ-
601 3364 607 3370 .

1449 357 1622 396 celebrat
1648 357 1753 396 Vitas
1775 357 2049 410 Apostolorum
2073 360 2184 399 Petri
2206 363 2244 399 et
2265 360 2394 411 Pauli,

1446 421 1619 459 carmine
1647 418 1801 458 heroico
1831 422 2064 462 illustratas.

1497 481 1724 530 CEDMON,
1754 492 1897 533 supra,
1927 485 2147 526 CAEDMON
2176 497 2212 537 p.
2243 486 2334 526 289.

1497 545 1641 583 Petrus
1664 543 1709 582 de
1733 545 1986 596 CEFFONA,
2015 548 2138 597 infra,
2167 548 2374 588 PETRUS.

1496 605 1728 645 Aleaeauder
1750 607 2028 648 CELESINUS
2044 640 2052 661 ,
2069 620 2188 661 supra
2201 620 2287 661 pag.
2306 611 2369 650 59.

1443 668 1768 708 ALEXANDER.

1496 731 1818 779 CELESTINUS,
1836 732 2125 783 CELESTIUS,
2144 744 2275 784 supra,
2297 733 2397 774 CAE-

1443 793 1687 832 LESTINUS
1703 824 1712 842 ,
1731 805 1769 844 p.
1788 792 1877 833 294.
1899 795 2194 834 CAELESTIUS
2211 825 2220 843 ,
2240 807 2278 846 p.
2303 795 2395 835 292.

1501 854 1661 893 Thomas
1685 854 1730 894 cle
1754 854 1984 895 CELLANO
2002 885 2010 903 ,
2032 856 2156 904 infra,
2177 856 2390 896 THOMAS.

1495 917 1699 966 CELSUS,
1714 916 1987 957 Armachanus
2001 916 2332 970 Archiepiscopus
2352 922 2392 958 et

1441 981 1590 1019 Primas
1617 979 1846 1031 Hiberniae,
1869 981 1972 1019 circa
1995 978 2156 1018 Annum
2185 980 2300 1019 4428.
2324 981 2392 1020 de-

1444 1043 1633 1091 functus,
1663 1041 1766 1092 apud
1808 1042 1970 1080 Baleum
2000 1041 2102 1080 XIV.
2133 1041 2195 1079 84.
2226 1040 2397 1080 traditur

1441 1108 1597 1155 praeter
1610 1104 1894 1143 Testamentum
1911 1107 1949 1142 et
1957 1102 2262 1143 constitutiones
2277 1115 2397 1154 quas-

1439 1166 1529 1204 dam
1561 1167 1766 1217 scripsisse
1795 1164 1996 1218 Epistolas
2025 1165 2160 1216 plures
2188 1164 2242 1204 ad
2268 1163 2396 1206 Mala-

1439 1228 1593 1278 chiam,
1619 1230 1686 1279 qui
1715 1230 1749 1267 ei
1787 1228 1929 1267 deinde
1966 1229 2004 1266 in
2041 1226 2394 1279 Archiepiscopatu

1443 1293 1638 1330 successit
1655 1322 1664 1342 ,
1681 1295 1721 1329 et
1737 1290 1785 1329 de
1805 1292 1921 1340 quus
1944 1291 2142 1329 vaticiniis
2165 1289 2321 1329 dicendi
2338 1290 2393 1329 lo-

1441 1365 1512 1392 cus
1543 1354 1642 1392 infra
1670 1355 1708 1392 in
1738 1352 2044 1392 MALACHlAS.

1492 1417 1548 1454 De
1576 1414 1680 1454 Julio
1705 1415 1866 1455 CELSO
1882 1445 1892 1464 ,
1916 1415 2082 1466 aliisque
2109 1414 2397 1466 antiquioribus

1443 1477 1517 1516 hoc
1542 1479 1698 1516 nomine
1723 1489 1798 1516 non
1826 1489 1991 1517 necesse
2010 1507 2017 1526 ,
2036 1477 2098 1516 hic
2120 1481 2182 1516 est
2204 1481 2398 1528 repetere,

1443 1551 1543 1590 quae
1567 1540 1671 1578 dicta
1695 1543 1790 1578 sunt
1814 1541 1852 1577 in
1876 1539 2114 1579 Bibliotheca
2140 1539 2288 1578 Latina.

1497 1603 1687 1641 CELSUS
1709 1614 1735 1641 a
1758 1600 1965 1651 Faleibus,
1984 1602 2247 1651 Veronensis,
2269 1602 2401 1640 Mona-

1445 1663 1546 1702 chus
1566 1664 1850 1704 Benedictinus
1865 1663 1939 1703 An.
1959 1662 2072 1703 4574.
2099 1663 2257 1714 scripsit
2276 1662 2402 1702 Vitam

1446 1726 1485 1764 S.
1511 1725 1706 1765 Toseanae
1735 1726 1781 1765 de
1807 1725 1939 1765 Jebeto
1962 1725 2106 1764 viduae
2131 1725 2272 1764 Seculo
2295 1726 2399 1764 XIV.

1443 1787 1678 1836 defunctae,
1703 1788 1848 1827 editam
1886 1800 1908 1827 a
1943 1788 2140 1839 Raphaele
2172 1789 2336 1838 Bagatta
2358 1792 2399 1827 et

1444 1850 1620 1899 Baptista
1637 1851 1781 1888 Peretti
1799 1852 1836 1888 in
1854 1851 2028 1901 antiquis
2044 1850 2315 1889 monumentis
2326 1851 2395 1890 SS-

1441 1911 1726 1963 Episcoporum
1749 1913 2050 1961 Veronensium,
2076 1914 2213 1952 Venet.
2234 1911 2395 1960 ⁴576,4.

1446 1973 1515 2011 sed
1540 1975 1685 2013 tributa
1708 1974 1870 2013 CELSO
1893 1974 2100 2024 MAPHEI,
2116 1974 2163 2013 de
2181 1986 2258 2025 quo
2279 1986 2395 2024 mox,

1444 2035 1547 2072 sicut
1586 2036 1749 2075 Vossius
1773 2049 1808 2087 p.
1836 2037 1923 2076 620.
1948 2036 2072 2075 vitam
2090 2037 2130 2076 S.
2155 2035 2400 2075 Tusculanae

1444 2096 1641 2145 appellat,
1666 2109 1784 2146 quam
1814 2098 2008 2136 Toseariae
2031 2099 2179 2136 rectius
2202 2098 2396 2148 dixisset,

1444 2161 1488 2195 ut
1512 2168 1534 2194 a
1559 2158 1600 2196 V.
1627 2159 1668 2197 C.
1693 2158 1879 2209 Apostolo
1918 2160 2019 2197 Zeno
2053 2159 2086 2208 a)
2114 2159 2396 2210 observatum,

1444 2220 1510 2268 qui
1532 2223 1643 2258 notat
1665 2220 1837 2258 eundem
1862 2221 2022 2260 Celsum
2046 2221 2279 2260 Monachum
2304 2233 2397 2261 con-

1442 2282 1621 2331 signasse,
1636 2283 1754 2320 etiam
1775 2283 1900 2321 Vitam
1920 2282 2089 2334 Viryim‘s
2109 2282 2396 2336 Euphrosynae

1448 2343 1685 2393 Vincentiae,
1708 2346 1881 2384 Venetae
1905 2345 1951 2384 ad
1977 2347 2137 2385 Petrum
2157 2346 2396 2398 Dandulum,

1441 2407 1679 2457 Episcopum
1704 2408 1955 2446 Viccntinum
1976 2407 2021 2446 A.
2047 2408 2163 2447 4505.

1494 2467 1683 2508 CELSUS
1706 2469 1945 2507 Veronensis
1965 2470 2083 2520 alter,
2107 2469 2299 2521 gentilitio
2325 2481 2393 2509 no-

1444 2532 1548 2568 minc
1576 2530 1848 2576 MAPHAEUS‚
1876 2532 1978 2570 circa
2003 2531 2106 2570 idem
2136 2535 2295 2582 tempus
2318 2532 2393 2572 Ga-

1447 2594 1613 2631 nonicus
1643 2593 1834 2643 regularis
1858 2594 2157 2643 Lateranensis,
2186 2594 2253 2644 qui
2276 2605 2396 2633 nona-

1443 2656 1600 2706 genario
1625 2656 1779 2706 propior
1808 2655 1979 2694 decessit
1998 2655 2071 2694 An.
2095 2655 2207 2695 4503.
2238 2657 2394 2708 scripsit

1443 2723 1527 2756 tum
1559 2718 1635 2756 alia
1665 2721 1750 2757 tum
1781 2717 1829 2757 dc
1858 2717 2065 2757 interdicto
2087 2718 2389 2765 Ecclesiastico,

1443 2784 1483 2819 ct
1506 2780 1790 2819 dissuasoriam
1829 2792 1878 2819 ne
1904 2771 2125 2820 ‘Christiani
2162 2781 2385 2831 Principes,

1443 2843 1743 2882 Ecclesiasticos
1772 2847 1968 2893 usurpent
1995 2853 2165 2882 census:
2186 2842 2235 2881 ad
2264 2841 2386 2891 incly—

1444 2909 1528 2943 tum
1546 2905 1785 2943 Venetorum
1803 2906 2006 2944 Senatum.
2022 2904 2117 2944 Vide
2135 2903 2289 2944 Celsum
2311 2903 2385 2941 Ro-

1441 2967 1572 3006 sinum
1596 2969 1633 3004 in
1659 2969 1784 3017 Lyceo
1810 2968 2060 3006 Lateranensi
2077 2971 2169 3006 tom.
2189 2967 2217 3005 Ι.
2237 2977 2274 3016 p.
2293 2966 2379 3005 496.

1441 3041 1523 3080 seq.
1550 3034 1590 3067 et
1628 3030 1801 3067 Diarium
1835 3028 2089 3068 Eruditorum
2118 3027 2249 3066 Italiae
2286 3031 2379 3066 tom.

1440 3092 1616 3131 XXVIII.
1642 3103 1727 3142 pag.
1755 3091 1844 3130 423.
1882 3102 1961 3142 seg.
1991 3090 2137 3128 Omitto
2169 3087 2298 3127 dicere
2330 3089 2378 3128 de

1440 3154 1566 3192 Celsis
1592 3152 1840 3203 junioribus,
1864 3157 1908 3191 ut
1930 3150 2040 3191 Celso
2059 3151 2219 3201 Huqone
2241 3155 2281 3189 et
2304 3149 2381 3190 Λη-

1491 3302 1524 3342 a)
1541 3305 1632 3336 Tom.
1649 3305 1785 3335 xxvul.
1802 3303 1905 3335 Diarii
1922 3301 2137 3334 Eruditornm
2168 3301 2281 3335 ltaliae
2307 3310 2382 3343 pag.

1433 3351 1500 3382 1⁶21.
1525 3360 1592 3390 seq.
