2500 3841
962 212 1340 253 AN'IONIUS

117 304 169 342 sit
187 301 235 340 de
257 299 501 352 aegritudine
522 298 714 338 stomachi
742 299 805 338 lib.
831 301 866 339 4.
890 300 945 338 De
974 300 1069 339 febri

115 365 178 403 lib.
201 365 235 403 4.
255 364 311 402 De
334 362 645 414 aegritudinibus
669 363 707 400 in
736 362 909 413 generali
938 362 1001 400 lib.
1033 364 1067 402 4.

113 427 170 464 De
192 426 363 476 pleuresi
384 425 447 464 lib.
466 427 500 465 4.
517 426 574 464 De
597 424 770 464 fluxibus
790 424 854 464 lib.
879 426 913 464 4.
938 425 993 463 De
1010 437 1070 464 ar-

115 489 282 527 thretica
304 489 342 526 in
359 487 558 538 juncturis
580 487 644 526 lib.
675 488 709 526 4.
739 488 795 526 De
819 487 1070 538 passionibus

115 550 255 590 calculi
278 550 341 589 lib.
368 551 402 590 4.
426 551 469 588 In
492 551 654 589 tertium
684 548 910 587 Avicennae
940 549 1002 587 lib.
1035 551 1070 588 4.

116 613 174 651 De
192 611 494 663 aegritutinibus
517 613 667 663 capitis.
688 612 744 650 De
767 616 890 662 peste.
921 611 977 650 De
1007 622 1075 649 ve-

116 676 243 714 nenis.
267 676 323 714 De
347 674 660 726 aegritudinibus
684 674 870 712 matricis.
900 675 956 713 De
993 673 1075 712 bal-

117 738 214 776 neis.
238 738 293 776 De
313 736 626 788 aegritudinibus
642 734 938 786 juncturarum,
962 735 1075 774 Anti-

117 799 326 848 dotarium.
347 800 546 850 Impressa
562 798 741 849 Lugduni
756 809 848 837 cum
868 798 1073 837 additioni-

115 861 192 901 bus
213 863 324 901 Joan.
349 863 529 901 Falconis
565 862 666 910 4548
691 865 730 900 et
753 862 871 908 4525,
898 861 931 899 4.
955 859 1073 910 Ejus-

116 924 207 964 dem
229 926 286 964 De
301 925 452 964 balneis
471 923 607 975 Aquae
623 924 795 962 civitatis
811 925 849 961 in
865 921 1073 961 Montefer-

116 991 202 1026 rato
217 987 516 1038 antiquissimae
531 986 639 1034 liber,
662 996 836 1025 excusus
855 989 917 1023 est
931 985 1068 1023 Venet.

117 1049 222 1101 apud
243 1050 388 1088 Juntas
409 1049 510 1088 4554
536 1049 598 1087 fol.
614 1059 706 1087 cum
729 1048 894 1086 aliorum
914 1045 1071 1095 scriptis

117 1110 166 1150 de
189 1110 339 1150 balneis
363 1121 448 1161 pag.
468 1111 528 1149 43.
549 1111 659 1149 Diem
679 1108 772 1147 obiit
794 1109 833 1146 in
855 1108 980 1158 patria
998 1108 1073 1146 cir-

118 1184 162 1212 ca
192 1172 355 1212 Annum
376 1173 531 1217 Domini
558 1173 671 1212 4440.

171 1234 424 1274 ANTONIUS
445 1234 787 1282 GUERNERIUS,
810 1233 986 1272 Medicus
1004 1233 1075 1271 Pa-

116 1298 284 1348 piensis,
300 1296 416 1348 cujus
435 1298 642 1335 Tractatus
657 1296 704 1335 de
724 1296 936 1335 mulierum
952 1295 1077 1347 aegri—

118 1358 323 1398 tudinibus
342 1359 471 1397 lucem
494 1357 594 1396 vidit
615 1357 729 1396 Anno
747 1357 846 1396 4474
867 1358 930 1396 fol.
951 1357 1073 1404 Idem,

118 1426 163 1460 ut
185 1421 363 1470 videtur,
385 1431 477 1459 cum
502 1421 714 1471 superiore.
736 1420 758 1443 ³¹*
780 1419 841 1459 Ab
864 1419 927 1458 his
949 1419 1076 1458 omni-

118 1483 194 1522 bus
216 1482 303 1521 libri
318 1493 341 1521 a
359 1482 532 1521 Fabricio
550 1483 756 1521 recensitis
771 1483 869 1521 forte
888 1482 1074 1521 diversus

117 1548 180 1583 est
192 1544 290 1584 libes
303 1545 516 1595 inscriptus
533 1543 719 1583 Practica
750 1544 914 1594 Medica,
931 1545 998 1595 qui
1008 1556 1074 1584 su-

118 1610 253 1659 perest
288 1607 328 1645 in
358 1606 452 1646 Cod.
475 1608 553 1646 MS.
577 1607 758 1646 Biblioth.
782 1606 1072 1646 Riccardianae.

118 1670 248 1709 Facile
271 1670 391 1708 etiam
415 1671 565 1708 auctori
584 1669 870 1708 adscribendus
893 1673 956 1708 est
975 1669 1074 1707 liber

122 1731 284 1771 Antonii
304 1733 477 1782 Magistri
499 1733 557 1771 De
575 1730 733 1780 abortu,
751 1744 870 1782 quem
891 1732 991 1770 alter
1010 1742 1074 1770 co-

118 1793 193 1833 dex
218 1794 398 1833 eiusdem
424 1793 687 1833 Bibliothecae
710 1794 834 1833 offert.
858 1793 954 1833 Vide
985 1792 1072 1844 ejus

120 1856 293 1907 Catalog.
321 1867 408 1907 pag.
439 1856 501 1894 36.

171 1916 422 1957 ANTONIUS
430 1916 713 1967 JANVENSIS,
729 1917 888 1957 Ordinis
897 1919 1080 1957 Fratrum

118 1980 386 2020 Eremitarum
409 1980 448 2019 S.
469 1979 635 2030 August.
658 1981 813 2031 scripsit
831 1980 1080 2031 Fiyurarum

119 2039 332 2080 moralium
368 2039 434 2079 lib.
476 2042 510 2080 4.
541 2042 690 2080 Floruit
719 2042 794 2080 An.
828 2043 872 2081 D.
905 2043 1007 2081 4418
1041 2047 1081 2081 et

121 2103 293 2143 Concilio
316 2104 611 2143 Constantiensi
636 2104 827 2142 interfuit.
870 2103 968 2143 Vide
997 2104 1081 2142 Tri-

121 2165 318 2205 themium
341 2177 424 2217 cap.
451 2165 539 2205 745.

173 2227 427 2268 ANTONIUS
449 2227 663 2268 Ilerdensis
686 2240 736 2268 ex
758 2230 963 2268 Provincia
987 2227 1084 2268 Ara—

120 2291 278 2342 goniae,
303 2290 463 2329 Ordinis
485 2292 696 2339 Minorum,
711 2290 829 2342 cujus
848 2290 1081 2331 Collationes

116 2362 194 2404 pro
221 2351 390 2392 mortuis
414 2364 464 2392 ex
485 2354 714 2404 Evangeliis
740 2358 779 2392 et
801 2354 992 2405 Epistolis
1013 2366 1083 2405 per

124 2418 254 2453 totum
276 2414 458 2466 Annum,
481 2416 611 2454 MStae
635 2427 658 2454 a
680 2415 903 2467 Waddingo
919 2415 1083 2455 laudan-

128 2480 207 2514 tur.

177 2536 427 2578 ANTONIUS
446 2538 652 2588 Lucensis,
676 2538 833 2578 Ordinis
861 2541 1080 2586 Minorum,

123 2599 230 2637 circa
243 2598 406 2638 Anuum
424 2600 663 2650 4320,qu·us
679 2602 888 2640 Sermones
905 2601 1082 2647 Quadra-

125 2659 334 2710 gesimales
362 2664 402 2699 et
429 2659 478 2698 de
507 2662 698 2712 Tempore
728 2667 921 2701 memorat
960 2662 1083 2701 Wad-

126 2721 270 2772 dingus
284 2732 370 2772 pag.
387 2722 436 2759 34
446 2721 707 2762 Bibliothecae
717 2725 1079 2763 Franciscanorum.

178 2783 431 2823 ANTONIUS
457 2782 808 2824 MANCINELLUS
828 2786 1055 2825 Veliternus
1072 2818 1080 2837 ,

124 2847 291 2897 insignis
305 2845 609 2894 Grammaticus,
625 2847 782 2897 scripsit
799 2848 975 2886 Venetiis
990 2848 1082 2887 Sae-

124 2904 212 2948 culo
235 2907 387 2946 decimo
409 2909 548 2959 quinto
572 2908 814 2957 declinante,
831 2909 894 2948 ubi
911 2913 951 2948 et
964 2921 1081 2961 opera

127 2968 214 3021 ejus
236 2967 312 3008 An.
355 2969 456 3009 4493
480 2969 530 3009 ad
553 2971 672 3019 4498,
699 2971 732 3009 4.
758 2970 779 2994 *
803 2972 995 3022 impressa
1022 2983 1083 3010 re-

127 3033 352 3084 periuntur,
378 3042 479 3082 quae
498 3043 547 3072 ex
571 3033 746 3072 Gesnero
761 3032 962 3073 Sanderus
976 3044 1083 3072 com-

181 3206 195 3220 ·
218 3210 306 3242 naec
327 3210 430 3243 editio
454 3213 600 3251 operum
623 3208 811 3241 Mancinum
830 3207 892 3240 suit
909 3209 942 3240 in
963 3208 1091 3240 Biblio-

121 3255 218 3290 theca
260 3258 370 3292 celeb.
399 3262 469 3292 Viri
494 3258 659 3292 'theodori
682 3259 820 3297 ansani,
850 3260 958 3289 Brenn.
988 3257 1088 3297 1752,

2018 220 2091 260 119

1143 307 1353 352 memorat,
1373 306 1413 341 et
1428 304 1600 343 Joannes
1610 304 1847 356 Nortwegus
1869 306 2100 349 Nomencla-

1142 369 1225 403 tore
1256 364 1473 406 Auctorum
1499 368 1536 405 in
1565 369 1805 418 promtuario
1833 369 2097 411 Grammatico

1142 427 1367 476 citatorum,
1391 429 1633 467 Francolurti
1658 430 1776 478 4624,
1797 431 1820 469 8
1839 443 1876 483 p.
1902 434 1988 472 493.
2007 439 2101 473 sunt

1144 487 1343 527 videlicet:
1369 488 1581 528 Scribendz'
1608 490 1826 544 orandique
1847 493 2003 543 modus,
2038 508 2099 536 re—

1145 561 1268 589 cusus
1290 551 1466 590 Venetiis
1492 552 1613 596 4547,
1632 549 1697 590 4.²⁰
1723 555 1863 594 Vocum
1872 558 2102 609 proprietas

1146 624 1195 651 ex
1220 613 1391 661 Donato,
1414 612 1515 651 Aulo
1538 613 1679 663 Gellio,
1703 616 1870 657 Asconio
1900 620 2102 672 Paediano,

1145 674 1352 723 Macrobio,
1374 674 1594 713 Rhetoricis
1631 678 1844 729 Ciceronis,
1870 683 2103 723 Tusculanis

1146 736 1458 786 quaestionibus,
1496 737 1658 786 Vegetio
1681 739 1729 777 de
1754 752 1794 778 re
1819 743 1973 782 militari
1994 777 2002 794 ,
2032 747 2104 785 Ca-

1145 809 1232 848 pro,
1257 796 1439 848 Pompejo
1459 799 1591 847 Festo,
1617 800 1736 839 Nonio
1753 803 1953 855 Marcello,
1978 808 2103 846 Tullio

1144 859 1193 897 de
1211 860 1359 898 Natura
1376 861 1567 905 Deorum,
1599 862 1724 900 Tullio
1748 863 1796 902 de
1820 865 2067 908 Divinatione
2092 900 2100 918 ,

1144 921 1346 959 Lactantio
1370 922 1576 960 Firmiano.
1613 923 1806 976 Epitome,
1837 937 1906 965 seu
1933 929 2104 979 Reyulae

1147 982 1480 1033 Constructionis,
1506 985 1576 1024 hoc
1600 986 1753 1025 ordine:
1779 990 2001 1031 Personalia
2017 1004 2106 1032 ver-

1143 1045 1208 1093 ba,
1233 1047 1532 1097 impersonalia,
1549 1047 1748 1088 Adverbia
1771 1049 1919 1103 localia,
1936 1053 2104 1102 Infinita,

1144 1107 1362 1158 Gerundia,
1388 1109 1552 1160 Supina,
1576 1111 1834 1152 Distributiva
1849 1145 1860 1163 ‚
1886 1116 2074 1156 Partitiva
2094 1148 2103 1164 ,

1145 1169 1341 1220 Relativa,
1366 1172 1668 1223 Interrogativa,
1694 1175 1999 1227 comparativa,
2030 1180 2105 1219 Su—

1145 1232 1348 1282 perlativa.
1387 1235 1607 1286 participia,
1633 1237 1809 1287 Figurae.
1849 1240 2013 1279 Summa
2042 1240 2106 1280 de-

1146 1291 1399 1334 clinationum
1415 1295 1597 1348 quinque,
1615 1298 1662 1337 de
1678 1304 1961 1351 patronymicis
1973 1304 2104 1342 variis.

1147 1355 1277 1405 Unus,
1302 1360 1426 1406 totuS,
1451 1360 1576 1407 solus,
1615 1366 1689 1400 ete.
1728 1363 1783 1401 De
1807 1365 2104 1416 numeralibus,

1146 1418 1201 1456 De
1217 1421 1446 1469 compositis
1461 1422 1482 1460 e
1498 1422 1652 1462 duobus
1676 1426 1812 1476 rectis,
1829 1431 1936 1465 recto
1956 1432 1996 1466 et
2011 1428 2107 1467 obli-

1145 1492 1240 1531 que,
1263 1492 1285 1519 e
1309 1481 1463 1522 duobus
1487 1486 1684 1535 genitivis.
1714 1486 1747 1525 A
1769 1489 1836 1538 qui
1861 1493 1900 1527 et
1920 1491 2010 1540 quis
2039 1490 2107 1530 de-

1145 1542 1276 1582 ducta.
1302 1544 1529 1596 Composita
1548 1550 1790 1598 pronomina.
1819 1550 2044 1592 Thesaurus
2062 1552 2109 1593 cle

1144 1605 1266 1644 varia
1293 1609 1580 1648 constructione
1603 1611 1817 1651 verborum
1842 1617 1881 1652 et
1904 1616 2109 1655 nominum

1141 1665 1259 1717 juxta
1283 1669 1461 1710 ordinem
1486 1672 1696 1723 alphabeti.
1721 1674 1840 1726 Spica
1867 1675 2112 1717 Voluminum

1144 1733 1334 1780 quatuor,
1351 1733 1406 1771 De
1421 1732 1694 1784 declinatione,
1719 1738 1904 1777 versibus
1924 1738 2112 1779 hexame-

1149 1792 1234 1830 tris.
1260 1794 1430 1834 Carmen
1455 1797 1503 1836 de
1527 1799 1738 1848 generibus
1762 1801 1990 1840 nominum:
2021 1803 2115 1842 Car-

1150 1864 1242 1892 men
1257 1854 1303 1894 de
1318 1858 1567 1908 praeteritis:
1586 1860 1754 1899 Carmen
1771 1859 1818 1899 de
1836 1863 2000 1914 supinis.
2023 1865 2115 1903 Ver-

1153 1917 1301 1971 siloyus
1320 1919 1551 1960 hexametro
1578 1934 1711 1962 versu.
1740 1923 1912 1963 Carmen
1933 1924 1980 1964 de
1999 1925 2113 1977 flori-

1155 1980 1245 2030 bus,
1271 1981 1309 2020 id
1337 1987 1417 2031 est,
1443 1983 1579 2023 electis
1613 1985 1829 2025 vocabulis.
1865 1987 2034 2027 Carmen
2065 1988 2112 2028 de

1150 2044 1311 2096 fiyuris:
1352 2056 1677 2097 unamquamque
1715 2048 1883 2099 figuram
1928 2051 2113 2091 versibus

1154 2107 1408 2157 explicatam,
1427 2107 1575 2147 scholia
1591 2120 1774 2148 sermone
1793 2111 1921 2149 soluto
1942 2123 2117 2163 sequun-

1154 2172 1230 2207 tur.
1250 2169 1305 2207 De
1320 2169 1475 2221 poetica
1495 2170 1660 2209 virtute:
1680 2171 1853 2211 Carmen
1865 2172 1912 2212 de
1930 2173 2013 2213 vita
2028 2186 2116 2225 sua,

1153 2233 1296 2283 patria,
1317 2233 1549 2283 parentibus
1564 2238 1604 2273 et
1622 2234 1781 2274 studiis:
1804 2236 2014 2284 Laurentii
2031 2237 2118 2276 Val-

1156 2294 1273 2334 lensis
1296 2294 1477 2348 epitome,
1491 2299 1711 2348 portusque
1727 2296 1962 2349 eleyantiae,
1981 2299 2117 2338 ordine

1154 2357 1411 2408 alphabetico.
1436 2359 1550 2397 Lima
1587 2359 1874 2410 elegantiarum
1906 2359 2116 2411 ejusdem,

1155 2419 1329 2459 secunda
1353 2421 1505 2459 auctior
1527 2420 1644 2459 editio
1667 2421 1806 2460 Venet.
1834 2422 1935 2462 4493
1950 2424 2118 2473 repetita

1157 2482 1271 2521 4505.
1296 2481 1527 2522 Rhetoricen
1555 2482 1609 2522 ad
1635 2483 1877 2522 Herennium
1902 2495 1984 2522 esse
2009 2483 2118 2523 Cice-

1154 2543 1278 2592 ronis,
1296 2544 1476 2582 assertio.
1495 2545 1852 2584 Commentariolus
1877 2545 1917 2583 in
1938 2544 2116 2584 Rhetori-

1154 2617 1216 2645 ces
1239 2606 1294 2645 acl
1314 2606 1557 2646 Herennium
1574 2606 1751 2659 primum
1781 2605 1938 2644 librum.
1970 2607 2110 2646 Venet.

1156 2668 1258 2708 4497
1293 2673 1334 2708 et
1371 2670 1552 2709 Coloniae
1593 2670 1714 2717 4535,
1755 2669 1788 2707 4.
1827 2666 2039 2719 Speculum
2067 2668 2113 2708 de

1153 2733 1327 2782 quatuor
1341 2729 1558 2770 virtutibus
1573 2731 1747 2769 carmine
1763 2729 1933 2772 heroico,
1949 2730 2116 2780 Gymni-

1153 2803 1225 2830 cus
1249 2793 1411 2832 excudit
1444 2793 1644 2838 Coloniae,
1665 2790 1807 2842 prodiit
1845 2792 1964 2830 etiam
1996 2792 2111 2831 Basil.

1155 2854 1273 2902 4543,
1291 2855 1327 2892 8.
1351 2854 1632 2894 Commentarii
1650 2852 1689 2890 in
1707 2851 1862 2903 Vir9ilii
1877 2852 2063 2892 Bucolica
2078 2857 2115 2893 et

1155 2915 1361 2966 Geor-qim,
1378 2926 1469 2954 cum
1487 2915 1632 2965 Servii,
1653 2914 1922 2967 Christophori
1948 2916 2111 2955 Laudini

1153 2981 1193 3016 et
1227 2977 1391 3015 aliorum
1415 2977 1730 3026 commentariis,
1759 2978 1942 3028 impressi
1971 2979 2109 3018 Venet.

1157 3037 1274 3087 4507,
1292 3039 1412 3084 ⁴520,
1440 3038 1472 3076 4.
1498 3039 1657 3077 Praeter
1671 3043 1901 3078 enumerata
1919 3039 2113 3080 hactenus

1156 3110 1291 3150 opera,
1314 3103 1453 3138 extant
1476 3098 1657 3150 ejusdem
1691 3102 1862 3140 auctoris
1895 3101 2114 3154 Epiyram—

1159 3164 1265 3198 mata
1300 3160 1511 3211 quaedam,
1550 3173 1690 3202 recusa
1714 3163 1751 3201 in
1775 3163 1933 3203 Gruteri
1963 3163 2114 3204 deliciis

1159 3225 1363 3262 Poetarum
1401 3223 1587 3262 ltalorum
1612 3228 1704 3261 tom.
1730 3225 1761 3262 ll
1785 3237 1871 3276 pag.
1898 3226 1997 3266 6-44
2036 3239 2113 3266 una

126 3307 147 3336 ὃ
167 3314 242 3347 pag,
267 3308 341 3343 535.
372 3312 485 3345 Exstat
523 3309 580 3343 ma
618 3316 734 3342 recusa
756 3308 902 3341 nasiicae
943 3306 1021 3340 1501
1061 3312 1093 3341 et
1161 3297 1251 3324 eum
1267 3283 1442 3325 distichis
1453 3284 1680 3336 praeclaris
1694 3287 1963 3337 paraeneticis
1977 3287 2025 3328 ad
2043 3290 2112 3327 Fe-

125 3353 235 3396 1508,
259 3357 290 3391 4.

1166 3355 1271 3387 stum
1297 3348 1431 3389 lilium.
1454 3346 1623 3388 Libellus
1645 3346 1691 3388 de
1713 3351 1812 3399 arte,
1838 3350 2014 3391 Donatus
2037 3363 2112 3390 me-
