2500 3841
870 230 1357 271 AUGUSTINUS

115 300 216 338 Zeno
236 298 274 350 in
299 300 405 334 tomo
428 295 553 334 XVIII
578 295 696 334 Diarii
720 295 977 336 Eruditorum
999 299 1074 337 Ita-

2042 232 2117 270 143

1201 299 1386 338 AVITUS
1403 299 1617 349 Presbffter
1639 296 1904 337 Brut-arensis
1922 299 1959 336 in
1978 299 2120 349 Hispa-

114 360 186 398 liae
210 369 296 409 pag.
327 356 404 395 367
429 367 511 407 seq.
541 356 687 395 Prodiit
711 356 784 396 hoc
813 358 1074 398 Cerimoniale
1148 360 1240 411 nia,
1258 362 1395 400 Latine
1419 373 1440 399 e
1460 362 1609 400 Graeco
1631 362 1776 410 vertit,
1795 364 1899 399 teste
1916 360 2119 399 Gennadio

111 422 222 458 Rom.
249 420 350 459 1516
373 430 466 458 cum
487 419 695 470 Privilegio
714 420 856 458 Leonis
876 422 925 459 X.
949 421 1077 459 Vene-

112 483 178 519 tiis
194 481 295 520 1516
315 481 376 519 fol.
397 481 617 519 Florentiae
640 481 953 521 4524 C010niae
973 482 1075 522 15337

116 544 150 581 8.
168 543 314 581 Romae
331 544 431 582 1560
449 543 510 581 fol.
528 543 712 582 Coloniae
734 543 836 583 1572
858 545 1078 583 8.Venctiis

116 605 505 657 1573,1582,1616.
526 609 566 643 et
585 616 677 643 cum
700 605 957 644 nihilominus
972 610 1080 644 esset

115 667 365 705 rarissimum
382 694 390 712 ,
410 669 577 704 curante
597 666 841 704 nobilissimo
860 667 906 704 D.
931 666 1078 706 Christ.

117 725 338 780 Godofredo
353 725 576 779 Hofmanno
589 738 777 766 recusum
787 732 849 766 est
865 729 1081 766 novissime

116 791 156 828 in
175 794 283 828 tomo
303 789 480 828 secundo
502 800 627 828 novae
648 790 910 838 collectionis,
929 791 1082 840 Lipsiae

117 850 219 890 1733
246 846 314 889 [htv

167 912 490 952 AUGUSTINUS
506 912 552 951 de
572 915 706 953 Roma.
731 924 867 964 supra,
884 912 930 951 de
950 913 1083 951 Fava-

114 973 307 1024 ronibus,
333 979 372 1014 et.
396 974 716 1014 cantuariensis.

175 1036 498 1076 AUGUSTINUS
514 1036 737 1075 Te‘cz'nense's.
753 1047 884 1087 supra,
895 1034 942 1073 de
950 1034 1082 1073 Novis.

131 1131 134 1134 .
171 1097 1084 1146 AUGUSTINUSTRIUMPHUS,Anconitanus

117 1160 278 1200 Ordinis
298 1160 510 1211 Augustin.
530 1161 710 1199 interfuit
729 1159 903 1199 Concilio
927 1157 1086 1208 Lugdu-

118 1222 232 1260 nensi
256 1221 330 1260 An.
358 1221 459 1261 1274
471 1220 653 1271 juvenis⁷
681 1224 722 1258 et
749 1224 839 1271 post
858 1220 990 1258 varias
1005 1219 1087 1258 obi-

117 1288 180 1322 tas
200 1283 441 1334 legationes,
461 1283 668 1332 officiaque
690 1282 828 1320 Carolo
852 1286 893 1320 et
914 1281 1085 1319 Roberto

117 1343 290 1394 Regibus
313 1344 468 1382 Siciliae
486 1345 678 1394 praestita
699 1343 794 1381 obiit
812 1342 1086 1394 Archiepisco-

117 1416 194 1456 pus
217 1406 450 1445 Nazarenus
478 1405 638 1456 Neapoli
670 1406 773 1445 1328
797 1406 940 1444 aetatis
964 1406 1014 1444 85
1036 1404 1085 1443 de

121 1477 199 1516 quo
214 1467 422 1507 Cornelius
442 1467 605 1507 Curtius
620 1468 660 1505 in
674 1467 810 1518 elogiis
830 1466 1087 1517 Augustinia-

123 1539 265 1567 norum
288 1540 375 1579 pag,
408 1529 482 1569 129
508 1540 591 1580 seq.
623 1534 664 1568 et
691 1529 898 1580 Philippus
926 1529 1086 1568 Elssius

116 1600 202 1639 pag.
222 1590 271 1627 89
293 1601 376 1640 seq.
393 1591 665 1630 encomiastici
680 1589 975 1642 Augustiniani.
993 1591 1088 1642 Epi-

117 1651 299 1701 taphium
324 1651 443 1691 habet
478 1653 678 1691 Missonus
705 1654 846 1692 itinere
870 1655 910 1691 in
931 1654 1085 1693 Italiam

117 1723 204 1764 pag.
224 1714 312 1753 429.
332 1713 439 1765 quod
461 1726 555 1753 cum
579 1715 691 1754 icone
708 1744 715 1764 7
731 1716 815 1754 vita
832 1744 840 1765 ,
857 1720 898 1754 et
921 1716 1087 1754 elencho

119 1785 285 1825 operum
308 1778 579 1827 praemittitur
602 1778 723 1815 etiam
747 1777 953 1827 Triumphi
978 1788 1089 1816 sum-

119 1847 208 1875 mae
221 1836 268 1875 de
278 1841 472 1888 potestate
491 1836 776 1878 Ecclesiastiea
794 1839 842 1877 ad
863 1839 1085 1878 Johannem

118 1898 231 1936 XXII
255 1904 346 1950 post
368 1901 519 1950 priores
538 1899 610 1938 An.
639 1900 741 1941 1473
762 1905 802 1940 et
827 1900 928 1940 1579
946 1900 1087 1939 editio-

122 1970 194 1997 nes
214 1963 494 2000 recusaeRom.
509 1963 621 2001 1582.
634 1961 751 2012 cujus
767 1963 950 2012 exempla
965 1973 1086 2013 quae-

119 2022 211 2062 dam
224 2021 387 2061 Annum
406 2024 508 2063 1584
529 2024 604 2062 alia
622 2025 724 2063 1585
748 2025 996 2075 praeferunt,
1020 2025 1082 2062 sol.

117 2081 403 2136 Milleloqumm
425 2097 476 2124 ex
501 2086 539 2125 S.
561 2085 776 2137 Augustini
806 2087 992 2137 scriptis,
1017 2086 1084 2124 ab·

120 2146 297 2185 solutum
318 2157 340 2185 a
363 2147 537 2186 Barthol.
564 2148 753 2187 Urbinate
781 2149 976 2199 Episcopo
997 2159 1085 2199 pro-

120 2208 192 2246 diit
214 2208 398 2259 Lugduni
424 2210 538 2248 ⁴555.
563 2210 608 2247 In
631 2209 841 2249 Canticum
860 2209 1082 2261 Dez‘parae,

122 2268 401 2309 salutationem
434 2269 689 2322 Anqelicam,
715 2277 754 2311 et
783 2284 904 2324 super
938 2272 1087 2313 Me'ssus

122 2334 182 2371 est
197 2331 389 2384 Anqelus,
414 2338 504 2384 post
523 2333 717 2373 editiones
738 2336 936 2374 Romanas
953 2334 1088 2373 recudi

122 2393 214 2432 fecit
230 2395 371 2433 Petrus
387 2394 436 2433 de
446 2394 549 2434 Alva
563 2400 603 2434 et
618 2394 787 2448 Astorga
798 2398 836 2434 in
847 2397 1089 2435 Bibliotheca

121 2456 312 2504 Mariana,
331 2455 484 2496 Madrit.
507 2458 609 2496 1648
631 2458 693 2496 fol.
716 2460 848 2509 Longe
867 2459 981 2510 plura
1000 2457 1088 2508 ejus

122 2516 226 2555 edita
240 2521 361 2567 atque
377 2518 523 2558 inedita
539 2519 643 2569 apud
659 2520 837 2559 Elssium
860 2519 1088 2570 videantur,

123 2579 191 2628 qui
215 2589 300 2629 pag.
327 2579 402 2618 102
429 2584 624 2618 memorat
647 2580 780 2619 itidem
804 2581 909 2620 illius
933 2582 1091 2619 Tracta-

125 2645 212 2678 tum
232 2638 278 2678 de
298 2639 514 2690 coqnitione
533 2640 706 2689 animae,
723 2643 887 2693 ejusque
903 2641 1088 2692 potent-iis

125 2702 369 2740 recensitum
393 2705 433 2740 et
457 2703 653 2740 Bononiae
677 2702 792 2741 Anno
811 2703 912 2742 1503
937 2702 1087 2741 editum

125 2763 174 2802 ab
201 2761 492 2804 AUGUSTINO
522 2761 773 2813 Placentino,
796 2764 999 2812 Eremsta,
1021 2765 1088 2814 qui

125 2826 286 2876 scripsit
308 2826 428 2864 etiam
466 2824 781 2865 destructionem
810 2825 961 2864 arboris
999 2827 1090 2864 Por-

125 2886 356 2938 phyrianae.

178 2947 363 2988 AVITUS
390 2949 615 2989 Viennensis
643 2950 865 3000 Episcopus
888 2952 928 2986 ct
957 2950 1086 2988 Poeta.

129 3021 274 3062 supra,
298 3009 530 3051 ALCIMUS.

123 3145 155 3173 et
167 3142 415 3177 Commentario
433 3146 570 3185 praevio
579 3143 619 3176 ad
637 3144 865 3177 illumtomum
882 3151 912 3182 p,
927 3144 978 3173 vl.
993 3142 1092 3174 Baelii

122 3192 263 3224 Lexieon
282 3194 316 3225 in
334 3193 484 3226 Granis
502 3198 580 3225 nota
598 3197 634 3225 D.
654 3194 815 3225 Johannis
828 3193 959 3231 Georgii
981 3191 1095 3223 schel-

125 3239 236 3272 hornii
251 3244 476 3275 Amoenitates
489 3244 681 3275 Litterarias
698 3247 787 3274 tomo
805 3243 844 3272 ΙΙΙ
857 3250 933 3282 pag.
951 3240 1011 3272 1⁴5
1024 3249 1093 3281 seq.

124 3289 298 3331 Theophili
317 3293 444 3326 sinceri
466 3293 585 3327 Naeltr
603 3293 702 3324 cliton
724 3301 795 3323 non
812 3300 918 3323 raren
936 3291 1097 3323 Buchern

125 3346 199 3380 pag.
224 3339 285 3372 ⁶275
302 3349 372 3383 seq.

1149 433 1231 473 cap.
1260 422 1320 460 47.
1341 422 1561 471 Luc-lania)
1577 422 1803 471 Presbyteri
1825 422 2011 461 Hierosol.
2032 423 2116 461 sive

1151 484 1571 534 Caphargamalensis,
1600 483 1875 521 narrationem
1908 482 1954 522 de
1987 482 2121 523 inven-

1154 544 1254 583 tione
1292 544 1496 596 sepulchri
1515 549 1554 583 et
1579 544 1846 596 reliquiarum
1873 545 2050 598 corporis
2074 547 2113 585 S.

1153 605 1342 657 Stephani
1367 608 1554 656 Martyris
1583 608 1723 657 primi:
1749 609 2047 658 praemissaque
2070 607 2119 645 ad

1155 668 1402 717 Palconium,
1416 669 1658 718 Episcopum
1682 670 2008 718 Braccarensem,
2030 670 2122 720 Epi-

1156 730 1257 767 stola
1275 758 1282 777 ,
1300 730 1488 778 reliquias
1510 729 1597 767 illas
1621 741 1691 779 per
1715 730 1900 769 Orosium
1918 733 2026 770 misit
2045 732 2120 770 An.

1158 791 1233 829 416
1259 791 1306 839 b)
1333 790 1535 829 Exhibent
1560 792 1827 830 narrationem
1853 794 1958 831 illam
1985 795 2122 832 Latine

1158 864 1207 890 ex
1232 851 1340 890 Aviti
1365 853 1549 890 versione
1574 853 1716 891 Surius
1740 854 1762 890 3
1791 852 1986 904 Augusti,
2007 857 2124 894 Baro-

1157 914 1248 951 nius
1272 912 1320 951 ad
1344 911 1508 951 Annum
1532 913 1619 952 415.
1647 914 1909 953 Combeiisius
1925 920 2017 954 tom.
2042 918 2121 956 vll.

1156 974 1420 1013 Bibliothecae
1451 975 1773 1014 Concionatoriae
1797 988 1883 1027 pag.
1910 978 1998 1016 573.
2029 979 2120 1016 Edi-

1156 1038 1284 1074 tiones
1307 1036 1521 1088 Augustini
1542 1039 1687 1076 Lovan.
1710 1042 1805 1076 tom.
1830 1040 1879 1077 X.
1904 1039 2125 1077 Benedicti-

1159 1110 1300 1137 norum
1330 1109 1425 1136 vero
1450 1100 1570 1137 Paris.
1601 1099 1821 1139 Amstelod.
1847 1105 1887 1139 et
1910 1101 2049 1139 Venet.
2075 1102 2124 1140 ad

1157 1160 1306 1199 calcem
1332 1164 1427 1198 tomi
1451 1161 1517 1199 VII
1541 1161 1762 1212 Epistolam
1785 1162 1839 1201 ad
1861 1163 2015 1214 Papam
2033 1162 2126 1201 Pal-

1158 1222 1313 1260 conz'um
1328 1222 1701 1262 ediditMabillonius
1718 1229 1824 1262 tomo
1838 1225 1888 1263 lv
1903 1224 2124 1263 Analector.

1158 1295 1245 1335 pag.
1275 1284 1340 1324 181
1375 1286 1484 1336 (pag.
1513 1286 1589 1323 386
1614 1285 1798 1324 editionis
1819 1298 1947 1326 novae
1969 1289 2008 1326 in
2033 1287 2095 1325 fol.
2116 1289 2124 1335 ')

1159 1347 1287 1392 Quam
1320 1358 1461 1398 parum
1487 1348 1551 1386 illa
1576 1350 1746 1386 narratio
1779 1354 1981 1388 mereatur
2010 1350 2125 1398 fidei,

1159 1408 1338 1459 disputat
1375 1409 1595 1448 Bochartus
1633 1415 1739 1450 tomo
1759 1412 1786 1450 Ι.
1826 1411 2000 1462 Operum
2039 1424 2125 1463 pag.

1161 1470 1263 1509 1228
1303 1481 1386 1520 seq.
1411 1471 1493 1509 Non
1534 1471 1732 1511 dubitavit
1770 1477 1906 1511 tamen
1931 1473 1978 1511 de
2016 1485 2062 1512 ea
2086 1475 2124 1513 S.

1159 1530 1412 1582 Augustinus
1437 1534 1550 1571 XXII
1573 1534 1596 1572 8
1613 1533 1661 1572 de
1683 1534 1725 1573 C.
1742 1535 1786 1571 D.
1806 1546 1877 1572 nec
1902 1535 2063 1574 Grotius
2078 1535 2128 1574 ad

1158 1593 1246 1632 Act.
1270 1595 1357 1633 VIII
1375 1595 1411 1634 2.
1433 1594 1531 1634 Vide
1555 1600 1596 1633 et
1619 1596 1730 1644 infra7
1747 1596 1969 1636 EYODIUS
1991 1602 2031 1636 et
2049 1598 2128 1637 SE-

1159 1657 1337 1696 VERUS.

1213 1718 1438 1759 AUMINUS
1448 1719 1612 1769 Keldus,
1630 1721 2130 1773 ScotusEpiscopus,Can-

1161 1781 1223 1830 gio
1253 1785 1373 1819 notus
1394 1793 1445 1820 ex
1475 1783 1557 1820 solo
1586 1784 1847 1834 Dempstero,
1868 1785 1935 1833 qui
1959 1785 2013 1822 ait
2035 1795 2128 1822 eum
2203 1803 2205 1806 -

1161 1842 1305 1880 obiisse
1325 1841 1370 1880 AL
1395 1844 1510 1882 1298.

1213 1903 1445 1954 AUNARII,
1470 1905 1558 1943 aliis
1586 1905 1914 1954 AUNACIIARII,
1944 1908 2127 1957 Episcopi

1159 1965 1536 2017 Autissiodorensis,
1554 1969 1621 2017 qui
1638 1967 1752 2006 Anno
1775 1969 1849 2007 573
1872 1970 2044 2008 Concilio
2057 1971 2126 2007 Pa—

1160 2029 1317 2066 risiensi
1342 2029 1603 2080 subscripsit,
1628 2029 1849 2080 Epe'stolam
1881 2030 1935 2068 acl
1962 2029 2126 2081 Stepha-

1158 2101 1253 2130 num
1270 2089 1567 2142 Presbyterum,
1584 2092 1633 2130 de
1651 2092 1862 2131 scribenda
1874 2094 1961 2131 vita
1978 2093 2016 2131 S.
2031 2092 2128 2130 Ger-

1158 2152 1289 2202 mani,
1313 2154 1350 2201 c')
1375 2155 1443 2203 qui
1466 2154 1514 2192 ab
1537 2153 1652 2192 Anno
1675 2154 1747 2192 420
1772 2154 1819 2192 ad
1849 2155 1935 2192 448.
1962 2154 2126 2204 Episco-

1159 2219 1299 2265 patum
1328 2214 1721 2254 Autissiodorensem
1751 2217 1898 2266 gessit,
1924 2217 1963 2254 in
1986 2216 2128 2254 Biblio-

1162 2276 1276 2316 theca
1299 2278 1338 2316 S.
1359 2278 1547 2317 Germani
1564 2277 1612 2317 de
1632 2280 1759 2317 Pratis
1779 2278 1922 2317 Codice
1938 2279 2014 2316 633
2036 2279 2129 2329 legit

1163 2340 1347 2389 Cangius.
1364 2340 1420 2378 De
1442 2340 1528 2382 aliis
1548 2341 1654 2379 vitae
1667 2341 1704 2379 S.
1722 2341 1908 2380 Germani
1925 2341 2131 2391 Scriptori-

1163 2400 1238 2439 bus
1250 2401 1349 2439 infra
1360 2400 1706 2454 CONSTANTIUS
1715 2402 1836 2453 Lugd.
1848 2407 1888 2441 et
1898 2402 2045 2441 HERIC
2054 2403 2127 2440 US.

1216 2461 1536 2502 AURELIANUS
1560 2464 1739 2503 Clericus
1763 2465 1971 2501 Remensis
1992 2463 2130 2502 Eccle-

1166 2526 1246 2563 siae
1265 2555 1272 2573 ‚
1288 2525 1336 2563 ad
1357 2525 1604 2564 Bernardum
1621 2524 1943 2563 Archicantorem
1964 2555 1971 2573 ,
1993 2529 2128 2574 postca

1164 2587 1419 2637 Episcopum,
1436 2590 1539 2624 teste.
1554 2597 1637 2636 cap.
1656 2588 1670 2625 1
1685 2587 1731 2625 10
1744 2585 1959 2635 Sigeberto,
1971 2586 2126 2636 scripsit

1165 2648 1376 2686 Tonarium
1393 2648 1646 2697 Regularem‚
1664 2648 1748 2684 sive
1767 2646 1813 2684 (le
1829 2645 1980 2696 reyulis
1996 2646 2130 2685 modu-

1166 2707 1354 2747 lationum
1371 2737 1379 2755 ,
1399 2719 1499 2759 quas
1516 2712 1624 2746 tonos
1643 2707 1726 2746 sive
1743 2711 1894 2745 tenores
1909 2706 2126 2758 appellant,

1165 2769 1268 2809 etde
1299 2781 1440 2808 earum
1473 2768 1687 2810 vocabulis.
1727 2768 1786 2807 Ab
1811 2769 1883 2807 hoc
1911 2769 2125 2808 Aureliano

1164 2830 1363 2883 Epistulas
1391 2829 1574 2870 Martiali
1601 2830 1867 2869 Lemovicenst
1901 2832 2126 2882 suppositas

1218 2944 1252 2985 a)
1273 2947 1351 2977 vide
1367 2947 1574 2977 Eustratium
1592 2944 1632 2976 dc
1650 2947 1718 2977 vita
1740 2945 1932 2977 tunctorum
1950 2949 2040 2976 statu
2058 2953 2130 2985 cap.

1156 2995 1208 3026 25.
1222 2996 1380 3026 Photium
1399 2995 1484 3026 Cod.
1504 2993 1574 3026 171.
1593 2995 1815 3035 Nicephorum
1831 2997 1898 3024 xlv
1915 2994 1945 3024 9.
1960 2994 2134 3025 Nicolaum

1158 3046 1342 3075 Antonium
1362 3045 1404 3073 111
1424 3044 1443 3073 2
1461 3043 1687 3076 Bibliothecae
1705 3045 1827 3075 veteris
1846 3045 2021 3083 nis-panae.

1220 3093 1255 3132 b)
1276 3093 1488 3125 Marcellinus
1513 3094 1630 3125 Comes
1645 3094 1685 3125 ad
1711 3098 1841 3124 Annum
1865 3092 1950 3130 415,
1975 3092 2036 3123 416
2058 3092 2131 3124 fasti

1161 3141 1307 3173 idaciani
1324 3147 1357 3173 et
1373 3143 1565 3174 chronicon
1580 3152 1597 3174 a
1615 3145 1778 3174 Ruinarto
1793 3142 1921 3174 editum
1938 3144 1971 3173 in
1986 3144 2131 3174 Historia

1160 3196 1327 3230 persecut.
1343 3190 1543 3223 vandalicae
1556 3200 1631 3233 pag.
1652 3192 1730 3229 115,
1750 3191 1805 3222 114
1816 3193 1979 3224 Bai-onius
1995 3191 2036 3223 ad
2052 3193 2132 3223 Mar-

1160 3238 1297 3278 tyrolog.
1314 3242 1406 3272 Rom.
1423 3241 1442 3271 5
1455 3243 1606 3281 Augusti.

1221 3288 1254 3327 c)
1271 3290 1512 3321 sammarthani
1534 3295 1611 3323 tom.
1632 3292 1670 3323 11.
1691 3291 1813 3323 Galliae
1829 3290 2039 3323 Christianae
2056 3299 2129 3330 pag.

1162 3337 1222 3369 ‘2137
1239 3338 1311 3369 2¹68.
