2500 3841
982 247 1270 290 CAELIUS

124 328 365 376 adolescens,
386 322 549 377 scrspsit
562 321 610 363 ad
625 322 815 362 Parentes
834 333 929 362 suos
945 321 991 361 de
1006 323 1086 362 Mo-

124 390 301 431 nasterio
327 387 528 439 Epistolas
564 384 606 424 in
634 383 794 423 modum
833 383 1084 432 libellorum,

124 458 208 493 tres
236 455 276 492 in
299 451 500 498 omnibus,
523 449 563 497 c)
587 447 738 486 DEUM
765 445 1085 486 desiderantibus

124 513 388 555 necessarias.
412 509 579 552 Moralis
601 508 795 561 siquidem
820 509 859 547 in
888 509 943 548 eis
967 508 1083 547 dictio

125 576 183 616 nil
197 576 287 616 vitii
299 573 551 628 postmodum
577 571 754 623 proditi,
785 571 856 610 secl
884 575 1004 610 totum
1033 570 1087 609 aa

124 639 290 679 virtutis
324 637 624 677 incitamentum
646 635 779 673 tenuit.
818 637 890 674 Pro
929 634 991 672 his
1020 645 1088 684 po—

126 703 289 748 stremis
305 700 438 740 verbis
453 699 585 740 Codex
602 697 855 748 Corbejensis
875 697 1008 736 habet:
1022 708 1091 747 po-

110 766 210 802 stea
228 774 323 802 vero
339 760 563 801 haereticus
580 758 827 812 publicatus,
844 771 870 798 a
887 760 998 811 Papa
1014 759 1045 797 Z
1050 770 1089 795 o-

123 824 222 864 simo
238 824 518 864 condemnatus
535 826 604 862 est.
620 824 675 862 De
692 822 765 861 1100
779 822 883 871 vide,
899 823 931 860 si
946 822 1086 873 placet,

124 889 340 928 Henricum
361 887 476 927 Noris
498 886 562 924 lib.
581 885 597 924 I
618 885 756 924 histor.
777 885 906 936 Pelag.
922 895 1006 934 cap.
1023 883 1086 922 43.

125 951 289 1002 Pagium
315 949 362 989 ad
387 948 551 988 Annum
586 948 662 987 448
692 958 790 986 num
828 946 880 986 47
903 950 944 986 01
968 946 1008 984 44
1047 948 1088 984 et

125 1013 269 1051 Zosimi
288 1011 510 1063 Epistolam
532 1011 583 1059 2,
608 1011 649 1060 3,
672 1010 721 1050 42
751 1021 843 1049 011111
867 1008 1090 1048 Constantii

126 1075 230 1112 notis
253 1085 340 1125 pag.
363 1074 440 1113 943
464 1084 547 1125 seq.
573 1073 662 1112 974.
684 1077 724 1112 01
744 1071 919 1110 libellum
939 1070 1091 1109 Paulini

124 1136 284 1175 Diaconi
307 1135 504 1175 adversus
533 1135 778 1175 Caelestium
804 1132 851 1173 A.
879 1131 954 1172 447
984 1132 1090 1170 obla-

125 1202 213 1237 tum
237 1199 391 1237 Zosimo
414 1197 504 1236 ibid.
528 1210 567 1248 p.
592 1198 681 1236 963.
703 1199 940 1246 Fragmenta
970 1192 1090 1232 libelli

83 1288 88 1294 .
126 1258 283 1299 Zosimo
302 1257 441 1308 oblati,
480 1270 558 1308 quo
597 1259 820 1298 Caelestius
843 1270 865 1297 a
888 1258 1089 1296 sententia

118 1322 348 1365 ‚Innocentii
373 1320 417 1370 d)
442 1322 569 1372 Papae
592 1324 898 1372 provocaverat,
935 1318 1024 1357 ibid.
1051 1330 1088 1370 p.

116 1385 206 1424 Α985
229 1395 314 1434 seq.
338 1394 389 1422 ex
410 1382 627 1434 Augustini
651 1382 748 1421 libro
764 1382 812 1421 de
828 1385 989 1432 peccato
1005 1382 1092 1421 Ori-

126 1447 230 1498 ginis
257 1457 342 1497 cap.
367 1447 411 1495 5,
435 1446 475 1494 6,
499 1444 537 1494 7,
559 1445 610 1485 23
633 1449 674 1484 01
696 1444 745 1483 de
775 1445 899 1495 gratia
937 1444 1091 1484 CHristi

129 1520 214 1560 cap.
231 1509 292 1548 33.
314 1509 412 1548 Nam
427 1519 530 1558 quae
554 1519 605 1547 ex
630 1518 814 1546 sermone
835 1508 903 1546 494
928 1506 976 1546 de
991 1511 1093 1546 tem-

131 1582 225 1623 pore
253 1570 363 1610 addit
397 1570 631 1620 Garnerius,
661 1570 814 1620 Pelagio
851 1570 925 1620 ipsi
962 1571 1094 1621 potius

126 1632 358 1683 tribuenda,
381 1644 504 1683 quam
526 1633 738 1672 Caelestio.
778 1632 929 1672 Contra
956 1632 1096 1672 tradu-

124 1707 211 1738 cem
229 1694 383 1748 peccati
398 1696 553 1746 primus
577 1695 757 1747 scripsit,
771 1699 817 1734 ut
839 1707 887 1734 ex
905 1697 1096 1747 scriptore

132 1757 422 1796 Praedestinati
459 1768 544 1808 cap.
574 1758 625 1795 88
667 1761 707 1795 et
742 1758 940 1797 Vincentii
978 1758 1098 1796 Lirin.

108 1819 432 1857 commonitorio
455 1830 489 1857 c.
515 1820 577 1858 34.
602 1819 821 1858 Garnerius
846 1819 1010 1858 notavit.
1034 1820 1097 1859 Ex

130 1880 204 1919 alio
229 1880 399 1919 Caelesti
425 1879 523 1918 libro
548 1881 770 1931 fragmenta
789 1880 895 1931 apud
909 1879 1100 1931 Augusti-

130 1954 227 1982 num
247 1942 296 1981 de
320 1943 444 1993 gestis
468 1943 703 1981 Palaestinis
726 1943 885 1992 cap.l3,
903 1943 965 1987 44,
988 1943 1034 1981 48
1055 1947 1095 1981 01

128 2016 178 2043 ex
199 2004 384 2044 Caelestii
406 2002 697 2055 definitionibus
721 2005 759 2052 e)
782 2004 880 2042 libro
900 2004 949 2043 dc
968 2005 1095 2055 persc-

127 2067 258 2104 ctionc
276 2063 456 2115 justitiae
478 2070 616 2104 contra
644 2066 902 2113 Caelestium,
926 2078 976 2104 ex
1006 2067 1094 2115 qui-

129 2128 205 2167 bus
225 2139 394 2167 acumen
411 2127 497 2178 ejus
515 2127 799 2177 satisostendi,
818 2129 997 2167 Norisius
1013 2129 1096 2167 cxi-

129 2188 392 2229 stimavit.Ad
407 2190 650 2230 Caelestium
665 2189 851 2239 eundem,
868 2191 939 2229 sed
960 2192 1094 2230 minus

129 2256 238 2292 certa
260 2251 501 2302 conjectura,
523 2251 726 2304 Epistolas
748 2251 851 2292 duas
880 2264 998 2304 saepe
1028 2264 1097 2291 ex-

128 2325 247 2354 cusas
266 2315 370 2354 inter
392 2313 512 2353 dubia
534 2315 763 2365 Hieronymi
787 2317 947 2367 scripta,
970 2327 1094 2354 unam

127 2375 174 2416 cle
193 2374 346 2415 duobus
361 2374 473 2428 filiis,
488 2374 604 2428 fruyi
615 2379 654 2415 et
667 2375 894 2426 luoeura'oso,
915 2389 1017 2427 quac
1036 2378 1094 2415 in-

127 2439 246 2489 cipit:
271 2439 461 2478 Omnium
485 2438 647 2488 quidem
669 2439 718 2478 de
739 2440 957 2490 Scripturis
971 2450 1093 2489 quae-

131 2500 308 2539 stionum
337 2499 549 2538 absolutio:
575 2500 685 2539 etde
718 2500 893 2540 Scientia
930 2500 1095 2539 Divinae

128 2560 242 2611 Le91's
267 2560 450 2610 alteram,
482 2560 597 2611 cujus
626 2562 798 2601 initium:
825 2561 1096 2600 Praesumtio-

128 2634 217 2661 nem
235 2633 364 2660 meam
387 2633 588 2661 excusare
611 2634 793 2662 conarer.
814 2622 874 2662 Ab
903 2623 976 2661 hoc
997 2624 1092 2663 Cae-

129 2685 244 2724 105110
267 2684 496 2734 Pelagianos
511 2685 632 2722 etiam
650 2685 1093 2725 CAELESTIANORUM

128 2748 289 2786 venisse
314 2746 491 2794 nomine,
518 2747 634 2785 testis
656 2746 910 2797 Augustinus
934 2746 982 2785 do
1003 2746 1095 2786 hae-

130 2809 286 2848 resibus
309 2819 394 2859 cap.
415 2808 479 2846 88.

183 2869 381 2911 CAELIUS
402 2868 661 2916 Amenanus,
683 2869 883 2908 Siccensis
907 2881 956 2908 cx
982 2870 1095 2909 Sicca

123 2994 276 3034 Mass'ejo:
299 2997 494 3033 antequam
516 2993 663 3024 Palatio
687 2995 927 3022 concurreret.
952 2991 1013 3024 Sed
1042 3001 1097 3025 re-

124 3045 212 3076 ctius
235 3044 461 3084 corbejensis.
482 3043 564 3075 Vide
587 3044 707 3074 Norisii
726 3045 832 3082 Opera
851 3045 875 3072 t.
892 3043 931 3071 lv
954 3050 986 3081 p.
1004 3042 1079 3075 8-48.

185 3093 219 3132 a)
243 3094 432 3134 Epistulas
450 3098 523 3125 tres
541 3093 709 3124 morales.
732 3092 899 3123 nonorius
913 3092 1096 3131 augustod.

123 3141 182 3176 lib.
204 3143 225 3174 2
246 3151 321 3183 cap.
343 3143 397 3175 44.

185 3191 221 3229 b)
243 3195 289 3223 De
305 3192 367 3225 hac
384 3191 460 3224 vide
483 3193 646 3224 Gennadii
677 3199 750 3231 cap.
778 3191 818 3221 -45
846 3193 878 3221 ct
896 3192 1036 3229 pagium
1060 3190 1100 3224 ad

123 3245 256 3273 Annum
273 3241 446 3274 4161111111.
468 3242 501 3273 14
525 3250 594 3282 seq.
619 3246 650 3272 et
673 3245 806 3272 Annum
837 3240 899 3271 417
929 3249 1022 3271 num.
1052 3241 1100 3274 17.

123 3291 309 3323 coustantii
327 3292 493 3332 Epistolas
510 3292 698 3323 Pontficuin
717 3298 791 3330 pag.
810 3289 871 3321 887
891 3299 947 3329 seq
967 3290 1000 3329 e)
1019 3294 1100 3322 Ger-

126 3342 258 3373 manice
274 3343 364 3382 apud
380 3341 491 3374 Godsr.
511 3341 693 3374 Arnoldum
711 3345 792 3372 tom.
813 3342 850 3370 VI
871 3340 950 3374 hist.
970 3341 1098 3376 haeres.

127 3398 201 3428 pag.
230 3389 283 3422 76.

2049 236 2127 274 293

1159 319 1326 361 Veneria
1342 316 1518 363 Afric-ac,
1538 323 1641 364 quac
1660 311 1782 350 trium
1802 306 1959 347 dierum
1984 306 2125 345 itinero

1158 396 1181 423 a
1200 381 1438 432 Carthagine
1457 376 1646 424 distabat,
1663 372 1838 413 Modicus
1852 370 2032 421 insignis,
2049 368 2125 407 Ga-

1157 447 1246 485 leno
1270 443 1387 494 cujus
1413 449 1614 490 nusquam
1639 435 1819 475 meminit
1846 432 2052 483 superior,
2080 435 2124 469 ut

1158 512 1265 546 recte
1289 505 1438 555 Cangio
1464 503 1611 546 visum,
1629 509 1759 548 neque
1778 506 1901 535 unum
1925 493 2124 544 appellare

1160 570 1289 620 potuit
1311 567 1360 605 do
1385 565 1544 603 nomine
1568 561 1773 607 Barthius,
1795 558 1862 608 qui
1877 555 2083 595 XXXVIII
2101 554 2123 591 3

1161 631 1375 670 Adversar.
1385 626 1558 676 scripsit:
1578 621 1761 662 videmur
1779 618 1891 658 nobis
1907 616 2125 657 observare

1162 692 1317 744 aliquot
1337 702 1363 728 a
1387 679 1520 728 Caelio
1550 683 1768 723 Aureliano
1798 679 2000 720 nominari
2024 677 2126 718 scri-

1156 758 1293 806 ptores
1323 749 1469 790 Galeno
1501 745 1757 800 posteriores.
1787 746 1843 782 De
1882 743 1956 781 hoc
1994 742 2125 781 Caelio

1160 815 1327 866 ejusque
1352 811 1511 861 scriptis
1541 812 1582 847 et
1618 805 1857 845 editionibus
1881 803 2039 842 abunde
2068 801 2126 840 di-

1159 882 1270 916 ctum
1295 876 1333 913 in
1357 871 1599 913 Bibliotheca
1622 868 1761 906 Latina
1784 867 1833 904 IV
1860 865 1921 904 42.

1212 936 1399 976 Julianus
1415 930 1718 974 CAESARINUS
1733 929 1956 979 Episcopus
1972 926 2126 965 Tuscu—

1161 1002 1279 1041 lanus
1316 1003 1357 1039 et
1395 994 1616 1037 Cardinalis
1640 992 1734 1031 obiit
1769 989 1873 1028 diem
1913 987 1988 1026 An.
2022 988 2125 1027 4444

1163 1064 1323 1114 scripsit
1345 1066 1525 1111 tempore
1545 1055 1709 1097 Concilii
1735 1051 1950 1092 Florentini
1988 1054 2127 1088 contra

1162 1126 1352 1173 Graecos,
1373 1127 1414 1164 et
1436 1123 1485 1162 de
1508 1122 1546 1161 S.
1563 1124 1705 1159 octava
1728 1114 1983 1155 oecumenica
2001 1113 2130 1162 Syno-

1162 1189 1230 1238 do,
1255 1192 1296 1227 et
1319 1187 1368 1226 de
1391 1185 1644 1237 processione
1669 1180 1841 1232 Spiritus
1859 1176 2007 1216 Sancti.

1178 1252 1240 1301 (58
1257 1263 1314 1302 op.
1333 1249 1493 1289 editum.
1513 1247 1582 1286 Gr.
1598 1246 1682 1285 Lat.
1701 1239 1926 1282 Florentiae
1945 1237 2059 1278 4762.
2079 1236 2127 1284 4.)

1162 1313 1262 1352 Vide
1283 1312 1487 1352 Oudinum
1511 1315 1539 1348 t.
1564 1310 1617 1348 III
1637 1319 1675 1359 p.
1700 1305 1806 1346 2342
1838 1307 1880 1342 01
1913 1300 2128 1351 Georgium

1162 1378 1182 1415 J
1187 1375 1380 1427 osephum
1389 1375 1497 1424 Eggs
1511 1381 1711 1423 purpurae
1726 1368 1865 1406 doctae
1885 1365 1984 1404 libro
1999 1363 2128 1401 tertio.

1215 1439 1278 1477 Ex
1295 1442 1323 1475 t.
1336 1437 1399 1476 IV.
1421 1434 1610 1475 JULIAN.
1637 1433 1753 1473 Caes.
1778 1429 1925 1476 senior,
1946 1426 1967 1448 ³¹*
1988 1426 2131 1464 Roma-

1165 1511 1261 1550 nus,
1282 1496 1513 1539 Cardinalis
1529 1497 1568 1535 S.
1589 1494 1730 1545 Angeli
1750 1492 1824 1531 An.
1845 1493 1859 1529 4
1873 1489 1947 1529 426
1967 1490 2128 1527 creatus

1166 1574 1189 1601 a
1210 1562 1377 1601 Martino
1412 1560 1446 1599 V
1482 1563 1522 1598 et
1549 1558 1706 1607 legatus
1746 1555 1786 1592 in
1825 1551 2055 1592 Bohemiam
2086 1558 2132 1586 ac

1167 1624 1443 1664 Germaniam:
1466 1620 1609 1661 deinde
1625 1618 1673 1659 ab
1691 1616 1871 1667 Eugenio
1891 1615 1939 1653 IV
1961 1612 2010 1652 ad
2029 1612 2133 1651 Con-

1168 1687 1304 1726 cilium
1326 1685 1573 1731 Basileense,
1595 1680 1776 1720 interfuit
1804 1678 1926 1716 etiam
1960 1673 2134 1715 Concilio

1171 1748 1411 1787 Ferrariensi
1437 1751 1478 1785 et
1499 1744 1749 1790 Florentino,
1775 1751 1819 1779 ac
1842 1739 2014 1788 denique
2030 1737 2135 1785 lega-

1170 1815 1238 1850 tus
1262 1811 1299 1848 in
1324 1809 1566 1859 Hungariam
1590 1807 1629 1843 in
1652 1804 1795 1843 infelici
1819 1803 1886 1841 illa
1905 1799 2017 1839 clade
2038 1809 2132 1837 cum

1169 1875 1275 1923 Rege
1303 1870 1497 1910 Uladislao
1522 1867 1707 1907 occubuit
1730 1865 1778 1904 A.
1800 1864 1920 1911 4444,
1956 1863 2004 1901 40
2033 1862 2131 1900 Νον.

1167 1939 1244 1974 aet.
1272 1934 1334 1972 46.
1357 1934 1489 1971 Vitam
1513 1929 1601 1980 ejus
1622 1929 1756 1968 ltalice
1782 1927 1969 1976 scriptam
1995 1935 2018 1962 a
2034 1922 2134 1961 Ves-

1167 1998 1330 2049 pasiano
1355 1994 1584 2033 Florentino
1609 1990 1732 2030 edidit
1758 1987 1949 2039 Ughellus
1978 1986 2016 2023 in
2041 1984 2134 2035 Epi-

1168 2059 1300 2109 scopis
1322 2056 1578 2095 Grossetanis
1597 2059 1680 2092 tom
1718 2052 1740 2090 3
1765 2051 1900 2089 Italiac
1930 2057 2067 2086 sacrae
2095 2057 2132 2096 p.

1169 2120 1238 2160 674
1270 2131 1356 2169 seq.
1374 2119 1437 2158 cui
1458 2116 1663 2168 J'ungenda
1687 2124 1788 2164 quae
1812 2113 1860 2150 de
1885 2122 1930 2149 eo
1953 2109 2135 2148 Andreas

1167 2181 1405 2221 victorellus
1425 2179 1474 2219 ad
1497 2177 1749 2218 Ciacconium
1773 2176 1811 2212 in
1833 2173 1933 2211 Vitis
1949 2169 2138 2211 Cardina-

1168 2245 1266 2284 lium
1288 2255 1375 2295 pag.
1403 2243 1492 2282 446.
1525 2241 1626 2280 Huic
1650 2239 1806 2277 Juliano
1843 2234 2028 2276 Nicolaus
2057 2232 2137 2271 Cu-

1169 2318 1292 2347 sanus
1316 2306 1463 2344 dicavit
1487 2305 1607 2343 libros
1630 2302 1679 2341 de
1700 2301 1816 2340 docta
1834 2297 2067 2349 ignorantia,
2097 2299 2138 2332 et

1168 2369 1288 2408 libros
1308 2368 1357 2406 de
1377 2365 1618 2417 conjecturis
1642 2365 1709 2415 qui
1733 2363 1811 2401 Deo
1832 2358 2056 2416 amabilem,
2074 2368 2137 2395 re—

1166 2429 1506 2481 verendissimum
1558 2429 1720 2466 Patrem
1762 2428 1799 2463 et
1837 2423 2137 2475 praeceptorem

1168 2503 1286 2531 suum
1306 2489 1560 2529 metuendum
1583 2488 1769 2539 appellat.
1794 2487 1955 2524 Praeter
1982 2479 2137 2520 Oratio-

1166 2563 1234 2590 nes
1258 2552 1360 2590 duas
1381 2550 1428 2589 (le
1452 2550 1549 2589 bello
1574 2548 1712 2587 Turcis
1736 2543 1938 2598 inferendo
1963 2544 2002 2580 in
2025 2542 2138 2580 Νοο-

1167 2615 1215 2653 lai
1236 2615 1428 2653 Reusncri
1456 2613 1635 2652 Turcicis
1654 2615 1751 2649 10111.
1771 2610 1794 2647 3
1814 2612 1925 2659 parte
1947 2606 1971 2645 2
1996 2617 2032 2655 p.
2049 2604 2138 2652 406,

1169 2676 1243 2715 440
1269 2680 1308 2714 01
1331 2673 1631 2726 disceptationes
1655 2674 1692 2709 in
1716 2671 1828 2710 Actis
1846 2668 2007 2708 Concilii
2028 2666 2138 2704 Basi-

1169 2738 1332 2784 leensis‚
1358 2737 1624 2775 Ferrariensis
1662 2737 1702 2773 et
1725 2730 1943 2772 Florentini
1972 2729 2135 2776 obvias,

1168 2797 1368 2851 Epistolae
1383 2798 1432 2837 ad
1446 2798 1673 2849 Eugenium
1693 2796 1744 2835 IV
1760 2797 1973 2834 conantem
1995 2790 2137 2830 dissol-

1168 2872 1263 2900 vero
1288 2861 1508 2900 Concilium
1534 2859 1786 2906 Basileense,
1825 2856 1924 2894 mira
1953 2853 2135 2892 libertate.

1168 2924 1410 2974 perscriptae
1431 2926 1593 2961 exstant
1615 2922 1652 2959 in
1677 2919 1863 2960 Orthuini
1880 2917 2003 2956 Gratii
2021 2915 2136 2953 tasci-

1169 2985 1256 3023 culo
1281 2996 1415 3023 rerum
1446 2983 1761 3034 expetendarum
1786 2985 1826 3019 et
1856 2977 2133 3030 fugiendarum

1169 3047 1305 3086 Colon.
1340 3048 1443 3085 4535
1469 3046 1531 3085 fol.
1566 3050 1607 3084 et
1648 3044 1770 3084 Lond.
1796 3044 1891 3083 4694
1924 3041 1986 3079 fol.
2018 3041 2060 3078 111
2092 3040 2135 3076 B.

1168 3110 1317 3147 Reiseri
1337 3109 1521 3158 Catalogo
1545 3109 1623 3147 MS.
1650 3107 1746 3146 Bibl.
1771 3105 2027 3156 Augustanac
2046 3114 2134 3153 pag.

1171 3172 1246 3210 4οἥ
1267 3171 1429 3209 eaedem
1451 3171 1551 3209 duae
1591 3169 1793 3221 Epistol-ae
1810 3170 2001 3206 notantur
2023 3195 2030 3210 ,
2061 3164 2130 3203 sed

1171 3245 1258 3286 pag.
1284 3233 1332 3271 47
1370 3233 1432 3271 ubi
1458 3236 1702 3271 memoratur
1738 3231 1884 3270 Juliani
1913 3228 2132 3269 Cardinalis

1225 3340 1238 3353 ⁸
1254 3341 1302 3370 lm
1320 3339 1444 3370 dicitur
1465 3343 1598 3378 propter
1613 3338 1783 3369 sulianum
1798 3337 2015 3369 Caesarinum
2028 3335 2138 3374 junio—

1164 3399 1254 3429 rem,
1278 3391 1334 3430 qui
1365 3388 1548 3421 Cardinalis
1575 3388 1656 3421 obiit
1681 3391 1716 3420 A.
1746 3387 1836 3420 1510.
