2500 4009
432 254 511 294 ‘266

1299 249 1546 290 BRUNO

431 337 518 364 rum
537 324 749 364 institutori
767 321 917 360 malunt
934 321 1118 360 tribuere.
1145 321 1299 373 Scripta
1318 321 1382 361 illa
1456 313 1549 362 nain
1569 322 1865 363 translationem
1882 323 2155 376 compendiosa
2173 325 2417 378 eaeposite’one

431 390 582 426 minora
605 385 793 425 sunt1De
816 381 1002 422 laudibus
1021 381 1246 433 Ecclesiae,
1270 395 1383 435 para-

432 449 540 496 (1150.
564 458 653 486 arca
675 448 804 494 Noae,
828 445 1110 495 tabernaculo,
1133 445 1282 498 templo
1305 450 1382 485 616.

433 523 469 562 p.
496 512 510 549 1
535 520 632 547 cum
656 519 835 547 sermone
857 506 904 546 de
929 506 1110 547 Zachaeo
1130 520 1217 560 pag.
1243 509 1305 548 19.
1329 509 1386 548 De

433 570 673 610 ονηαηιρηεῐε
694 568 921 618 Ecclesiae,
946 569 1038 621 side,
1060 581 1152 622 spe,
1175 571 1384 620 charitate,

430 635 676 685 caeterisque
713 633 931 673 virtutibus
967 645 1053 686 pag.
1091 634 1156 673 21.
1197 633 1254 672 De
1287 644 1386 673 novo

431 695 595 740 Mundo,
621 697 707 735 sive
726 695 775 734 dc
799 697 913 735 novis
937 696 975 734 in
998 695 1177 735 Ecclesia
1205 708 1292 748 pag.
1322 696 1385 735 50.

431 758 487 796 De
507 756 789 810 festivitatibus
809 756 1093 811 festivitatum,
1123 757 1172 797 de.
1195 759 1263 798 SS.
1303 759 1388 797 Tri-

433 821 579 869 nitate‚
601 820 650 860 de
686 822 901 861 Nativitate
937 822 1138 871 DOMINI,
1172 821 1389 861 Circumci-

433 884 568 932 sione3
592 883 835 936 Epiphania,
860 889 901 923 et
923 885 1077 923 octavis
1105 882 1313 934 ejusdem,
1338 882 1387 922 de

432 945 601 997 palmis,
625 946 673 985 de.
697 946 830 985 Coena
863 946 1042 995 Domini,
1063 945 1112 985 de
1143 947 1387 993 Parasceve,

433 1007 483 1046 de
506 1008 681 1057 Pascha,
706 1008 755 1047 de
779 1007 1050 1047 Adscensione
1074 1009 1255 1057 Domini,
1278 1012 1318 1046 et
1342 1007 1391 1046 de

433 1071 668 1109 Pentecoste
691 1072 900 1110 Sermones
924 1071 1057 1110 XVIII
1069 1100 1077 1118 ,
1093 1082 1180 1122 pag.
1197 1069 1248 1110 7⁶2.
1272 1070 1328 1108 De
1345 1070 1390 1108 B.

439 1131 609 1184 Viryinis
624 1132 807 1172 laudibus
824 1163 832 1182 ,
848 1134 1082 1182 Nativitate,
1100 1132 1391 1182 Purificatione,

435 1196 754 1235 Annunciatione
778 1201 818 1234 et
833 1195 1091 1235 Assumtione
1111 1196 1318 1234 Sermones
1345 1195 1391 1244 V,

434 1269 521 1310 pag.
541 1258 627 1298 106.
645 1259 701 1297 De
716 1256 979 1310 Martyribus,
998 1255 1301 1310 Confessoribus
1316 1262 1392 1296 ctc.

435 1321 649 1360 Sermones
671 1323 770 1360 varii
794 1321 1018 1372 argumenti
1041 1321 1170 1360 XXII.
1191 1321 1392 1360 Hactenus

436 1384 474 1423 S.
500 1385 696 1422 Brunonis
718 1395 836 1435 opera
854 1382 1025 1434 junctim
1049 1382 1154 1422 edita
1177 1394 1199 1422 a
1227 1380 1392 1432 Petrejo.

436 1445 497 1484 Ab
511 1457 556 1484 eo
574 1450 750 1496 tempore
772 1446 905 1485 brevis
922 1443 1123 1498 Confessio
1143 1443 1259 1483 Fidei
1270 1455 1390 1495 quam

435 1509 553 1546 morti
601 1509 784 1554 vicinus,
824 1507 1010 1547 fratribus
1046 1506 1191 1556 edidit,
1217 1508 1390 1558 primum

436 1570 598 1621 vulgata
622 1581 641 1608 a
666 1569 884 1608 Mabillonio
909 1574 1002 1607 tom.
1027 1569 1077 1608 IV
1100 1569 1279 1608 Analect.
1301 1580 1389 1620 pag.

438 1632 514 1670 400
542 1631 747 1681 (editionis
771 1642 896 1670 novae
919 1642 1007 1682 pag.
1032 1631 1145 1680 447.)

490 1694 654 1732 BRUNO
671 1723 678 1742 ,
696 1705 743 1732 ex
758 1693 946 1732 Monacho
968 1692 1128 1732 Astensi
1143 1692 1303 1732 Ordinis
1320 1693 1392 1731 Be-

437 1755 625 1794 nedictini
651 1757 687 1793 in
713 1756 867 1805 Liguria
887 1755 1019 1794 Abbas
1042 1754 1086 1794 Λ.
1113 1755 1228 1794 1107.
1255 1753 1392 1794 Cassi-

434 1817 583 1865 nensis,
601 1819 821 1868 Episcopus
835 1817 882 1857 A.
903 1819 1017 1857 1110.
1039 1816 1269 1868 Siqniensis,
1283 1816 1389 1855 diem

434 1879 528 1917 obiit
552 1879 600 1918 Λ.
625 1880 739 1919 1125.
766 1880 923 1918 Sanctis
954 1878 1179 1930 adscriptus
1208 1878 1254 1918 A.
1277 1879 1393 1919 1183.

433 1941 530 1980 Vide
554 1941 652 1980 Acta
674 1942 909 1981 Sanctorum
923 1939 1021 1980 tom.
1041 1942 1092 1980 IV
1105 1941 1196 1981 Julii
1210 1953 1296 1993 pag.
1316 1941 1384 1981 471

434 2014 517 2053 seq.
542 2004 703 2042 Petrum
737 2005 954 2042 Diaconum
978 2003 1027 2042 de
1051 2003 1274 2043 illustribus
1298 2004 1394 2043 Cas-

434 2066 662 2104 sinensibus
684 2076 767 2116 cap.
794 2066 857 2103 34.
882 2065 1092 2115 Ughellum
1117 2070 1224 2104 tomo
1248 2067 1392 2116 I,pag.

439 2127 555 2165 1236.
578 2127 794 2166 Antonium
809 2126 1021 2165 Oldoinum
1047 2127 1085 2164 in
1108 2126 1314 2165 Athenaeo
1336 2128 1396 2165 Li-

439 2189 591 2237 gustico
615 2200 699 2239 pag.
727 2189 801 2227 119
825 2199 907 2238 seq.
933 2192 974 2227 et
1009 2189 1189 2227 Maurum
1218 2189 1394 2227 111016116-

440 2251 543 2288 51001
564 2279 570 2297 ,
607 2251 952 2298 Panormitanum,
990 2250 1223 2289 Monachum
1262 2251 1394 2290 Cassi-

441 2323 604 2350 nensem
628 2313 664 2350 in
689 2312 965 2351 dissertatione
983 2311 1031 2350 de
1051 2313 1233 2351 Brunone
1257 2311 1330 2351 hoc
1353 2317 1394 2351 et

440 2373 549 2412 libris
568 2375 616 2413 ab
630 2385 675 2413 eo
699 2376 926 2426 compositis
950 2374 1054 2413 edita
1077 2375 1221 2413 Romae
1236 2385 1393 2425 separa—

438 2437 509 2474 tim
529 2467 537 2486 ,
561 2441 601 2474 et
629 2435 770 2475 deinde
794 2436 943 2487 prefixa
967 2437 1070 2475 iliius
1098 2436 1282 2487 operibus
1301 2439 1393 2486 jun-

439 2498 533 2535 ctim
555 2497 695 2547 editis,
713 2499 887 2537 Venetiis
905 2499 999 2538 1651
1022 2499 1085 2537 sol.
1101 2497 1256 2537 duobus
1275 2499 1393 2538 Volu-

439 2560 627 2608 minibus‚
649 2566 689 2598 et
713 2565 807 2599 tom.
831 2562 919 2600 XX.
941 2561 1204 2599 Bibliothecae
1229 2561 1390 2600 Patrum

439 2633 524 2673 pag.
552 2623 663 2661 1295.
689 2623 731 2661 10
753 2624 895 2673 priore,
917 2612 1209 2662 Commentaria
1233 2623 1269 2662 in
1296 2623 1393 2662 Pen-

438 2683 661 2723 tateuclmm
674 2717 683 2733 ,
700 2683 772 2723 Job
790 2715 798 2734 ,
817 2683 1057 2724 Psalterium
1074 2716 1083 2733 ,
1102 2685 1268 2725 Cantica
1289 2686 1392 2726 Can-

438 2746 621 2797 cicorum,
636 2746 961 2800 etApocalypsin.
979 2749 1222 2787 Praefatione
1239 2750 1277 2788 in
1287 2751 1393 2790 Psal-

436 2810 581 2848 terium
618 2810 780 2849 alterius
817 2812 935 2849 etiam
970 2811 1227 2862 expositionis
1251 2823 1327 2851 non
1353 2814 1391 2851 in

436 2871 659 2922 vulgatam,
675 2872 743 2911 sed
762 2874 800 2911 in
821 2873 935 2912 aliam
951 2874 1174 2912 versionem
1191 2885 1213 2912 a
1229 2885 1271 2913 se
1287 2885 1394 2913 com-

438 2937 587 2984 positae
604 2936 794 2973 meminit:
815 2935 914 2974 Cum
929 2933 1244 2975 adolescentulus
1253 2947 1387 2986 essem,

438 2996 609 3048 eoeposui
634 2995 873 3035 Psalterium
895 2996 1109 3036 secuudum
1137 2997 1261 3037 aliam
1279 3002 1391 3039 tran-

437 3056 665 3106 slationem,
687 3060 706 3080 *
729 3059 970 3098 Gallicanam
993 3071 1162 3111 nempe,
1186 3065 1232 3100 ut
1253 3067 1390 3103 auctor

439 3120 548 3158 Vitae,
572 3127 764 3161 testatur:
790 3123 962 3172 Rossatus
986 3134 1012 3160 a
1048 3121 1287 3175 quibusdam
1326 3125 1388 3164 Ul-

439 3184 694 3222 tramontanis
716 3183 954 3223 Psalterium
972 3184 1187 3224 secundum
1216 3186 1387 3227 Gallica-

497 3330 508 3342 ·
532 3332 610 3362 ralis
633 3339 679 3364 cst
706 3337 892 3374 expositio,
920 3344 1004 3376 quae
1036 3342 1143 3371 exstat
1169 3339 1232 3371 sub
1255 3342 1389 3373 nomine

435 3382 596 3412 trunonis
616 3383 866 3422 Ilerbipolensis.

1452 386 1673 439 percurrit.
1709 387 1751 425 10
1791 386 1966 426 secundo
2002 387 2212 428 Volumine
2254 393 2418 429 exstant

1458 450 1666 488 Sermones
1686 449 1819 490 CXLV
1834 460 1935 500 quos
1948 452 2151 490 recensuit
2165 452 2285 490 etiam
2301 451 2419 492 Com-

1458 511 1622 550 beiisius
1643 513 1680 550 in
1696 511 1938 551 Bibliotheca
1956 512 2253 552 Concionatoria
2267 517 2308 553 et
2322 524 2421 565 quo-

1461 585 1550 614 rum
1572 575 1635 614 alii
1659 574 1734 614 sub
1771 575 1998 625 Hieronymi
2022 575 2087 614 vcl
2111 574 2325 627 Augustini
2348 587 2419 614 no-

1462 637 1594 684 mine,
1618 637 1683 676 alii
1716 637 1792 676 sub
1814 635 2000 677 Eucherii
2038 636 2319 687 Lugdunensis
2353 637 2419 677 vel

1461 698 1624 738 Eusebii
1645 699 1832 737 Emeseni
1864 698 1979 737 titulo
1999 697 2244 748 legebantur.
2261 700 2422 739 Tracta-

1459 766 1527 801 tus
1543 760 1583 799 in
1601 760 1808 800 Canticum
1823 758 2061 799 Zachariae.
2077 759 2134 798 De
2141 759 2418 800 Incarnationc

1460 823 1628 862 Domi-ni.
1645 823 1701 862 De
1719 822 1917 874 sacrificio
1939 821 2085 874 azymi.
2105 822 2162 861 De
2183 823 2423 863 Sacramen-

1462 887 1511 927 tis
1534 885 1752 934 Ecclesiae,
1771 883 1973 937 mysteriis
1990 887 2111 937 atque
2128 883 2422 926 Ecclesiasticis

1461 947 1633 998 ritibus,
1658 947 1707 987 ad
1731 947 2006 995 Gvalterium,
2028 948 2296 999 Magalensem
2327 949 2421 1000 Epi—

1464 1023 1641 1064 scopum.
1676 1011 1761 1050 Hoc
1784 1014 1874 1059 est,
1900 1009 2005 1060 quod
2038 1009 2181 1049 deinde
2203 1010 2326 1050 edidit
2348 1012 2424 1050 Da-

1464 1075 1623 1114 cherius
1646 1077 1741 1112 tom.
1764 1073 1837 1112 XII
1862 1071 2052 1124 spicilegii
2074 1081 2162 1123 pag.
2182 1070 2233 1110 79
2254 1071 2422 1112 undein

1466 1149 1569 1177 nova
1584 1135 1770 1188 spicilegii
1787 1135 2021 1175 Dacheriani
2039 1133 2211 1174 editione
2225 1139 2288 1174 est
2303 1135 2423 1175 omis—

1465 1211 1568 1239 sum.
1590 1198 1674 1241 Vita
1693 1198 1734 1238 S.
1749 1197 1888 1237 Leonis
1906 1196 1970 1236 IX.
1986 1198 2129 1252 Papae.
2153 1197 2343 1249 (amplior
2355 1209 2420 1248 ea,

1465 1273 1585 1313 quam
1618 1260 1774 1301 duobus
1810 1260 1921 1299 llbris
1961 1260 2121 1311 scripsit
2152 1261 2423 1300 WIBERTUS

1464 1322 1777 1363 Archidiaconus
1791 1321 2057 1361 Rom.editam
2073 1320 2313 1361 aSirmondo
2328 1334 2421 1362 cum

1464 1387 1553 1425 Vita
1570 1385 1697 1425 Caroli
1717 1385 1814 1424 Boni
1828 1383 2036 1424 Flandriae
2056 1384 2247 1433 Comitis,
2263 1384 2421 1425 Parisiis

1465 1449 1567 1488 1615
1592 1449 1627 1487 8.
1653 1458 1726 1487 066
1746 1449 1848 1487 inter
1870 1455 1989 1499 opera
2021 1446 2220 1486 Sirmondi
2246 1446 2420 1498 junctim

1463 1511 1650 1561 vulgata,
1672 1510 1742 1549 sed
1763 1510 1802 1548 in
1825 1509 1938 1549 Actis
1960 1510 2199 1549 Sanctorum
2223 1509 2272 1549 19
2296 1508 2420 1561 April.

1464 1579 1558 1612 tom.
1584 1574 1643 1623 11,
1667 1585 1755 1625 pag.
1780 1572 1856 1612 642
1881 1583 1965 1622 seq.
1996 1571 2184 1620 obviam.)
2211 1569 2424 1624 Responsio

1463 1635 1517 1674 ad
1552 1635 1840 1688 quaestionem,
1865 1645 1937 1674 cur
1975 1637 2188 1685 corruptus
2222 1634 2424 1675 Ecclesiae

1462 1702 1605 1737 status.
1647 1697 1732 1737 Vita
1754 1698 1795 1736 S.
1832 1695 1945 1736 Petri
1975 1696 2161 1748 Episcopi
2193 1695 2421 1748 Anagnini,
2498 1748 2500 1757 Ι

1461 1771 1553 1799 cum
1576 1759 1780 1811 privilegio
1799 1758 2119 1799 Canonizationis
2138 1756 2320 1809 ejusdem
2343 1757 2418 1798 An.

1466 1822 1568 1861 1105
1593 1821 1708 1871 <vide
1730 1822 1988 1873 propylaeum
2014 1820 2252 1859 Sanctorum
2275 1819 2363 1872 Maji
2384 1833 2421 1872 p.

1465 1883 1544 1923 ⁶207
1576 1888 1617 1923 61
1638 1885 1800 1935 Pagium
1836 1883 1885 1923 ad
1905 1882 2068 1923 Annum
2106 1883 2183 1922 993
2223 1894 2332 1922 num.
2359 1883 2421 1932 4.)

1464 1945 1643 2000 Epistola
1664 1945 1719 1985 ad
1737 1947 1994 1986 Portuensem
2026 1945 2265 1997 Episcopum
2286 1949 2327 1984 et
2349 1945 2422 1985 alia

1465 2009 1521 2048 acl
1539 2007 1770 2048 Paschalem
1779 2009 1831 2047 ΙΙ.
1848 2011 2005 2059 Papam.
2021 2002 2316 2048 Sententiarum
2330 2005 2427 2046 libri

1466 2081 1568 2120 seac,
1602 2071 1669 2121 qui
1712 2081 1790 2108 non
1827 2070 2015 2109 differunt
2038 2080 2061 2108 a
2100 2070 2284 2120 scriptis,
2320 2081 2422 2121 quae

1467 2138 1574 2171 tomo
1593 2133 1709 2170 tertio
1733 2143 1897 2183 operum
1912 2131 2109 2171 Brunonis
2125 2130 2422 2171 Carthusiensis

1466 2194 1628 2245 vulgata
1657 2195 1841 2245 superius
1869 2193 2004 2242 retuli,
2029 2192 2099 2231 sed
2121 2193 2319 2243 Signiensi
2355 2194 2424 2232 tri-

1466 2256 1617 2295 huntur
1645 2257 1767 2294 etiam
1797 2256 1845 2295 ab
1866 2254 2076 2306 Anonymo
2100 2252 2314 2295 Mellicensi
2335 2265 2427 2308 cap:

1467 2319 1529 2357 83.
1546 2319 1614 2358 1-115
1627 2318 1869 2358 Marchesius
1892 2317 2064 2368 denique
2087 2318 2421 2369 subiunxitODo-

1464 2382 1496 2420 N
1502 2383 1545 2421 IS
1564 2381 1747 2420 Astensis
1760 2381 1936 2420 Monachi
1952 2381 2240 2431 expositionem
2255 2382 2293 2420 in
2310 2382 2418 2420 Psal-

1464 2455 1551 2483 mos
1564 2456 1634 2496 per
1648 2444 2023 2495 contemplationem
2049 2446 2270 2493 exaratam,
2298 2455 2419 2495 quam

1464 2507 1638 2546 Brunoni
1662 2510 1796 2545 nostro
1820 2505 2031 2545 dedicavit.
2051 2505 2194 2545 Confer
2217 2505 2417 2546 Labbeum

1465 2568 1513 2607 de
1535 2570 1572 2608 S.
1597 2570 1641 2607 E.
1666 2573 1773 2607 tomo
1792 2569 1807 2607 1
1826 2597 1834 2617 ,
1854 2575 1941 2619 pag.
1963 2567 2053 2607 213.
2077 2568 2239 2607 Praeter
2257 2568 2354 2608 haec
2378 2570 2418 2608 in

1463 2631 1693 2670 collectione
1728 2630 1903 2681 Operum
1943 2628 2032 2680 ejus
2065 2629 2205 2679 obvia,
2247 2630 2418 2670 traditur
2467 2670 2473 2678 ,

1463 2694 1583 2732 ctiam
1606 2694 1737 2732 Bruno
1757 2692 1819 2731 hic
1839 2692 2066 2743 scripsisse,
2090 2690 2160 2730 sed
2183 2691 2314 2732 adhuc
2337 2694 2419 2732 ine—

1463 2755 1545 2794 dita
1580 2755 1620 2794 in
1643 2753 1790 2794 librum
1824 2753 2034 2803 Judicum,
2059 2752 2101 2791 in
2120 2752 2282 2803 Juditli,
2311 2759 2352 2794 et
2375 2755 2415 2794 in

1462 2818 1629 2858 Jsaiam.
1669 2817 1767 2857 Vide
1789 2817 1975 2857 Jacobile
1990 2817 2097 2867 Long
2132 2815 2415 2857 Bibliothecam

1465 2882 1706 2931 exegeticam
1723 2891 1809 2932 pag.
1835 2879 1924 2919 654.
1947 2878 2078 2918 Etiam
2102 2878 2250 2917 Versus
2268 2877 2356 2929 ejus
2377 2878 2417 2919 in

1464 2942 1620 2982 laudem
1647 2942 1803 2983 Mariae
1825 2944 2020 2982 memorat
2055 2941 2196 2980 Petrus
2217 2942 2415 2982 Diaconus

1462 3006 1545 3044 loco
1568 3005 1738 3045 laudato.
2019 3005 2022 3008 ’

1517 3068 1538 3092 *
1556 3069 1596 3108 S.
1613 3065 1811 3106 Brunouis
1833 3064 2011 3105 Astensis
2031 3064 2294 3118 conpositiones
2317 3077 2428 3121 qua-—

1462 3134 1553 3169 tuor
1570 3127 1879 3181 Evanyeliorum
1901 3131 2038 3167 extare
2060 3128 2138 3168 MS.
2160 3128 2198 3166 in
2222 3138 2294 3167 suo
2317 3128 2411 3169 Cod.

1457 3194 1671 3232 Membran.
1684 3192 1792 3231 Saec.
1803 3191 1876 3230 XII
1892 3194 2093 3231 testantur
2105 3189 2313 3229 clarissimi
2332 3190 2415 3229 edi-

1457 3260 1563 3294 tores
1583 3254 1722 3294 indicis
1743 3252 1923 3292 codicum
1946 3253 2053 3293 MSS.
2076 3251 2172 3291 Bibl.
2196 3251 2413 3291 Taurinen-

1457 3318 1513 3355 515
1544 3318 1589 3355 11.
1628 3317 1689 3355 31.
1717 3314 1900 3365 idemque
1924 3317 2093 3353 censent
2120 3323 2220 3364 opus
2243 3325 2335 3353 eum
2363 3325 2410 3353 eo

1457 3378 1560 3429 quod
1584 3380 1634 3417 Lc
1661 3379 1765 3429 Long
1791 3377 1827 3415 in
1853 3378 1947 3417 Bibl.
1975 3377 2092 3417 Sacra
2121 3377 2241 3415 refert
2265 3376 2340 3416 sub
2362 3379 2411 3416 ti-
