2500 3841
950 211 1269 253 ELMHAM

97 282 263 320 Vossius
292 293 378 333 pag.
406 281 494 320 443.
525 280 574 319 de
599 292 676 330 quo
708 280 801 320 nihil
824 281 927 332 apud
965 283 1062 321 alios

93 345 272 395 reperio,
297 354 528 394 quanquam
553 342 602 380 de
628 343 668 381 S.
694 343 839 383 Ursula
872 348 913 383 et
938 344 1043 383 unde

89 407 166 446 cim
183 406 357 445 millibus
379 404 594 444 decantata
611 404 751 444 fabella
769 406 873 457 apud
896 407 1057 445 Petrum

87 468 268 508 Natalem
292 468 371 516 IX,
390 466 453 505 87.
477 467 668 506 Jacobum
695 466 744 505 de
763 468 962 519 Voragine
989 469 1059 506 Le-

87 529 203 581 gend.
233 540 377 569 aureae
412 540 497 580 cap.
535 529 623 568 454.
659 529 827 568 Surium
871 534 911 567 et
941 531 1058 567 Baro-

89 593 200 631 nium
224 592 268 631 24
298 591 506 639 Octobris,
529 592 808 629 Hermannum
831 592 1057 630 Crumbach

89 654 176 693 Soc.
205 655 284 692 Jes.
311 655 349 691 in
373 654 412 693 S.
441 653 586 692 Ursula
625 652 830 692 vindicata
867 654 1057 693 Coloniae

89 714 218 764 4647,
243 716 306 754 fol.
343 714 514 766 ejusque
546 716 723 754 auctario
750 716 879 763 4669,
908 716 941 753 4.
972 716 1058 765 qui-

85 778 161 817 bus
183 777 447 829 opponendus
471 779 617 829 Pagius
643 777 691 816 ad
715 777 791 816 An.
828 779 905 816 383
945 788 1054 815 num.

85 839 130 879 V.
155 838 357 890 Launojus
386 845 503 891 parte
535 841 569 878 4.
599 840 675 890 Ep.
708 840 780 878 ult.
812 844 853 878 et
882 839 986 890 apud
1011 840 1054 877 D.

84 903 294 942 Reiserum
315 914 352 954 p.
375 903 466 942 864.
487 903 679 941 Usserius
700 902 961 952 Antiquitatt.
982 901 1056 939 Ec-

85 964 181 1003 cles.
202 961 432 1004 Britanniae
457 975 544 1015 pag.
570 963 660 1012 323,
683 974 768 1013 seq.
794 964 959 1002 Vo‘etius
984 961 1053 1009 ΙΙΙ,

87 1026 331 1066 selectarum
361 1026 692 1065 dissertationum
725 1036 813 1076 pag.
846 1024 935 1072 474,
966 1035 1053 1073 sqq.

87 1091 129 1126 et
152 1088 197 1126 D.
222 1087 423 1126 Iohannes
447 1086 658 1127 Conradus
675 1086 970 1126 Dannhaverus
988 1095 1037 1122 no

88 1153 172 1188 ster
194 1150 323 1188 tom.2
341 1149 596 1188 homiliarum
618 1148 950 1187 Academicarum
966 1158 1052 1198 pag.

84 1212 173 1250 649.
194 1210 393 1250 ,Iohannis
424 1211 588 1250 Davidis
619 1211 774 1249 Koeleri
806 1208 1053 1249 Historische

82 1274 504 1324 Muntz—Belustigung
528 1277 624 1312 tom.
649 1275 683 1312 4.
706 1284 794 1324 pag.
819 1273 922 1322 260,
944 1282 1027 1320 seq.

140 1335 306 1376 Thomas
326 1334 374 1374 de
393 1336 605 1375 ELMHAM
625 1337 735 1374 Prior
762 1334 989 1374 Monasterii
1012 1333 1052 1371 S.

82 1399 291 1437 Trinitatis
319 1399 538 1438 Lentoniae
564 1399 857 1438 Canonicorum
881 1395 1052 1446 Regula-

80 1462 185 1501 rium
207 1462 247 1501 S.
267 1460 483 1512 Augustini
503 1490 511 1509 ,
537 1462 698 1512 scripsit
720 1471 836 1511 prosa
861 1463 902 1498 et
926 1468 1049 1496 versu

84 1523 213 1563 Vitam
232 1527 271 1562 et
287 1526 403 1574 qesta
422 1522 589 1562 Heizrici
613 1524 661 1572 V,
687 1523 736 1562 ab
760 1522 836 1561 An.
863 1520 968 1561 4443
999 1519 1048 1557 ad

77 1587 194 1626 4422.
215 1585 380 1636 Angliae
404 1587 536 1637 Regis.
561 1587 720 1625 Primus
744 1597 792 1624 ex
817 1585 937 1623 MStis
963 1581 1047 1621 edi-

77 1649 136 1687 dit
163 1648 338 1687 Thomas
362 1649 518 1687 Hearne
543 1648 710 1687 Londini
748 1646 879 1696 4728,
913 1647 948 1684 8.
989 1646 1046 1683 De

74 1711 196 1750 MStis
219 1711 467 1751 Cottonianis
489 1710 583 1749 vide
622 1711 829 1751 Oudinum
872 1715 967 1747 tom.
1008 1707 1043 1745 3.

77 1785 166 1825 pag.
194 1773 312 1813 2333.

129 1834 351 1875 Chronicon
377 1833 803 1874 breveELNONENSE
822 1836 860 1874 S.
875 1832 1047 1873 Amandi

77 1899 116 1936 in
140 1897 267 1937 Gallia
290 1897 340 1936 ab
368 1896 443 1936 An.
469 1898 546 1936 534
581 1897 635 1936 Sd
664 1897 767 1936 4223
802 1897 955 1935 editum
993 1895 1042 1934 ab

76 1959 292 2000 Edmundo
314 1961 492 1999 Martene
512 1964 553 1998 et
573 1960 716 1998 Ursino
736 1958 924 1998 Durando
944 1962 1039 1996 tom.

76 2024 111 2062 3.
135 2021 433 2061 Anecdotorum
458 2032 547 2072 pag.
575 2022 818 2061 4390-4400.

126 2082 348 2122 Guilelmus
390 2082 675 2122 ELPHISTON
725 2085 950 2134 Episcopus
997 2084 1035 2120 in

73 2148 205 2186 Scotia
234 2145 549 2185 Aberdoniensis
575 2151 615 2184 et
634 2146 909 2185 Cancellarius
932 2146 1036 2184 circa

34 2232 37 2234 -
71 2209 236 2248 Annum
288 2207 390 2248 4480
439 2209 608 2259 scriptor
656 2208 951 2260 Antiquitatum
999 2210 1038 2245 ec

73 2270 263 2311 Chronici
306 2272 514 2311 Scotorum
534 2301 543 2319 ,
587 2272 626 2309 in
670 2283 748 2322 quo
794 2272 1035 2310 Weremun-

70 2335 167 2373 dum
195 2334 233 2373 S.
254 2332 437 2372 Andreae
457 2331 794 2373 Archidiaconum
815 2339 856 2372 et
886 2333 1032 2372 Johan-

68 2408 160 2436 nem
185 2395 234 2435 de
254 2395 362 2434 Bello
387 2396 536 2447 Campo
562 2397 676 2446 sequi
702 2408 745 2435 se
774 2396 849 2434 fuit
884 2396 1034 2446 profes-

67 2470 150 2498 sus.
182 2459 376 2498 Servatur
404 2459 482 2498 MS.
514 2459 550 2497 in
581 2458 724 2509 Anglia
754 2457 845 2497 vide
878 2462 1031 2495 tomum

65 2522 102 2560 2.
131 2521 240 2561 MSS.
268 2532 355 2572 pag.
387 2521 465 2562 247
496 2532 607 2561 num.
631 2521 736 2559 7006
763 2524 803 2559 et
827 2519 1031 2558 Oudinum

65 2590 146 2623 tom
191 2585 228 2622 3.
251 2595 340 2635 pag.
364 2582 482 2624 2670.
510 2582 781 2623 Conciliorum
805 2583 927 2620 etiam
953 2584 1034 2620 sta-

67 2649 154 2684 tuta
181 2646 421 2697 reliquisse,
451 2646 620 2685 Vossius
644 2656 732 2695 pag.
757 2645 839 2683 635
870 2646 1035 2681 annotat

69 2721 120 2748 cx
142 2710 308 2747 Joannis
338 2708 445 2747 Balei
475 2708 594 2756 XIV,
625 2706 688 2745 57.

120 2771 380 2819 ELPIDIUS,
410 2771 478 2820 qui
519 2768 786 2807 HELPIDIUS
822 2767 936 2814 aliis,
968 2766 1031 2803 vel

65 2830 370 2872 IlELFRlDIUS
392 2832 592 2870 Diaconus
616 2833 657 2867 et
693 2828 921 2867 Theodorici
960 2828 1033 2865 Re-

21 2944 28 2950 »
66 2896 126 2945 gis
154 2893 344 2942 Medicus,
369 2892 521 2942 de-quo
541 2891 649 2930 adire
674 2890 832 2942 juvabit
855 2890 1032 2929 Sirmon-

64 2956 161 2996 dum
182 2954 230 2994 ad
256 2953 483 2994 Ennodium
510 2954 574 2992 lib.
591 2955 690 2992 Vlll.
706 2954 834 3004 Epist.
860 2953 895 2990 8.
917 2953 1029 2991 Alius

67 3023 111 3057 ut
136 3017 232 3056 mihi
253 3015 478 3068 persuadeo
501 3015 690 3055 Rusticus
722 3015 954 3053 ELPIDIUS
984 3015 1025 3052 V.

7 3071 11 3078 ’
65 3081 108 3119 C.
138 3084 179 3120 et
207 3079 302 3118 lNL.
332 3082 373 3116 et
400 3078 666 3128 Exquaestor⁷
696 3076 814 3127 cujus
841 3081 936 3115 sunt
957 3075 1028 3114 tri-

64 3140 193 3181 sticho.
215 3142 254 3180 in
279 3141 436 3189 XXIV,
475 3139 661 3179 historias
690 3140 846 3178 Veteris
870 3143 910 3176 et
930 3138 1026 3177 Novi

57 3281 187 3314 rabulae
204 3289 285 3313 ansa
304 3280 381 3312 data
397 3277 502 3319 ,'vide
520 3280 677 3313 Hadriani
710 3280 825 3312 valesii
860 3278 1031 3310 vairsizin-‘i

59 3339 133 3371 pag.
156 3330 208 3362 48.

2018 221 2096 262 505

1136 286 1408 335 Testamenti,
1434 291 1474 325 et
1500 287 1672 327 Carmen
1701 291 1858 340 epicum
1889 290 1936 330 de
1972 292 2100 332 JESL'

1135 346 1292 387 Christi
1322 346 1531 400 beneficiis.
1558 351 1734 402 Utraque
1760 354 1798 390 in
1828 353 1984 404 Georgii
2025 356 2096 394 Fa-

1132 409 1242 448 bricii
1271 412 1402 450 l’oetis
1431 412 1668 452 Christianis
1692 419 1733 452 et
1765 415 1802 453 in
1841 416 2097 457 Bibliothecis

1132 472 1293 511 Patrum
1324 472 1439 512 obvia
1470 474 1654 525 vulgavit
1690 477 1810 514 etiam
1855 488 1948 516 cum
1989 482 2096 518 notis

1131 533 1313 573 Andreas
1342 536 1510 575 Rivinus
1540 538 1693 588 Lipsiae
1724 540 1853 588 4652,
1884 542 1919 579 8.
1953 541 2094 593 juncta

1132 598 1339 646 poematiis
1370 609 1446 636 non
1477 598 1684 638 dissimilis
1723 605 1949 652 argumenti
1985 609 2095 644 vete-

1132 670 1221 697 rum
1265 660 1504 710 scriptorum
1550 661 1772 712 Lactantii,
1811 663 2093 715 Merobaudis,

1131 719 1282 758 Incerti
1316 725 1356 758 et
1379 721 1572 771 Amoeni,
1600 725 1685 761 sive
1715 726 1933 765 Prudentii.
1958 729 2095 767 Tristi-

1130 781 1203 819 cha
1226 782 1302 829 illa,
1324 782 1483 820 Barthio
1499 783 1805 835 Histoi-tarium,
1823 790 2093 830 cumAmoeni

1130 843 1347 882 enchiridio
1376 850 1540 884 exstant
1569 848 1687 885 etiam
1721 850 1757 885 in
1787 849 1964 890 Goldasti
2014 866 2095 893 ma-

1131 905 1235 943 nuali
1274 906 1419 945 Biblico
1461 908 1705 947 Francofurti
1749 912 1880 959 4640,
1921 915 1956 952 8.
1996 916 2093 955 Vide

1129 968 1291 1017 Leyseri
1317 967 1525 1008 historiam
1555 975 1704 1021 poetar.
1732 973 1850 1011 medii
1890 980 1977 1014 aevi
2006 989 2091 1029 pag.

1128 1028 1204 1079 74,
1230 1040 1289 1080 sq.
1325 1031 1531 1070 Intercidit
1569 1032 1657 1084 ejus
1691 1035 1941 1087 Consolatio,
1977 1040 2093 1089 eujus

1131 1093 1377 1131 mentionem
1409 1094 1501 1133 facit
1527 1097 1564 1133 in
1596 1098 1783 1137 Carmine
1814 1111 1851 1138 ν.
1885 1101 1948 1140 45.

1123 1162 1208 1193 Hinc
1231 1164 1331 1193 etlam
1356 1168 1470 1196 nostro
1495 1170 1618 1205 nugata
1644 1172 1692 1199 est
1717 1169 1850 1201 schema
1870 1171 1978 1203 dolori

1123 1212 1262 1242 Garrula
1284 1213 1453 1245 mendosis
1471 1216 1598 1255 tingens
1615 1221 1817 1257 satyromata
1834 1223 1936 1253 Musis

1126 1260 1266 1293 Falleret
1290 1267 1327 1294 ut
1348 1264 1502 1304 trepidos
1525 1269 1693 1299 cantatrix
1712 1272 1836 1309 pagina
1856 1276 1997 1310 questus
2015 1278 2079 1307 etc.

1179 1318 1414 1361 Aleoeaizder
1432 1323 1478 1362 de
1508 1325 1546 1363 S.
1571 1327 1785 1374 ELPIDIO,
1810 1340 1950 1381 supra,
1974 1332 2094 1372 ALE-

1124 1381 1359 1432 XANDER,
1385 1389 1479 1424 tom.
1506 1389 1540 1426 4.
1576 1399 1663 1439 pag.
1702 1391 1764 1428 60.
1795 1391 1894 1442 Ejus
1932 1396 2092 1446 scriptis

1126 1444 1307 1485 addenda
1347 1448 1559 1500 Eoepositio
1594 1452 1806 1504 Evanyelii
1830 1456 1871 1494 S.
1899 1456 2093 1498 Johannis

1124 1518 1215 1545 cum
1240 1511 1465 1562 compendio
1491 1512 1688 1553 librorum
1711 1517 1754 1554 B.
1793 1517 2011 1569 Auyustini
2041 1520 2089 1560 de

1126 1568 1295 1609 Ciuitate
1333 1573 1450 1621 DEI,
1485 1574 1533 1613 ad
1581 1577 1837 1617 Franciscum
1873 1580 2088 1622 Gaitanum

1123 1632 1391 1674 Cardinalem.
1410 1638 1488 1676 MS.
1516 1639 1553 1675 in
1575 1638 1818 1679 Bibliotheca
1841 1642 1960 1693 Regia
1984 1645 2088 1683 Pari-

1122 1695 1256 1733 siensi.
1282 1697 1380 1737 Vide
1396 1699 1586 1739 Oudinun
1612 1706 1707 1739 tom.
1733 1704 1768 1741 3.
1790 1714 1878 1754 pag.
1904 1705 1995 1744 882.

1171 1756 1316 1797 ELPIS
1340 1772 1440 1799 uxor
1463 1762 1615 1802 Boethii
1635 1764 1711 1802 An.
1751 1765 1827 1804 524
1864 1767 2084 1817 interfecti,

1123 1818 1279 1858 erudita
1304 1826 1344 1859 et
1368 1824 1518 1863 virtute
1534 1837 1580 1864 ac
1605 1826 1682 1865 fide
1707 1828 1744 1865 in
1764 1830 1952 1868 maritum
1976 1843 2089 1882 prae·—

1124 1884 1305 1921 stantiss.
1331 1885 1500 1925 foemina
1525 1887 1695 1927 traditur
1718 1893 1990 1940 composuisse
2020 1891 2088 1944 hy-

1116 1954 1251 1983 mnum
1274 1945 1470 1998 duplicem
1494 1951 1531 1987 in
1552 1951 1712 1989 Petrum
1734 1956 1774 1990 et
1794 1953 1957 1992 Paulum
1980 1955 2083 2006 Apo-

1112 2008 1236 2046 stolos
1255 2039 1262 2056 ,
1284 2021 1333 2048 ex
1359 2012 1505 2060 quibus
1526 2014 1631 2063 prior
1652 2015 1788 2064 incipit
1807 2028 1814 2053 :
1838 2014 1978 2055 Aurea
1998 2016 2084 2056 luce

1112 2075 1151 2107 et
1174 2069 1314 2109 decore
1337 2083 1464 2112 resec.
1507 2075 1643 2113 Alter:
1686 2075 1807 2114 Feliac
1833 2089 1910 2128 per
1947 2090 2079 2118 omnes

1109 2130 1256 2182 festum
1286 2134 1428 2173 Mundi
1461 2136 1660 2176 cardines.
1693 2138 1857 2188 Utrique
1886 2140 2081 2192 Georgius

1110 2194 1337 2234 Cassander
1360 2197 1491 2236 locum
1516 2198 1625 2237 dedit
1658 2201 1762 2238 inter
1799 2201 1973 2251 hymnos
2007 2204 2082 2242 Ec*

1109 2256 1380 2307 clesiasticos,
1411 2271 1512 2311 quos
1542 2262 1684 2312 selegit
1721 2262 1924 2314 ediditque
1965 2265 2080 2304 Anno

1105 2319 1220 2358 4556.
1238 2332 1402 2361 recusos
1421 2322 1565 2362 deinde
1591 2325 1629 2362 in
1655 2323 1743 2374 ejus
1767 2324 1966 2375 Operibus
1990 2339 2076 2379 pag.

1108 2381 1213 2429 264,
1239 2383 1328 2423 265.
1355 2386 1515 2424 Parisiis
1541 2387 1642 2426 4626
1666 2418 1673 2435 ,
1699 2388 1762 2425 fol.
1796 2388 1894 2426 Vide
1932 2390 2081 2441 Mongi-

1110 2445 1205 2483 toris
1237 2445 1335 2484 Bibl.
1362 2447 1537 2486 Siculam
1569 2453 1665 2486 tom.
1693 2451 1727 2488 4.
1756 2449 1843 2488 474.

1161 2507 1338 2547 ELPRIC
1348 2509 1432 2558 US,
1459 2508 1720 2561 Chilpericus‚
1742 2510 1984 2563 Helpericus’,
2002 2517 2079 2553 Mo-

1111 2568 1276 2618 nachuS‚
1293 2569 1408 2620 cujus
1425 2573 1606 2621 quaestio
1624 2585 1632 2620 3
1654 2572 1738 2611 Cur
1763 2573 1958 2613 Natalitz'a
1975 2577 2078 2616 San-

1110 2634 1264 2669 ctorum
1294 2631 1335 2670 in
1355 2631 1506 2671 laetitia
1524 2664 1534 2680 ‚
1562 2635 1789 2673 Parasceve
1814 2647 1908 2675 vero
1934 2638 1973 2675 in
2005 2640 2077 2677 tri-

1110 2693 1218 2732 stitia
1241 2692 1483 2732 celebremus
1498 2694 1518 2731 P
1541 2695 1588 2733 ad
1614 2696 1829 2734 Alcuinum
1844 2727 1850 2744 ‚
1868 2698 2014 2750 legitur
2037 2704 2073 2740 in

1112 2755 1232 2806 hujus
1252 2756 1351 2794 libro
1372 2756 1420 2794 de
1439 2757 1594 2794 Divinis
1612 2757 1775 2807 Officiis,
1796 2760 1899 2798 inter
1917 2762 2073 2802 Alcuini

1108 2817 1234 2868 Opera
1266 2829 1351 2868 pag.
1380 2819 1393 2856 4
1407 2818 1520 2857 osi-l
1534 2819 1622 2858 058.

1160 2880 1405 2929 ELREDUS,
1429 2891 1561 2931 supra,
1585 2882 1854 2924 EALREDUS
1877 2890 1916 2923 et
1938 2886 2073 2925 ADlL-

1106 2941 1288 2981 AEDUS.

1155 3004 1472 3044 ELSWARDUS
1491 3036 1499 3052 ‚
1522 3007 1619 3045 infra
1636 3037 1644 3055 ,
1668 3008 2071 3050 ETHELWERDUS.

1156 3066 1390 3106 ELVANUS
1416 3067 1635 3107 Avalonius
1660 3071 1764 3108 inter
1785 3073 1933 3120 primos
1960 3073 2071 3112 Chri-

1103 3129 1254 3166 stianos
1275 3129 1464 3168 Doctores
1490 3133 1527 3168 in
1565 3133 1764 3170 Britannia
1783 3165 1792 3181 ‚
1824 3134 2011 3174 laudatus
2048 3138 2070 3175 a

1103 3189 1240 3238 Gilda,
1271 3190 1467 3230 Matthaeo
1506 3193 1929 3234 westmonasteriensi
1967 3199 2070 3237 circa

1103 3252 1147 3291 A.
1174 3253 1215 3291 C.
1246 3254 1318 3292 456
1344 3258 1383 3291 ct
1417 3254 1587 3292 Lelando
1614 3268 1647 3293 c.
1675 3257 1723 3295 43
1752 3256 1800 3295 de
1830 3259 2069 3299 Britannicis

1104 3315 1364 3365 scriptoribus
1390 3315 1488 3365 Ejus
1516 3315 1657 3355 librum
1681 3316 1726 3356 (le
1752 3319 1903 3370 origyine
1941 3321 2068 3362 Eccle-

1667 3399 1688 3431 (ἶ
1698 3397 1716 3435 ἰ,
