<?xml version="1.0" encoding="UTF-8"?>
<!DOCTYPE html PUBLIC "-//W3C//DTD XHTML 1.0 Transitional//EN"
    "http://www.w3.org/TR/xhtml1/DTD/xhtml1-transitional.dtd">
<html xmlns="http://www.w3.org/1999/xhtml" xml:lang="en" lang="en">
 <head>
  <title>
</title>
<meta http-equiv="Content-Type" content="text/html;charset=utf-8" />
  <meta name='ocr-system' content='tesseract 3.04.00' />
  <meta name='ocr-capabilities' content='ocr_page ocr_carea ocr_par ocr_line ocrx_word'/>
</head>
<body>
  <div class='ocr_page' id='page_1' title='image "./bibliothecalatin01fabruoft_0439.png"; bbox 0 0 2500 3841; ppageno 0'>
   <div class='ocr_carea' id='block_1_1' title="bbox 839 237 1316 278">
    <p class='ocr_par' dir='ltr' id='par_1_1' title="bbox 839 237 1316 278">
     <span class='ocr_line' id='line_1_1' title="bbox 839 237 1316 278; baseline 0.002 -1"><span class='ocrx_word' id='word_1_1' title='bbox 839 237 1316 278; x_wconf 85' lang='lat' dir='ltr'>CRESCONIUS</span> 
     </span>
    </p>
   </div>
   <div class='ocr_carea' id='block_1_2' title="bbox 71 304 1047 3163">
    <p class='ocr_par' dir='ltr' id='par_1_2' title="bbox 71 304 1047 3163">
     <span class='ocr_line' id='line_1_2' title="bbox 90 304 1042 355; baseline 0 -7"><span class='ocrx_word' id='word_1_2' title='bbox 90 310 214 355; x_wconf 74' lang='grc'>4588,</span> <span class='ocrx_word' id='word_1_3' title='bbox 239 308 274 344; x_wconf 92' lang='grc'>8.</span> <span class='ocrx_word' id='word_1_4' title='bbox 305 305 447 344; x_wconf 88' lang='lat' dir='ltr'>deinde</span> <span class='ocrx_word' id='word_1_5' title='bbox 475 304 524 343; x_wconf 85' lang='lat' dir='ltr'>ad</span> <span class='ocrx_word' id='word_1_6' title='bbox 554 305 702 344; x_wconf 78' lang='lat' dir='ltr'>calcem</span> <span class='ocrx_word' id='word_1_7' title='bbox 733 307 888 346; x_wconf 81' lang='lat' dir='ltr'>Codicis</span> <span class='ocrx_word' id='word_1_8' title='bbox 917 309 1042 348; x_wconf 88' lang='lat' dir='ltr'>Cano-</span> 
     </span>
     <span class='ocr_line' id='line_1_3' title="bbox 87 368 1042 415; baseline 0 -6"><span class='ocrx_word' id='word_1_9' title='bbox 87 380 182 409; x_wconf 92' lang='lat' dir='ltr'>num</span> <span class='ocrx_word' id='word_1_10' title='bbox 207 369 409 408; x_wconf 86' lang='lat' dir='ltr'>Ecclesiae</span> <span class='ocrx_word' id='word_1_11' title='bbox 446 368 645 406; x_wconf 84' lang='lat' dir='ltr'>Romanae</span> <span class='ocrx_word' id='word_1_12' title='bbox 662 398 671 415; x_wconf 96' lang='lat'>,</span> <span class='ocrx_word' id='word_1_13' title='bbox 709 368 799 407; x_wconf 91' lang='lat' dir='ltr'>ibid.</span> <span class='ocrx_word' id='word_1_14' title='bbox 839 371 966 413; x_wconf 80' lang='grc'>4609,</span> <span class='ocrx_word' id='word_1_15' title='bbox 1006 372 1042 409; x_wconf 92' lang='grc'>8.</span> 
     </span>
     <span class='ocr_line' id='line_1_4' title="bbox 84 429 1042 482; baseline 0.001 -11"><span class='ocrx_word' id='word_1_16' title='bbox 84 432 180 471; x_wconf 89' lang='lat' dir='ltr'>Inde</span> <span class='ocrx_word' id='word_1_17' title='bbox 202 442 294 470; x_wconf 92' lang='lat' dir='ltr'>cum</span> <span class='ocrx_word' id='word_1_18' title='bbox 318 429 500 481; x_wconf 79' lang='lat' dir='ltr'><em>Dionysii</em></span> <span class='ocrx_word' id='word_1_19' title='bbox 520 429 679 481; x_wconf 69' lang='lat' dir='ltr'>Enciyui</span> <span class='ocrx_word' id='word_1_20' title='bbox 700 432 709 477; x_wconf 83' lang='lat'>(</span> <span class='ocrx_word' id='word_1_21' title='bbox 727 432 830 470; x_wconf 87' lang='lat' dir='ltr'>circa</span> <span class='ocrx_word' id='word_1_22' title='bbox 845 432 918 471; x_wconf 91' lang='lat' dir='ltr'>An.</span> <span class='ocrx_word' id='word_1_23' title='bbox 941 435 1042 482; x_wconf 84' lang='lat'>500.)</span> 
     </span>
     <span class='ocr_line' id='line_1_5' title="bbox 83 493 1046 534; baseline 0.001 -1"><span class='ocrx_word' id='word_1_24' title='bbox 83 493 227 533; x_wconf 83' lang='lat' dir='ltr'>Codice</span> <span class='ocrx_word' id='word_1_25' title='bbox 250 494 457 532; x_wconf 90' lang='lat' dir='ltr'>Canonum</span> <span class='ocrx_word' id='word_1_26' title='bbox 474 493 843 533; x_wconf 88' lang='lat' dir='ltr'>Ecclesiasticorum</span> <span class='ocrx_word' id='word_1_27' title='bbox 869 495 1046 534; x_wconf 88' lang='lat' dir='ltr'>Christo-</span> 
     </span>
     <span class='ocr_line' id='line_1_6' title="bbox 81 555 1043 609; baseline 0.002 -14"><span class='ocrx_word' id='word_1_28' title='bbox 81 557 230 608; x_wconf 90' lang='lat' dir='ltr'>phorus</span> <span class='ocrx_word' id='word_1_29' title='bbox 248 555 443 594; x_wconf 89' lang='lat' dir='ltr'>Justellus</span> <span class='ocrx_word' id='word_1_30' title='bbox 460 585 467 603; x_wconf 96' lang='lat'>,</span> <span class='ocrx_word' id='word_1_31' title='bbox 489 556 609 594; x_wconf 89' lang='lat' dir='ltr'>Paris.</span> <span class='ocrx_word' id='word_1_32' title='bbox 634 557 736 595; x_wconf 73' lang='lat'>4628</span> <span class='ocrx_word' id='word_1_33' title='bbox 756 588 762 605; x_wconf 84' lang='lat'>,</span> <span class='ocrx_word' id='word_1_34' title='bbox 781 558 818 595; x_wconf 88' lang='grc'>8.</span> <span class='ocrx_word' id='word_1_35' title='bbox 832 559 929 597; x_wconf 89' lang='lat' dir='ltr'>Hinc</span> <span class='ocrx_word' id='word_1_36' title='bbox 955 564 1043 609; x_wconf 87' lang='lat' dir='ltr'>post</span> 
     </span>
     <span class='ocr_line' id='line_1_7' title="bbox 80 617 1043 668; baseline 0.001 -10"><span class='ocrx_word' id='word_1_37' title='bbox 80 618 242 658; x_wconf 79' lang='lat' dir='ltr'>Antonii</span> <span class='ocrx_word' id='word_1_38' title='bbox 261 618 431 657; x_wconf 89' lang='lat' dir='ltr'>Dandini</span> <span class='ocrx_word' id='word_1_39' title='bbox 455 617 682 657; x_wconf 87' lang='lat' dir='ltr'>Alteserrae</span> <span class='ocrx_word' id='word_1_40' title='bbox 710 619 857 668; x_wconf 88' lang='lat' dir='ltr'>(Flavii</span> <span class='ocrx_word' id='word_1_41' title='bbox 887 621 1043 659; x_wconf 86' lang='lat' dir='ltr'>Franci-</span> 
     </span>
     <span class='ocr_line' id='line_1_8' title="bbox 79 681 1040 732; baseline 0 -11"><span class='ocrx_word' id='word_1_42' title='bbox 79 682 136 721; x_wconf 90' lang='lat' dir='ltr'>sci</span> <span class='ocrx_word' id='word_1_43' title='bbox 160 681 209 720; x_wconf 91' lang='lat' dir='ltr'>de</span> <span class='ocrx_word' id='word_1_44' title='bbox 232 681 470 719; x_wconf 87' lang='lat' dir='ltr'>Hauteserre</span> <span class='ocrx_word' id='word_1_45' title='bbox 493 692 515 719; x_wconf 87' lang='lat' dir='ltr'>a</span> <span class='ocrx_word' id='word_1_46' title='bbox 540 682 778 730; x_wconf 88' lang='lat' dir='ltr'>Salvaizon)</span> <span class='ocrx_word' id='word_1_47' title='bbox 801 682 1014 721; x_wconf 79' lang='lat' dir='ltr'>editionem</span> <span class='ocrx_word' id='word_1_48' title='bbox 1033 714 1040 732; x_wconf 91' lang='lat'>,</span> 
     </span>
     <span class='ocr_line' id='line_1_9' title="bbox 81 742 1043 785; baseline 0.001 -2"><span class='ocrx_word' id='word_1_49' title='bbox 81 754 171 783; x_wconf 88' lang='lat' dir='ltr'>cum</span> <span class='ocrx_word' id='word_1_50' title='bbox 195 744 301 781; x_wconf 88' lang='lat' dir='ltr'>notis</span> <span class='ocrx_word' id='word_1_51' title='bbox 323 747 364 782; x_wconf 84' lang='lat' dir='ltr'>et</span> <span class='ocrx_word' id='word_1_52' title='bbox 385 742 654 782; x_wconf 86' lang='lat' dir='ltr'>FULGENTII</span> <span class='ocrx_word' id='word_1_53' title='bbox 679 744 930 783; x_wconf 74' lang='lat' dir='ltr'>FERRANDI</span> <span class='ocrx_word' id='word_1_54' title='bbox 956 745 1043 785; x_wconf 80' lang='lat' dir='ltr'>bre—</span> 
     </span>
     <span class='ocr_line' id='line_1_10' title="bbox 80 804 1041 857; baseline 0.002 -13"><span class='ocrx_word' id='word_1_55' title='bbox 80 807 276 853; x_wconf 87' lang='lat' dir='ltr'>viatione,</span> <span class='ocrx_word' id='word_1_56' title='bbox 300 804 547 856; x_wconf 85' lang='lat' dir='ltr'>Augustoriti</span> <span class='ocrx_word' id='word_1_57' title='bbox 567 807 774 846; x_wconf 86' lang='lat' dir='ltr'>Pictonum</span> <span class='ocrx_word' id='word_1_58' title='bbox 793 809 896 846; x_wconf 92' lang='grc'>4630</span> <span class='ocrx_word' id='word_1_59' title='bbox 917 839 924 857; x_wconf 88' lang='grc'>,</span> <span class='ocrx_word' id='word_1_60' title='bbox 943 809 976 846; x_wconf 75' lang='lat'>4.</span> <span class='ocrx_word' id='word_1_61' title='bbox 999 809 1041 847; x_wconf 91' lang='lat' dir='ltr'>ln</span> 
     </span>
     <span class='ocr_line' id='line_1_11' title="bbox 80 867 1043 920; baseline 0.001 -12"><span class='ocrx_word' id='word_1_62' title='bbox 80 879 159 918; x_wconf 91' lang='lat' dir='ltr'>qua</span> <span class='ocrx_word' id='word_1_63' title='bbox 201 867 400 907; x_wconf 85' lang='lat' dir='ltr'>indiculus</span> <span class='ocrx_word' id='word_1_64' title='bbox 442 868 679 907; x_wconf 88' lang='lat' dir='ltr'>breviationi</span> <span class='ocrx_word' id='word_1_65' title='bbox 722 871 913 920; x_wconf 86' lang='lat' dir='ltr'>antiquus</span> <span class='ocrx_word' id='word_1_66' title='bbox 951 880 1043 909; x_wconf 87' lang='lat' dir='ltr'>cum</span> 
     </span>
     <span class='ocr_line' id='line_1_12' title="bbox 84 931 1047 981; baseline 0.001 -12"><span class='ocrx_word' id='word_1_67' title='bbox 84 932 189 970; x_wconf 89' lang='lat' dir='ltr'>notis</span> <span class='ocrx_word' id='word_1_68' title='bbox 219 932 470 970; x_wconf 79' lang='lat' dir='ltr'>annectitur:</span> <span class='ocrx_word' id='word_1_69' title='bbox 503 935 544 969; x_wconf 90' lang='lat' dir='ltr'>et</span> <span class='ocrx_word' id='word_1_70' title='bbox 572 935 662 981; x_wconf 87' lang='lat' dir='ltr'>post</span> <span class='ocrx_word' id='word_1_71' title='bbox 699 931 913 970; x_wconf 84' lang='lat' dir='ltr'>editionem</span> <span class='ocrx_word' id='word_1_72' title='bbox 945 933 1047 970; x_wconf 89' lang='lat' dir='ltr'>Petri</span> 
     </span>
     <span class='ocr_line' id='line_1_13' title="bbox 77 992 1046 1043; baseline 0 -11"><span class='ocrx_word' id='word_1_73' title='bbox 77 994 278 1033; x_wconf 82' lang='lat' dir='ltr'>Francisci</span> <span class='ocrx_word' id='word_1_74' title='bbox 307 992 477 1033; x_wconf 85' lang='lat' dir='ltr'>Chissetii</span> <span class='ocrx_word' id='word_1_75' title='bbox 507 994 542 1031; x_wconf 90' lang='lat' dir='ltr'>J.</span> <span class='ocrx_word' id='word_1_76' title='bbox 572 994 611 1032; x_wconf 92' lang='lat' dir='ltr'>S.</span> <span class='ocrx_word' id='word_1_77' title='bbox 651 995 816 1032; x_wconf 89' lang='lat' dir='ltr'>Divione</span> <span class='ocrx_word' id='word_1_78' title='bbox 848 994 978 1043; x_wconf 69' lang='grc'>4619,</span> <span class='ocrx_word' id='word_1_79' title='bbox 1012 996 1046 1033; x_wconf 81' lang='lat'>4.</span> 
     </span>
     <span class='ocr_line' id='line_1_14' title="bbox 76 1055 1041 1104; baseline 0.001 -11"><span class='ocrx_word' id='word_1_80' title='bbox 76 1055 327 1094; x_wconf 84' lang='lat' dir='ltr'>emendatius</span> <span class='ocrx_word' id='word_1_81' title='bbox 357 1067 544 1095; x_wconf 89' lang='lat' dir='ltr'>recusum</span> <span class='ocrx_word' id='word_1_82' title='bbox 574 1060 636 1094; x_wconf 88' lang='lat' dir='ltr'>est</span> <span class='ocrx_word' id='word_1_83' title='bbox 660 1056 695 1104; x_wconf 74' lang='lat' dir='ltr'>b)</span> <span class='ocrx_word' id='word_1_84' title='bbox 727 1057 800 1094; x_wconf 91' lang='lat' dir='ltr'>hoc</span> <span class='ocrx_word' id='word_1_85' title='bbox 829 1056 1041 1095; x_wconf 89' lang='lat' dir='ltr'>Cresconii</span> 
     </span>
     <span class='ocr_line' id='line_1_15' title="bbox 77 1118 1044 1170; baseline 0.001 -14"><span class='ocrx_word' id='word_1_86' title='bbox 77 1118 317 1157; x_wconf 90' lang='lat' dir='ltr'>breviarium</span> <span class='ocrx_word' id='word_1_87' title='bbox 337 1119 375 1156; x_wconf 94' lang='lat' dir='ltr'>in</span> <span class='ocrx_word' id='word_1_88' title='bbox 397 1123 503 1157; x_wconf 89' lang='lat' dir='ltr'>tomo</span> <span class='ocrx_word' id='word_1_89' title='bbox 524 1120 652 1170; x_wconf 89' lang='lat' dir='ltr'>priore</span> <span class='ocrx_word' id='word_1_90' title='bbox 675 1118 944 1158; x_wconf 85' lang='lat' dir='ltr'>Bibliothecae</span> <span class='ocrx_word' id='word_1_91' title='bbox 968 1119 1044 1157; x_wconf 91' lang='lat' dir='ltr'>Ca-</span> 
     </span>
     <span class='ocr_line' id='line_1_16' title="bbox 77 1180 1037 1232; baseline 0.001 -15"><span class='ocrx_word' id='word_1_92' title='bbox 77 1181 240 1219; x_wconf 88' lang='lat' dir='ltr'>nonicae</span> <span class='ocrx_word' id='word_1_93' title='bbox 261 1180 364 1220; x_wconf 91' lang='lat' dir='ltr'>Guil.</span> <span class='ocrx_word' id='word_1_94' title='bbox 383 1181 506 1220; x_wconf 89' lang='lat' dir='ltr'>Voelli</span> <span class='ocrx_word' id='word_1_95' title='bbox 527 1186 568 1219; x_wconf 92' lang='lat' dir='ltr'>et</span> <span class='ocrx_word' id='word_1_96' title='bbox 589 1182 746 1220; x_wconf 87' lang='lat' dir='ltr'>Henriei</span> <span class='ocrx_word' id='word_1_97' title='bbox 766 1182 786 1218; x_wconf 93' lang='lat' dir='ltr'>J</span> <span class='ocrx_word' id='word_1_98' title='bbox 792 1181 925 1220; x_wconf 89' lang='lat' dir='ltr'>ustelli</span> <span class='ocrx_word' id='word_1_99' title='bbox 950 1193 1037 1232; x_wconf 89' lang='lat' dir='ltr'>pag.</span> 
     </span>
     <span class='ocr_line' id='line_1_17' title="bbox 79 1243 1039 1294; baseline 0.001 -14"><span class='ocrx_word' id='word_1_100' title='bbox 79 1243 166 1281; x_wconf 79' lang='grc'>458.</span> <span class='ocrx_word' id='word_1_101' title='bbox 204 1244 324 1282; x_wconf 90' lang='lat' dir='ltr'>Paris.</span> <span class='ocrx_word' id='word_1_102' title='bbox 361 1243 477 1282; x_wconf 92' lang='grc'>4664.</span> <span class='ocrx_word' id='word_1_103' title='bbox 510 1243 573 1282; x_wconf 88' lang='lat' dir='ltr'>fol.</span> <span class='ocrx_word' id='word_1_104' title='bbox 611 1243 678 1282; x_wconf 92' lang='lat' dir='ltr'>ubi</span> <span class='ocrx_word' id='word_1_105' title='bbox 707 1243 830 1281; x_wconf 89' lang='lat' dir='ltr'>etiam</span> <span class='ocrx_word' id='word_1_106' title='bbox 861 1243 1039 1294; x_wconf 88' lang='lat' dir='ltr'>duplices</span> 
     </span>
     <span class='ocr_line' id='line_1_18' title="bbox 78 1304 1040 1345; baseline 0.002 -3"><span class='ocrx_word' id='word_1_107' title='bbox 78 1305 228 1345; x_wconf 90' lang='lat' dir='ltr'>indices</span> <span class='ocrx_word' id='word_1_108' title='bbox 251 1305 469 1344; x_wconf 85' lang='lat' dir='ltr'>harmonici</span> <span class='ocrx_word' id='word_1_109' title='bbox 491 1306 530 1343; x_wconf 92' lang='lat' dir='ltr'>in</span> <span class='ocrx_word' id='word_1_110' title='bbox 547 1304 794 1344; x_wconf 90' lang='lat' dir='ltr'>Ferrandum</span> <span class='ocrx_word' id='word_1_111' title='bbox 822 1310 862 1344; x_wconf 87' lang='lat' dir='ltr'>et</span> <span class='ocrx_word' id='word_1_112' title='bbox 879 1306 1040 1345; x_wconf 88' lang='lat' dir='ltr'>Cresco-</span> 
     </span>
     <span class='ocr_line' id='line_1_19' title="bbox 76 1366 1040 1418; baseline 0.002 -14"><span class='ocrx_word' id='word_1_113' title='bbox 76 1368 186 1405; x_wconf 88' lang='lat' dir='ltr'>nium</span> <span class='ocrx_word' id='word_1_114' title='bbox 215 1372 400 1415; x_wconf 83' lang='lat' dir='ltr'>exstant,</span> <span class='ocrx_word' id='word_1_115' title='bbox 429 1372 470 1406; x_wconf 88' lang='lat' dir='ltr'>et</span> <span class='ocrx_word' id='word_1_116' title='bbox 498 1368 539 1405; x_wconf 94' lang='lat' dir='ltr'>in</span> <span class='ocrx_word' id='word_1_117' title='bbox 577 1366 795 1417; x_wconf 85' lang='lat' dir='ltr'>appendice</span> <span class='ocrx_word' id='word_1_118' title='bbox 837 1372 1040 1418; x_wconf 80' lang='lat' dir='ltr'>praeterea</span> 
     </span>
     <span class='ocr_line' id='line_1_20' title="bbox 76 1428 1043 1480; baseline 0.001 -13"><span class='ocrx_word' id='word_1_119' title='bbox 76 1440 164 1479; x_wconf 81' lang='lat' dir='ltr'>pag.</span> <span class='ocrx_word' id='word_1_120' title='bbox 188 1429 344 1468; x_wconf 76' lang='grc'>33-442</span> <span class='ocrx_word' id='word_1_121' title='bbox 375 1428 557 1480; x_wconf 85' lang='lat' dir='ltr'>ejusdem</span> <span class='ocrx_word' id='word_1_122' title='bbox 588 1430 792 1469; x_wconf 89' lang='lat' dir='ltr'>Cresconii</span> <span class='ocrx_word' id='word_1_123' title='bbox 824 1429 1043 1469; x_wconf 77' lang='lat' dir='ltr'>Concordia</span> 
     </span>
     <span class='ocr_line' id='line_1_21' title="bbox 84 1491 1042 1542; baseline 0.001 -12"><span class='ocrx_word' id='word_1_124' title='bbox 84 1491 290 1530; x_wconf 86' lang='lat' dir='ltr'>Canonum</span> <span class='ocrx_word' id='word_1_125' title='bbox 305 1521 314 1540; x_wconf 95' lang='lat'>,</span> <span class='ocrx_word' id='word_1_126' title='bbox 332 1492 517 1530; x_wconf 90' lang='lat' dir='ltr'>Canones</span> <span class='ocrx_word' id='word_1_127' title='bbox 537 1492 644 1542; x_wconf 89' lang='lat' dir='ltr'>ipsos</span> <span class='ocrx_word' id='word_1_128' title='bbox 663 1497 703 1530; x_wconf 87' lang='lat' dir='ltr'>et</span> <span class='ocrx_word' id='word_1_129' title='bbox 723 1491 881 1531; x_wconf 86' lang='lat' dir='ltr'>decreta</span> <span class='ocrx_word' id='word_1_130' title='bbox 904 1493 1042 1531; x_wconf 88' lang='lat' dir='ltr'>eodem</span> 
     </span>
     <span class='ocr_line' id='line_1_22' title="bbox 76 1552 1044 1606; baseline 0.002 -16"><span class='ocrx_word' id='word_1_131' title='bbox 76 1552 214 1591; x_wconf 87' lang='lat' dir='ltr'>ordine</span> <span class='ocrx_word' id='word_1_132' title='bbox 237 1565 308 1604; x_wconf 90' lang='lat' dir='ltr'>per</span> <span class='ocrx_word' id='word_1_133' title='bbox 330 1554 469 1593; x_wconf 88' lang='lat' dir='ltr'>titulos</span> <span class='ocrx_word' id='word_1_134' title='bbox 487 1559 692 1593; x_wconf 86' lang='lat' dir='ltr'>trecentos</span> <span class='ocrx_word' id='word_1_135' title='bbox 712 1554 911 1606; x_wconf 89' lang='lat' dir='ltr'>descripta</span> <span class='ocrx_word' id='word_1_136' title='bbox 934 1555 1044 1594; x_wconf 80' lang='lat' dir='ltr'>exhi-</span> 
     </span>
     <span class='ocr_line' id='line_1_23' title="bbox 72 1615 1040 1658; baseline 0.005 -5"><span class='ocrx_word' id='word_1_137' title='bbox 72 1615 173 1654; x_wconf 84' lang='lat' dir='ltr'>bens</span> <span class='ocrx_word' id='word_1_138' title='bbox 197 1627 248 1654; x_wconf 84' lang='lat' dir='ltr'>ex</span> <span class='ocrx_word' id='word_1_139' title='bbox 272 1616 415 1656; x_wconf 87' lang='lat' dir='ltr'>Codice</span> <span class='ocrx_word' id='word_1_140' title='bbox 451 1617 530 1655; x_wconf 89' lang='lat' dir='ltr'>MS.</span> <span class='ocrx_word' id='word_1_141' title='bbox 568 1617 666 1655; x_wconf 87' lang='lat' dir='ltr'>Bibl.</span> <span class='ocrx_word' id='word_1_142' title='bbox 705 1617 1040 1658; x_wconf 85' lang='lat' dir='ltr'>Claromontanae</span> 
     </span>
     <span class='ocr_line' id='line_1_24' title="bbox 75 1677 1039 1732; baseline 0.005 -17"><span class='ocrx_word' id='word_1_143' title='bbox 75 1677 112 1716; x_wconf 88' lang='lat' dir='ltr'>S.</span> <span class='ocrx_word' id='word_1_144' title='bbox 136 1678 170 1715; x_wconf 85' lang='lat' dir='ltr'>J.</span> <span class='ocrx_word' id='word_1_145' title='bbox 200 1678 402 1718; x_wconf 89' lang='lat' dir='ltr'>Recusum</span> <span class='ocrx_word' id='word_1_146' title='bbox 431 1678 574 1718; x_wconf 90' lang='lat' dir='ltr'>deinde</span> <span class='ocrx_word' id='word_1_147' title='bbox 600 1680 849 1718; x_wconf 89' lang='lat' dir='ltr'>Breviarium</span> <span class='ocrx_word' id='word_1_148' title='bbox 879 1692 1039 1732; x_wconf 87' lang='lat' dir='ltr'>quoque</span> 
     </span>
     <span class='ocr_line' id='line_1_25' title="bbox 78 1740 1037 1793; baseline 0.004 -15"><span class='ocrx_word' id='word_1_149' title='bbox 78 1742 115 1778; x_wconf 89' lang='lat' dir='ltr'>in</span> <span class='ocrx_word' id='word_1_150' title='bbox 139 1740 380 1780; x_wconf 86' lang='lat' dir='ltr'>Bibliotheca</span> <span class='ocrx_word' id='word_1_151' title='bbox 404 1743 568 1780; x_wconf 86' lang='lat' dir='ltr'>Patrum</span> <span class='ocrx_word' id='word_1_152' title='bbox 593 1740 688 1779; x_wconf 90' lang='lat' dir='ltr'>edit.</span> <span class='ocrx_word' id='word_1_153' title='bbox 715 1742 839 1793; x_wconf 83' lang='lat' dir='ltr'>Lugd.</span> <span class='ocrx_word' id='word_1_154' title='bbox 863 1747 958 1781; x_wconf 87' lang='lat' dir='ltr'>tom.</span> <span class='ocrx_word' id='word_1_155' title='bbox 984 1744 1037 1782; x_wconf 83' lang='lat' dir='ltr'>IX</span> 
     </span>
     <span class='ocr_line' id='line_1_26' title="bbox 74 1802 1037 1845; baseline 0.004 -4"><span class='ocrx_word' id='word_1_156' title='bbox 74 1814 124 1841; x_wconf 86' lang='lat' dir='ltr'>ex</span> <span class='ocrx_word' id='word_1_157' title='bbox 145 1802 317 1842; x_wconf 90' lang='lat' dir='ltr'>Chifletii</span> <span class='ocrx_word' id='word_1_158' title='bbox 340 1803 513 1842; x_wconf 89' lang='lat' dir='ltr'>editione</span> <span class='ocrx_word' id='word_1_159' title='bbox 531 1817 538 1842; x_wconf 87' lang='lat'>:</span> <span class='ocrx_word' id='word_1_160' title='bbox 560 1808 600 1842; x_wconf 92' lang='lat' dir='ltr'>et</span> <span class='ocrx_word' id='word_1_161' title='bbox 623 1815 673 1842; x_wconf 80' lang='lat' dir='ltr'>ex</span> <span class='ocrx_word' id='word_1_162' title='bbox 692 1804 841 1843; x_wconf 87' lang='lat' dir='ltr'>Pithoei</span> <span class='ocrx_word' id='word_1_163' title='bbox 866 1805 1037 1845; x_wconf 83' lang='lat' dir='ltr'>editione</span> 
     </span>
     <span class='ocr_line' id='line_1_27' title="bbox 74 1864 1035 1907; baseline 0.004 -4"><span class='ocrx_word' id='word_1_164' title='bbox 74 1876 166 1903; x_wconf 92' lang='lat' dir='ltr'>cum</span> <span class='ocrx_word' id='word_1_165' title='bbox 195 1864 338 1905; x_wconf 90' lang='lat' dir='ltr'>Codice</span> <span class='ocrx_word' id='word_1_166' title='bbox 367 1866 576 1905; x_wconf 90' lang='lat' dir='ltr'>Canonum</span> <span class='ocrx_word' id='word_1_167' title='bbox 605 1866 808 1905; x_wconf 89' lang='lat' dir='ltr'>Ecclesiae</span> <span class='ocrx_word' id='word_1_168' title='bbox 837 1868 1035 1907; x_wconf 86' lang='lat' dir='ltr'>Romanae</span> 
     </span>
     <span class='ocr_line' id='line_1_28' title="bbox 74 1927 1033 1981; baseline 0.003 -16"><span class='ocrx_word' id='word_1_169' title='bbox 74 1932 114 1966; x_wconf 87' lang='lat' dir='ltr'>et</span> <span class='ocrx_word' id='word_1_170' title='bbox 143 1928 246 1981; x_wconf 84' lang='lat' dir='ltr'>Petri</span> <span class='ocrx_word' id='word_1_171' title='bbox 273 1927 423 1966; x_wconf 90' lang='lat' dir='ltr'>Pithoei</span> <span class='ocrx_word' id='word_1_172' title='bbox 451 1928 714 1967; x_wconf 90' lang='lat' dir='ltr'>Miscellaneis</span> <span class='ocrx_word' id='word_1_173' title='bbox 740 1929 1033 1969; x_wconf 88' lang='lat' dir='ltr'>Ecclesiasticis</span> 
     </span>
     <span class='ocr_line' id='line_1_29' title="bbox 74 1990 1036 2041; baseline 0.003 -13"><span class='ocrx_word' id='word_1_174' title='bbox 74 2001 162 2041; x_wconf 86' lang='lat' dir='ltr'>pag.</span> <span class='ocrx_word' id='word_1_175' title='bbox 187 1991 276 2030; x_wconf 86' lang='grc'>346.</span> <span class='ocrx_word' id='word_1_176' title='bbox 302 1992 423 2029; x_wconf 88' lang='lat' dir='ltr'>Paris.</span> <span class='ocrx_word' id='word_1_177' title='bbox 455 1990 570 2030; x_wconf 89' lang='grc'>4687.</span> <span class='ocrx_word' id='word_1_178' title='bbox 602 1991 664 2029; x_wconf 90' lang='lat' dir='ltr'>fol.</span> <span class='ocrx_word' id='word_1_179' title='bbox 689 1992 734 2029; x_wconf 93' lang='lat' dir='ltr'>In</span> <span class='ocrx_word' id='word_1_180' title='bbox 755 1992 899 2031; x_wconf 89' lang='lat' dir='ltr'>Codice</span> <span class='ocrx_word' id='word_1_181' title='bbox 927 1993 1036 2032; x_wconf 82' lang='lat' dir='ltr'>Msto</span> 
     </span>
     <span class='ocr_line' id='line_1_30' title="bbox 73 2053 1033 2094; baseline 0.004 -4"><span class='ocrx_word' id='word_1_182' title='bbox 73 2054 235 2092; x_wconf 89' lang='lat' dir='ltr'>Patrum</span> <span class='ocrx_word' id='word_1_183' title='bbox 255 2054 422 2093; x_wconf 89' lang='lat' dir='ltr'>Oratorii</span> <span class='ocrx_word' id='word_1_184' title='bbox 442 2054 608 2092; x_wconf 89' lang='lat' dir='ltr'>Romani</span> <span class='ocrx_word' id='word_1_185' title='bbox 623 2053 720 2091; x_wconf 87' lang='lat' dir='ltr'>Bibl.</span> <span class='ocrx_word' id='word_1_186' title='bbox 736 2054 1033 2094; x_wconf 88' lang='lat' dir='ltr'>Valliscellanae</span> 
     </span>
     <span class='ocr_line' id='line_1_31' title="bbox 73 2115 1033 2167; baseline 0.001 -13"><span class='ocrx_word' id='word_1_187' title='bbox 73 2115 320 2155; x_wconf 86' lang='lat' dir='ltr'>Mabillonius</span> <span class='ocrx_word' id='word_1_188' title='bbox 341 2127 428 2167; x_wconf 90' lang='lat' dir='ltr'>pag.</span> <span class='ocrx_word' id='word_1_189' title='bbox 451 2116 512 2154; x_wconf 88' lang='lat'>69.</span> <span class='ocrx_word' id='word_1_190' title='bbox 536 2117 694 2155; x_wconf 89' lang='lat' dir='ltr'>Itineris</span> <span class='ocrx_word' id='word_1_191' title='bbox 715 2117 837 2155; x_wconf 89' lang='lat' dir='ltr'>Italici</span> <span class='ocrx_word' id='word_1_192' title='bbox 860 2121 1033 2157; x_wconf 87' lang='lat' dir='ltr'>testatur</span> 
     </span>
     <span class='ocr_line' id='line_1_32' title="bbox 75 2177 1031 2230; baseline 0.002 -14"><span class='ocrx_word' id='word_1_193' title='bbox 75 2177 176 2217; x_wconf 81' lang='lat' dir='ltr'>lianc</span> <span class='ocrx_word' id='word_1_194' title='bbox 199 2189 243 2217; x_wconf 90' lang='lat' dir='ltr'>se</span> <span class='ocrx_word' id='word_1_195' title='bbox 266 2180 464 2230; x_wconf 89' lang='lat' dir='ltr'>reperisse</span> <span class='ocrx_word' id='word_1_196' title='bbox 493 2183 655 2218; x_wconf 89' lang='lat' dir='ltr'>notam:</span> <span class='ocrx_word' id='word_1_197' title='bbox 680 2180 759 2217; x_wconf 82' lang='lat' dir='ltr'>Iste</span> <span class='ocrx_word' id='word_1_198' title='bbox 790 2180 1031 2219; x_wconf 82' lang='lat' dir='ltr'>Cresconius</span> 
     </span>
     <span class='ocr_line' id='line_1_33' title="bbox 77 2238 1034 2294; baseline 0.003 -16"><span class='ocrx_word' id='word_1_199' title='bbox 77 2238 178 2279; x_wconf 77' lang='lat' dir='ltr'>bella</span> <span class='ocrx_word' id='word_1_200' title='bbox 197 2243 236 2279; x_wconf 81' lang='lat' dir='ltr'>et</span> <span class='ocrx_word' id='word_1_201' title='bbox 252 2240 443 2280; x_wconf 80' lang='lat' dir='ltr'>victorias</span> <span class='ocrx_word' id='word_1_202' title='bbox 457 2253 561 2294; x_wconf 82' lang='lat' dir='ltr'>quas</span> <span class='ocrx_word' id='word_1_203' title='bbox 575 2241 777 2280; x_wconf 85' lang='lat' dir='ltr'>Johannes</span> <span class='ocrx_word' id='word_1_204' title='bbox 791 2243 880 2281; x_wconf 85' lang='lat' dir='ltr'>Des.</span> <span class='ocrx_word' id='word_1_205' title='bbox 901 2242 1034 2281; x_wconf 74' lang='lat' dir='ltr'>Patri-</span> 
     </span>
     <span class='ocr_line' id='line_1_34' title="bbox 75 2302 1034 2356; baseline 0.004 -16"><span class='ocrx_word' id='word_1_206' title='bbox 75 2302 160 2341; x_wconf 84' lang='lat' dir='ltr'>cius</span> <span class='ocrx_word' id='word_1_207' title='bbox 181 2303 293 2354; x_wconf 82' lang='lat' dir='ltr'>apud</span> <span class='ocrx_word' id='word_1_208' title='bbox 309 2302 493 2356; x_wconf 82' lang='lat' dir='ltr'>Africam</span> <span class='ocrx_word' id='word_1_209' title='bbox 516 2306 526 2355; x_wconf 83' lang='lat'>(</span> <span class='ocrx_word' id='word_1_210' title='bbox 540 2306 644 2343; x_wconf 90' lang='lat' dir='ltr'>circa</span> <span class='ocrx_word' id='word_1_211' title='bbox 666 2304 740 2344; x_wconf 87' lang='lat' dir='ltr'>An.</span> <span class='ocrx_word' id='word_1_212' title='bbox 763 2305 840 2342; x_wconf 87' lang='grc'>698</span> <span class='ocrx_word' id='word_1_213' title='bbox 859 2306 868 2352; x_wconf 92' lang='grc'>)</span> <span class='ocrx_word' id='word_1_214' title='bbox 894 2304 940 2343; x_wconf 90' lang='lat' dir='ltr'>de</span> <span class='ocrx_word' id='word_1_215' title='bbox 960 2306 1034 2344; x_wconf 84' lang='lat' dir='ltr'>Sa-</span> 
     </span>
     <span class='ocr_line' id='line_1_35' title="bbox 74 2364 1036 2415; baseline 0.004 -14"><span class='ocrx_word' id='word_1_216' title='bbox 74 2364 232 2403; x_wconf 85' lang='lat' dir='ltr'>racenis</span> <span class='ocrx_word' id='word_1_217' title='bbox 249 2365 371 2415; x_wconf 80' lang='lat' dir='ltr'>9essit</span> <span class='ocrx_word' id='word_1_218' title='bbox 384 2397 393 2413; x_wconf 80' lang='grc'>,</span> <span class='ocrx_word' id='word_1_219' title='bbox 412 2365 658 2406; x_wconf 81' lang='lat' dir='ltr'>heoeametris</span> <span class='ocrx_word' id='word_1_220' title='bbox 681 2364 866 2406; x_wconf 83' lang='lat' dir='ltr'>versibus</span> <span class='ocrx_word' id='word_1_221' title='bbox 886 2365 1036 2406; x_wconf 87' lang='lat' dir='ltr'>descri-</span> 
     </span>
     <span class='ocr_line' id='line_1_36' title="bbox 71 2425 1035 2479; baseline 0.003 -16"><span class='ocrx_word' id='word_1_222' title='bbox 71 2425 154 2476; x_wconf 73' lang='lat' dir='ltr'>psit</span> <span class='ocrx_word' id='word_1_223' title='bbox 175 2425 251 2464; x_wconf 81' lang='lat' dir='ltr'>sub</span> <span class='ocrx_word' id='word_1_224' title='bbox 281 2425 395 2466; x_wconf 84' lang='lat' dir='ltr'>libris</span> <span class='ocrx_word' id='word_1_225' title='bbox 419 2458 427 2466; x_wconf 95' lang='lat'>.</span> <span class='ocrx_word' id='word_1_226' title='bbox 447 2458 454 2465; x_wconf 94' lang='lat'>.</span> <span class='ocrx_word' id='word_1_227' title='bbox 473 2458 482 2466; x_wconf 89' lang='lat'>.</span> <span class='ocrx_word' id='word_1_228' title='bbox 505 2430 550 2468; x_wconf 85' lang='lat' dir='ltr'>Hi</span> <span class='ocrx_word' id='word_1_229' title='bbox 568 2429 655 2467; x_wconf 90' lang='lat' dir='ltr'>libri</span> <span class='ocrx_word' id='word_1_230' title='bbox 686 2439 889 2479; x_wconf 88' lang='lat' dir='ltr'>nusquam</span> <span class='ocrx_word' id='word_1_231' title='bbox 919 2428 1035 2467; x_wconf 87' lang='lat' dir='ltr'>hodie</span> 
     </span>
     <span class='ocr_line' id='line_1_37' title="bbox 76 2489 1033 2541; baseline 0.002 -15"><span class='ocrx_word' id='word_1_232' title='bbox 76 2493 250 2527; x_wconf 73' lang='lat' dir='ltr'>exstant.</span> <span class='ocrx_word' id='word_1_233' title='bbox 266 2489 362 2528; x_wconf 87' lang='lat' dir='ltr'>Vide</span> <span class='ocrx_word' id='word_1_234' title='bbox 376 2491 538 2541; x_wconf 85' lang='lat' dir='ltr'>Pagium</span> <span class='ocrx_word' id='word_1_235' title='bbox 554 2491 604 2529; x_wconf 91' lang='lat' dir='ltr'>ad</span> <span class='ocrx_word' id='word_1_236' title='bbox 619 2491 782 2530; x_wconf 86' lang='lat' dir='ltr'>Annum</span> <span class='ocrx_word' id='word_1_237' title='bbox 804 2491 879 2528; x_wconf 88' lang='lat'>696</span> <span class='ocrx_word' id='word_1_238' title='bbox 898 2521 906 2539; x_wconf 94' lang='lat'>,</span> <span class='ocrx_word' id='word_1_239' title='bbox 924 2502 1033 2529; x_wconf 86' lang='lat' dir='ltr'>num.</span> 
     </span>
     <span class='ocr_line' id='line_1_38' title="bbox 77 2550 1036 2597; baseline 0 -8"><span class='ocrx_word' id='word_1_240' title='bbox 77 2552 100 2589; x_wconf 70' lang='grc' dir='ltr'><strong>ὅ</strong></span> <span class='ocrx_word' id='word_1_241' title='bbox 123 2555 164 2589; x_wconf 89' lang='lat' dir='ltr'>et</span> <span class='ocrx_word' id='word_1_242' title='bbox 185 2550 236 2589; x_wconf 88' lang='lat' dir='ltr'>ad</span> <span class='ocrx_word' id='word_1_243' title='bbox 258 2550 420 2590; x_wconf 89' lang='lat' dir='ltr'>Annum</span> <span class='ocrx_word' id='word_1_244' title='bbox 444 2552 521 2591; x_wconf 78' lang='lat'>527</span> <span class='ocrx_word' id='word_1_245' title='bbox 542 2582 550 2597; x_wconf 88' lang='lat'>,</span> <span class='ocrx_word' id='word_1_246' title='bbox 582 2564 693 2591; x_wconf 87' lang='lat' dir='ltr'>num.</span> <span class='ocrx_word' id='word_1_247' title='bbox 730 2553 792 2592; x_wconf 76' lang='grc'>44.</span> <span class='ocrx_word' id='word_1_248' title='bbox 831 2553 1036 2591; x_wconf 91' lang='lat' dir='ltr'>Gesnerus</span> 
     </span>
     <span class='ocr_line' id='line_1_39' title="bbox 80 2612 1035 2666; baseline 0.001 -15"><span class='ocrx_word' id='word_1_249' title='bbox 80 2612 296 2664; x_wconf 87' lang='lat' dir='ltr'>appendice</span> <span class='ocrx_word' id='word_1_250' title='bbox 319 2613 500 2652; x_wconf 90' lang='lat' dir='ltr'>Biblioth.</span> <span class='ocrx_word' id='word_1_251' title='bbox 530 2614 769 2653; x_wconf 80' lang='lat' dir='ltr'>Cresconius</span> <span class='ocrx_word' id='word_1_252' title='bbox 785 2613 814 2653; x_wconf 87' lang='grc' dir='ltr'><em>Α</em></span> <span class='ocrx_word' id='word_1_253' title='bbox 821 2613 884 2666; x_wconf 85' lang='lat' dir='ltr'>fer</span> <span class='ocrx_word' id='word_1_254' title='bbox 900 2615 1035 2662; x_wconf 74' lang='lat' dir='ltr'>Poeta,</span> 
     </span>
     <span class='ocr_line' id='line_1_40' title="bbox 78 2673 1039 2726; baseline 0.002 -14"><span class='ocrx_word' id='word_1_255' title='bbox 78 2686 196 2726; x_wconf 81' lang='lat' dir='ltr'>quem</span> <span class='ocrx_word' id='word_1_256' title='bbox 214 2673 290 2713; x_wconf 79' lang='lat' dir='ltr'>aliz·</span> <span class='ocrx_word' id='word_1_257' title='bbox 311 2674 685 2715; x_wconf 87' lang='lat' dir='ltr'>CRESCENTIUM</span> <span class='ocrx_word' id='word_1_258' title='bbox 714 2676 940 2723; x_wconf 84' lang='lat' dir='ltr'>nominant,</span> <span class='ocrx_word' id='word_1_259' title='bbox 968 2677 1039 2714; x_wconf 86' lang='lat' dir='ltr'>Ju-</span> 
     </span>
     <span class='ocr_line' id='line_1_41' title="bbox 77 2736 1039 2790; baseline 0.002 -16"><span class='ocrx_word' id='word_1_260' title='bbox 77 2736 245 2775; x_wconf 81' lang='lat' dir='ltr'>sciniani</span> <span class='ocrx_word' id='word_1_261' title='bbox 264 2737 527 2788; x_wconf 84' lang='lat' dir='ltr'>Imperatoris</span> <span class='ocrx_word' id='word_1_262' title='bbox 553 2736 653 2776; x_wconf 75' lang='lat' dir='ltr'>bella</span> <span class='ocrx_word' id='word_1_263' title='bbox 681 2738 720 2776; x_wconf 88' lang='lat' dir='ltr'>in</span> <span class='ocrx_word' id='word_1_264' title='bbox 748 2738 891 2790; x_wconf 79' lang='lat' dir='ltr'>Africa</span> <span class='ocrx_word' id='word_1_265' title='bbox 928 2741 1039 2788; x_wconf 70' lang='lat' dir='ltr'>qesta</span> 
     </span>
     <span class='ocr_line' id='line_1_42' title="bbox 79 2798 1038 2852; baseline 0.001 -15"><span class='ocrx_word' id='word_1_266' title='bbox 79 2799 256 2837; x_wconf 79' lang='lat' dir='ltr'>carmine</span> <span class='ocrx_word' id='word_1_267' title='bbox 285 2798 519 2852; x_wconf 83' lang='lat' dir='ltr'>descripsit,</span> <span class='ocrx_word' id='word_1_268' title='bbox 549 2800 641 2839; x_wconf 81' lang='lat' dir='ltr'>item</span> <span class='ocrx_word' id='word_1_269' title='bbox 672 2800 933 2840; x_wconf 80' lang='lat' dir='ltr'>Concordiam</span> <span class='ocrx_word' id='word_1_270' title='bbox 961 2800 1038 2839; x_wconf 80' lang='lat' dir='ltr'>Cu-</span> 
     </span>
     <span class='ocr_line' id='line_1_43' title="bbox 77 2861 1038 2913; baseline 0 -14"><span class='ocrx_word' id='word_1_271' title='bbox 77 2872 233 2900; x_wconf 88' lang='lat' dir='ltr'>nonum.</span> <span class='ocrx_word' id='word_1_272' title='bbox 259 2863 376 2901; x_wconf 87' lang='lat' dir='ltr'>Certe</span> <span class='ocrx_word' id='word_1_273' title='bbox 401 2861 498 2901; x_wconf 84' lang='lat' dir='ltr'>haec</span> <span class='ocrx_word' id='word_1_274' title='bbox 528 2863 745 2913; x_wconf 84' lang='lat' dir='ltr'>Concordia</span> <span class='ocrx_word' id='word_1_275' title='bbox 771 2873 846 2900; x_wconf 89' lang='lat' dir='ltr'>non</span> <span class='ocrx_word' id='word_1_276' title='bbox 869 2866 931 2900; x_wconf 87' lang='lat' dir='ltr'>est</span> <span class='ocrx_word' id='word_1_277' title='bbox 956 2873 1038 2900; x_wconf 84' lang='lat' dir='ltr'>car-</span> 
     </span>
     <span class='ocr_line' id='line_1_44' title="bbox 79 2923 1037 2975; baseline 0 -13"><span class='ocrx_word' id='word_1_278' title='bbox 79 2925 184 2962; x_wconf 89' lang='lat' dir='ltr'>mine</span> <span class='ocrx_word' id='word_1_279' title='bbox 204 2923 402 2975; x_wconf 86' lang='lat' dir='ltr'>descripta</span> <span class='ocrx_word' id='word_1_280' title='bbox 423 2936 445 2963; x_wconf 90' lang='lat' dir='ltr'>a</span> <span class='ocrx_word' id='word_1_281' title='bbox 466 2925 692 2963; x_wconf 84' lang='lat' dir='ltr'>Cresconio.</span> <span class='ocrx_word' id='word_1_282' title='bbox 713 2925 764 2963; x_wconf 82' lang='lat' dir='ltr'>At</span> <span class='ocrx_word' id='word_1_283' title='bbox 780 2925 1037 2963; x_wconf 89' lang='lat' dir='ltr'>Cresconium</span> 
     </span>
     <span class='ocr_line' id='line_1_45' title="bbox 81 2985 1038 3026; baseline -0.002 -1"><span class='ocrx_word' id='word_1_284' title='bbox 81 2986 188 3025; x_wconf 90' lang='lat' dir='ltr'>hunc</span> <span class='ocrx_word' id='word_1_285' title='bbox 209 2988 278 3025; x_wconf 83' lang='lat' dir='ltr'>vix</span> <span class='ocrx_word' id='word_1_286' title='bbox 295 2986 472 3025; x_wconf 84' lang='lat' dir='ltr'>dubitem</span> <span class='ocrx_word' id='word_1_287' title='bbox 495 2987 666 3026; x_wconf 79' lang='lat' dir='ltr'>eundern</span> <span class='ocrx_word' id='word_1_288' title='bbox 684 2997 774 3025; x_wconf 88' lang='lat' dir='ltr'>esse</span> <span class='ocrx_word' id='word_1_289' title='bbox 792 2997 883 3024; x_wconf 91' lang='lat' dir='ltr'>cum</span> <span class='ocrx_word' id='word_1_290' title='bbox 899 2985 1038 3025; x_wconf 81' lang='lat' dir='ltr'>Flavio</span> 
     </span>
     <span class='ocr_line' id='line_1_46' title="bbox 86 3047 1039 3101; baseline -0.001 -12"><span class='ocrx_word' id='word_1_291' title='bbox 86 3049 385 3089; x_wconf 87' lang='lat' dir='ltr'>CRESCONIO</span> <span class='ocrx_word' id='word_1_292' title='bbox 409 3049 580 3101; x_wconf 80' lang='lat' dir='ltr'>Corippo</span> <span class='ocrx_word' id='word_1_293' title='bbox 596 3081 606 3099; x_wconf 74' lang='grc'>,</span> <span class='ocrx_word' id='word_1_294' title='bbox 631 3049 678 3088; x_wconf 85' lang='lat' dir='ltr'>de</span> <span class='ocrx_word' id='word_1_295' title='bbox 709 3060 785 3099; x_wconf 87' lang='lat' dir='ltr'>quo</span> <span class='ocrx_word' id='word_1_296' title='bbox 810 3047 899 3087; x_wconf 90' lang='lat' dir='ltr'>vide</span> <span class='ocrx_word' id='word_1_297' title='bbox 924 3050 955 3086; x_wconf 92' lang='lat' dir='ltr'>si</span> <span class='ocrx_word' id='word_1_298' title='bbox 982 3049 1039 3088; x_wconf 90' lang='lat' dir='ltr'>lu-</span> 
     </span>
     <span class='ocr_line' id='line_1_47' title="bbox 79 3110 726 3163; baseline 0 -14"><span class='ocrx_word' id='word_1_299' title='bbox 79 3110 144 3150; x_wconf 89' lang='lat' dir='ltr'>bet</span> <span class='ocrx_word' id='word_1_300' title='bbox 167 3123 270 3163; x_wconf 88' lang='lat' dir='ltr'>quae</span> <span class='ocrx_word' id='word_1_301' title='bbox 294 3124 385 3151; x_wconf 85' lang='lat' dir='ltr'>mox</span> <span class='ocrx_word' id='word_1_302' title='bbox 415 3112 598 3151; x_wconf 86' lang='lat' dir='ltr'>dicturus</span> <span class='ocrx_word' id='word_1_303' title='bbox 622 3123 726 3150; x_wconf 89' lang='lat' dir='ltr'>sum.</span> 
     </span>
    </p>
   </div>
   <div class='ocr_carea' id='block_1_3' title="bbox 73 3269 1036 3411">
    <p class='ocr_par' dir='ltr' id='par_1_3' title="bbox 73 3269 1036 3411">
     <span class='ocr_line' id='line_1_48' title="bbox 134 3269 1036 3312; baseline 0 -10"><span class='ocrx_word' id='word_1_304' title='bbox 134 3271 168 3312; x_wconf 82' lang='lat' dir='ltr'>a)</span> <span class='ocrx_word' id='word_1_305' title='bbox 191 3269 271 3303; x_wconf 83' lang='lat' dir='ltr'>Vide</span> <span class='ocrx_word' id='word_1_306' title='bbox 287 3273 324 3304; x_wconf 83' lang='lat' dir='ltr'>B.</span> <span class='ocrx_word' id='word_1_307' title='bbox 340 3270 507 3302; x_wconf 76' lang='lat' dir='ltr'>Gebhardi</span> <span class='ocrx_word' id='word_1_308' title='bbox 526 3269 690 3302; x_wconf 84' lang='lat' dir='ltr'>Theodori</span> <span class='ocrx_word' id='word_1_309' title='bbox 709 3271 820 3302; x_wconf 79' lang='lat' dir='ltr'>Meieri</span> <span class='ocrx_word' id='word_1_310' title='bbox 840 3269 1036 3302; x_wconf 81' lang='lat' dir='ltr'>historicam</span> 
     </span>
     <span class='ocr_line' id='line_1_49' title="bbox 73 3319 998 3360; baseline 0.001 -8"><span class='ocrx_word' id='word_1_311' title='bbox 73 3322 270 3353; x_wconf 76' lang='lat' dir='ltr'>relationem</span> <span class='ocrx_word' id='word_1_312' title='bbox 294 3319 334 3352; x_wconf 85' lang='lat' dir='ltr'>de</span> <span class='ocrx_word' id='word_1_313' title='bbox 359 3321 621 3353; x_wconf 80' lang='lat' dir='ltr'>collectionibus</span> <span class='ocrx_word' id='word_1_314' title='bbox 647 3321 819 3352; x_wconf 84' lang='lat' dir='ltr'>Canonum</span> <span class='ocrx_word' id='word_1_315' title='bbox 845 3321 875 3360; x_wconf 78' lang='lat' dir='ltr'>S.</span> <span class='ocrx_word' id='word_1_316' title='bbox 903 3321 998 3353; x_wconf 82' lang='lat' dir='ltr'>xvii.</span> 
     </span>
     <span class='ocr_line' id='line_1_50' title="bbox 133 3369 844 3411; baseline -0.001 -9"><span class='ocrx_word' id='word_1_317' title='bbox 133 3370 170 3411; x_wconf 75' lang='grc' dir='ltr'>1),ι</span> <span class='ocrx_word' id='word_1_318' title='bbox 196 3371 274 3404; x_wconf 85' lang='lat' dir='ltr'>Vide</span> <span class='ocrx_word' id='word_1_319' title='bbox 300 3371 468 3404; x_wconf 80' lang='lat' dir='ltr'>oudinum</span> <span class='ocrx_word' id='word_1_320' title='bbox 493 3376 576 3404; x_wconf 80' lang='lat' dir='ltr'>tom.</span> <span class='ocrx_word' id='word_1_321' title='bbox 602 3373 625 3403; x_wconf 92' lang='grc'>1.</span> <span class='ocrx_word' id='word_1_322' title='bbox 650 3379 724 3411; x_wconf 79' lang='lat' dir='ltr'>pag.</span> <span class='ocrx_word' id='word_1_323' title='bbox 754 3369 844 3401; x_wconf 77' lang='grc'>1668.</span> 
     </span>
    </p>
   </div>
   <div class='ocr_carea' id='block_1_4' title="bbox 1112 236 2081 1795">
    <p class='ocr_par' dir='ltr' id='par_1_4' title="bbox 1998 236 2069 276">
     <span class='ocr_line' id='line_1_51' title="bbox 1998 236 2069 276; baseline 0 -1"><span class='ocrx_word' id='word_1_324' title='bbox 1998 236 2069 276; x_wconf 65' lang='lat'>&#39;⁴01</span> 
     </span>
    </p>

    <p class='ocr_par' dir='ltr' id='par_1_5' title="bbox 1116 306 2080 732">
     <span class='ocr_line' id='line_1_52' title="bbox 1168 306 2077 358; baseline -0.001 -11"><span class='ocrx_word' id='word_1_325' title='bbox 1168 308 1509 355; x_wconf 80' lang='lat' dir='ltr'>CRESCONIUS,</span> <span class='ocrx_word' id='word_1_326' title='bbox 1542 308 1763 358; x_wconf 85' lang='lat' dir='ltr'>Episcopus</span> <span class='ocrx_word' id='word_1_327' title='bbox 1792 306 2077 357; x_wconf 87' lang='lat' dir='ltr'>Compostella-</span> 
     </span>
     <span class='ocr_line' id='line_1_53' title="bbox 1118 368 2078 421; baseline -0.001 -13"><span class='ocrx_word' id='word_1_328' title='bbox 1118 381 1219 420; x_wconf 84' lang='lat' dir='ltr'>nus,</span> <span class='ocrx_word' id='word_1_329' title='bbox 1244 372 1310 421; x_wconf 86' lang='lat' dir='ltr'>qui</span> <span class='ocrx_word' id='word_1_330' title='bbox 1334 368 1408 409; x_wconf 83' lang='lat' dir='ltr'>An.</span> <span class='ocrx_word' id='word_1_331' title='bbox 1435 370 1538 409; x_wconf 82' lang='grc'>4056</span> <span class='ocrx_word' id='word_1_332' title='bbox 1564 372 1599 407; x_wconf 91' lang='lat' dir='ltr'>in</span> <span class='ocrx_word' id='word_1_333' title='bbox 1625 370 1800 408; x_wconf 86' lang='lat' dir='ltr'>Concilio</span> <span class='ocrx_word' id='word_1_334' title='bbox 1829 369 2078 420; x_wconf 86' lang='lat' dir='ltr'>Compostel-</span> 
     </span>
     <span class='ocr_line' id='line_1_54' title="bbox 1119 431 2078 483; baseline -0.003 -11"><span class='ocrx_word' id='word_1_335' title='bbox 1119 434 1206 472; x_wconf 86' lang='lat' dir='ltr'>lano</span> <span class='ocrx_word' id='word_1_336' title='bbox 1236 439 1373 472; x_wconf 86' lang='lat' dir='ltr'>auctor</span> <span class='ocrx_word' id='word_1_337' title='bbox 1403 434 1475 472; x_wconf 79' lang='lat' dir='ltr'>fuit</span> <span class='ocrx_word' id='word_1_338' title='bbox 1503 433 1556 471; x_wconf 92' lang='lat' dir='ltr'>VI</span> <span class='ocrx_word' id='word_1_339' title='bbox 1576 432 1781 472; x_wconf 87' lang='lat' dir='ltr'>Canonum</span> <span class='ocrx_word' id='word_1_340' title='bbox 1819 431 1868 470; x_wconf 87' lang='lat' dir='ltr'>ad</span> <span class='ocrx_word' id='word_1_341' title='bbox 1903 431 2078 483; x_wconf 89' lang='lat' dir='ltr'>discipli-</span> 
     </span>
     <span class='ocr_line' id='line_1_55' title="bbox 1117 496 2080 545; baseline -0.001 -12"><span class='ocrx_word' id='word_1_342' title='bbox 1117 507 1210 534; x_wconf 87' lang='lat' dir='ltr'>nam</span> <span class='ocrx_word' id='word_1_343' title='bbox 1233 496 1556 535; x_wconf 81' lang='lat' dir='ltr'>Ecclcsiasticam</span> <span class='ocrx_word' id='word_1_344' title='bbox 1583 497 1620 532; x_wconf 92' lang='lat' dir='ltr'>in</span> <span class='ocrx_word' id='word_1_345' title='bbox 1645 496 1831 545; x_wconf 85' lang='lat' dir='ltr'>Hispania</span> <span class='ocrx_word' id='word_1_346' title='bbox 1855 496 2080 533; x_wconf 86' lang='lat' dir='ltr'>instauran-</span> 
     </span>
     <span class='ocr_line' id='line_1_56' title="bbox 1116 557 2078 608; baseline 0 -12"><span class='ocrx_word' id='word_1_347' title='bbox 1116 557 1206 596; x_wconf 86' lang='lat' dir='ltr'>dam</span> <span class='ocrx_word' id='word_1_348' title='bbox 1228 558 1477 597; x_wconf 88' lang='lat' dir='ltr'>conditorum</span> <span class='ocrx_word' id='word_1_349' title='bbox 1496 559 1587 608; x_wconf 86' lang='lat' dir='ltr'>,qui</span> <span class='ocrx_word' id='word_1_350' title='bbox 1611 559 1647 595; x_wconf 91' lang='lat' dir='ltr'>in</span> <span class='ocrx_word' id='word_1_351' title='bbox 1674 558 1793 596; x_wconf 90' lang='lat' dir='ltr'>tomis</span> <span class='ocrx_word' id='word_1_352' title='bbox 1810 557 2078 596; x_wconf 91' lang='lat' dir='ltr'>Conciliorum</span> 
     </span>
     <span class='ocr_line' id='line_1_57' title="bbox 1116 619 2077 670; baseline 0.001 -13"><span class='ocrx_word' id='word_1_353' title='bbox 1116 625 1155 657; x_wconf 87' lang='lat' dir='ltr'>et</span> <span class='ocrx_word' id='word_1_354' title='bbox 1174 620 1278 670; x_wconf 89' lang='lat' dir='ltr'>apud</span> <span class='ocrx_word' id='word_1_355' title='bbox 1299 619 1529 670; x_wconf 85' lang='lat' dir='ltr'>Agvirrium</span> <span class='ocrx_word' id='word_1_356' title='bbox 1554 624 1648 658; x_wconf 87' lang='lat' dir='ltr'>tom.</span> <span class='ocrx_word' id='word_1_357' title='bbox 1671 621 1737 658; x_wconf 91' lang='lat' dir='ltr'>III.</span> <span class='ocrx_word' id='word_1_358' title='bbox 1761 619 1895 659; x_wconf 83' lang='lat' dir='ltr'>Concil</span> <span class='ocrx_word' id='word_1_359' title='bbox 1916 621 2077 670; x_wconf 89' lang='lat' dir='ltr'>Hispan.</span> 
     </span>
     <span class='ocr_line' id='line_1_58' title="bbox 1116 683 1564 732; baseline 0 -12"><span class='ocrx_word' id='word_1_360' title='bbox 1116 693 1202 732; x_wconf 88' lang='lat' dir='ltr'>pag.</span> <span class='ocrx_word' id='word_1_361' title='bbox 1233 683 1335 729; x_wconf 71' lang='lat'>2⁴8,</span> <span class='ocrx_word' id='word_1_362' title='bbox 1366 683 1564 732; x_wconf 88' lang='lat' dir='ltr'>leguntur.</span> 
     </span>
    </p>

    <p class='ocr_par' dir='ltr' id='par_1_6' title="bbox 1112 743 2081 1795">
     <span class='ocr_line' id='line_1_59' title="bbox 1170 743 2080 794; baseline 0.002 -12"><span class='ocrx_word' id='word_1_363' title='bbox 1170 746 1242 783; x_wconf 90' lang='lat' dir='ltr'>FL.</span> <span class='ocrx_word' id='word_1_364' title='bbox 1262 744 1576 784; x_wconf 75' lang='lat' dir='ltr'>CRESCOMUS</span> <span class='ocrx_word' id='word_1_365' title='bbox 1592 773 1600 792; x_wconf 89' lang='lat'>,</span> <span class='ocrx_word' id='word_1_366' title='bbox 1619 743 1830 783; x_wconf 79' lang='lat' dir='ltr'>Africanus</span> <span class='ocrx_word' id='word_1_367' title='bbox 1851 747 1966 784; x_wconf 78' lang='lat' dir='ltr'>Poeta</span> <span class='ocrx_word' id='word_1_368' title='bbox 1986 775 1994 794; x_wconf 85' lang='lat'>‚</span> <span class='ocrx_word' id='word_1_369' title='bbox 2012 757 2080 784; x_wconf 88' lang='lat' dir='ltr'>no-</span> 
     </span>
     <span class='ocr_line' id='line_1_60' title="bbox 1118 807 2079 855; baseline 0.002 -10"><span class='ocrx_word' id='word_1_370' title='bbox 1118 809 1193 845; x_wconf 90' lang='lat' dir='ltr'>tior</span> <span class='ocrx_word' id='word_1_371' title='bbox 1216 807 1410 846; x_wconf 85' lang='lat' dir='ltr'>CORIPPI</span> <span class='ocrx_word' id='word_1_372' title='bbox 1435 807 1619 855; x_wconf 86' lang='lat' dir='ltr'>nomine,</span> <span class='ocrx_word' id='word_1_373' title='bbox 1640 810 1680 844; x_wconf 87' lang='lat' dir='ltr'>et</span> <span class='ocrx_word' id='word_1_374' title='bbox 1704 818 1726 845; x_wconf 87' lang='lat' dir='ltr'>a</span> <span class='ocrx_word' id='word_1_375' title='bbox 1750 808 1960 846; x_wconf 88' lang='lat' dir='ltr'>Cresconio</span> <span class='ocrx_word' id='word_1_376' title='bbox 1985 807 2079 847; x_wconf 79' lang='lat' dir='ltr'>Afro</span> 
     </span>
     <span class='ocr_line' id='line_1_61' title="bbox 1119 868 2078 921; baseline 0.002 -14"><span class='ocrx_word' id='word_1_377' title='bbox 1119 873 1326 920; x_wconf 85' lang='lat' dir='ltr'>propterea</span> <span class='ocrx_word' id='word_1_378' title='bbox 1342 868 1566 907; x_wconf 88' lang='lat' dir='ltr'>breviatore</span> <span class='ocrx_word' id='word_1_379' title='bbox 1581 868 1814 918; x_wconf 90' lang='lat' dir='ltr'>Canonum(</span> <span class='ocrx_word' id='word_1_380' title='bbox 1832 870 1881 907; x_wconf 89' lang='lat' dir='ltr'>de</span> <span class='ocrx_word' id='word_1_381' title='bbox 1901 881 1979 920; x_wconf 89' lang='lat' dir='ltr'>quo</span> <span class='ocrx_word' id='word_1_382' title='bbox 1995 870 2078 921; x_wconf 86' lang='lat' dir='ltr'>jam</span> 
     </span>
     <span class='ocr_line' id='line_1_62' title="bbox 1125 930 2081 982; baseline 0.001 -13"><span class='ocrx_word' id='word_1_383' title='bbox 1125 932 1228 980; x_wconf 85' lang='lat' dir='ltr'>dixi)</span> <span class='ocrx_word' id='word_1_384' title='bbox 1250 931 1365 982; x_wconf 86' lang='lat' dir='ltr'>longe</span> <span class='ocrx_word' id='word_1_385' title='bbox 1389 930 1573 969; x_wconf 69' lang='lat' dir='ltr'>diversus</span> <span class='ocrx_word' id='word_1_386' title='bbox 1592 932 1859 969; x_wconf 89' lang='lat' dir='ltr'>communiter</span> <span class='ocrx_word' id='word_1_387' title='bbox 1878 933 2081 970; x_wconf 81' lang='lat' dir='ltr'>existima—</span> 
     </span>
     <span class='ocr_line' id='line_1_63' title="bbox 1125 993 2081 1044; baseline -0.002 -11"><span class='ocrx_word' id='word_1_388' title='bbox 1125 1000 1203 1034; x_wconf 88' lang='lat' dir='ltr'>tus.</span> <span class='ocrx_word' id='word_1_389' title='bbox 1243 994 1321 1033; x_wconf 83' lang='lat' dir='ltr'>Sed</span> <span class='ocrx_word' id='word_1_390' title='bbox 1351 993 1523 1032; x_wconf 89' lang='lat' dir='ltr'>eundem</span> <span class='ocrx_word' id='word_1_391' title='bbox 1548 1004 1637 1032; x_wconf 84' lang='lat' dir='ltr'>esse</span> <span class='ocrx_word' id='word_1_392' title='bbox 1671 993 1840 1032; x_wconf 91' lang='lat' dir='ltr'>libenter</span> <span class='ocrx_word' id='word_1_393' title='bbox 1864 993 1959 1031; x_wconf 88' lang='lat' dir='ltr'>mihi</span> <span class='ocrx_word' id='word_1_394' title='bbox 1994 1005 2081 1044; x_wconf 88' lang='lat' dir='ltr'>per—</span> 
     </span>
     <span class='ocr_line' id='line_1_64' title="bbox 1121 1055 2078 1107; baseline -0.002 -12"><span class='ocrx_word' id='word_1_395' title='bbox 1121 1056 1294 1104; x_wconf 78' lang='lat' dir='ltr'>suadeo,</span> <span class='ocrx_word' id='word_1_396' title='bbox 1321 1067 1412 1094; x_wconf 88' lang='lat' dir='ltr'>nam</span> <span class='ocrx_word' id='word_1_397' title='bbox 1437 1060 1477 1094; x_wconf 85' lang='lat' dir='ltr'>et</span> <span class='ocrx_word' id='word_1_398' title='bbox 1498 1060 1658 1107; x_wconf 88' lang='lat' dir='ltr'>tempus</span> <span class='ocrx_word' id='word_1_399' title='bbox 1679 1055 1844 1106; x_wconf 89' lang='lat' dir='ltr'>pulchre</span> <span class='ocrx_word' id='word_1_400' title='bbox 1868 1057 2078 1104; x_wconf 84' lang='lat' dir='ltr'>convenit,</span> 
     </span>
     <span class='ocr_line' id='line_1_65' title="bbox 1118 1120 2080 1170; baseline -0.002 -12"><span class='ocrx_word' id='word_1_401' title='bbox 1118 1124 1157 1158; x_wconf 91' lang='lat' dir='ltr'>et</span> <span class='ocrx_word' id='word_1_402' title='bbox 1186 1123 1468 1170; x_wconf 82' lang='lat' dir='ltr'>argumentum</span> <span class='ocrx_word' id='word_1_403' title='bbox 1495 1120 1650 1169; x_wconf 86' lang='lat' dir='ltr'>operis,</span> <span class='ocrx_word' id='word_1_404' title='bbox 1677 1123 1717 1157; x_wconf 86' lang='lat' dir='ltr'>et</span> <span class='ocrx_word' id='word_1_405' title='bbox 1754 1120 1904 1169; x_wconf 86' lang='lat' dir='ltr'>patria,</span> <span class='ocrx_word' id='word_1_406' title='bbox 1941 1124 1981 1156; x_wconf 90' lang='lat' dir='ltr'>et</span> <span class='ocrx_word' id='word_1_407' title='bbox 2012 1130 2080 1156; x_wconf 93' lang='lat' dir='ltr'>no-</span> 
     </span>
     <span class='ocr_line' id='line_1_66' title="bbox 1117 1182 2080 1232; baseline -0.001 -12"><span class='ocrx_word' id='word_1_408' title='bbox 1117 1193 1220 1220; x_wconf 91' lang='lat' dir='ltr'>men.</span> <span class='ocrx_word' id='word_1_409' title='bbox 1247 1183 1505 1222; x_wconf 87' lang='lat' dir='ltr'>Cresconium</span> <span class='ocrx_word' id='word_1_410' title='bbox 1535 1182 1778 1232; x_wconf 87' lang='lat' dir='ltr'>Episcopum</span> <span class='ocrx_word' id='word_1_411' title='bbox 1807 1182 1949 1220; x_wconf 81' lang='lat' dir='ltr'>Afrum</span> <span class='ocrx_word' id='word_1_412' title='bbox 1978 1182 2080 1221; x_wconf 91' lang='lat' dir='ltr'>Con-</span> 
     </span>
     <span class='ocr_line' id='line_1_67' title="bbox 1114 1243 2080 1295; baseline -0.001 -12"><span class='ocrx_word' id='word_1_413' title='bbox 1114 1243 1268 1283; x_wconf 90' lang='lat' dir='ltr'>cordiae</span> <span class='ocrx_word' id='word_1_414' title='bbox 1306 1244 1513 1283; x_wconf 90' lang='lat' dir='ltr'>Canonum</span> <span class='ocrx_word' id='word_1_415' title='bbox 1545 1246 1779 1295; x_wconf 86' lang='lat' dir='ltr'>scriptorem</span> <span class='ocrx_word' id='word_1_416' title='bbox 1815 1243 1988 1282; x_wconf 91' lang='lat' dir='ltr'>eundem</span> <span class='ocrx_word' id='word_1_417' title='bbox 2018 1255 2080 1282; x_wconf 91' lang='lat' dir='ltr'>es-</span> 
     </span>
     <span class='ocr_line' id='line_1_68' title="bbox 1116 1306 2078 1358; baseline 0 -13"><span class='ocrx_word' id='word_1_418' title='bbox 1116 1318 1183 1356; x_wconf 85' lang='lat' dir='ltr'>se,</span> <span class='ocrx_word' id='word_1_419' title='bbox 1209 1307 1275 1358; x_wconf 89' lang='lat' dir='ltr'>qui</span> <span class='ocrx_word' id='word_1_420' title='bbox 1300 1306 1402 1345; x_wconf 90' lang='lat' dir='ltr'>bella</span> <span class='ocrx_word' id='word_1_421' title='bbox 1421 1306 1584 1344; x_wconf 90' lang='lat' dir='ltr'>Joannis</span> <span class='ocrx_word' id='word_1_422' title='bbox 1607 1307 1728 1345; x_wconf 87' lang='lat' dir='ltr'>Ducis</span> <span class='ocrx_word' id='word_1_423' title='bbox 1750 1307 1788 1344; x_wconf 94' lang='lat' dir='ltr'>in</span> <span class='ocrx_word' id='word_1_424' title='bbox 1810 1306 1941 1344; x_wconf 87' lang='lat' dir='ltr'>Africa</span> <span class='ocrx_word' id='word_1_425' title='bbox 1965 1311 2078 1356; x_wconf 88' lang='lat' dir='ltr'>gesta</span> 
     </span>
     <span class='ocr_line' id='line_1_69' title="bbox 1116 1368 2077 1420; baseline -0.001 -13"><span class='ocrx_word' id='word_1_426' title='bbox 1116 1370 1291 1407; x_wconf 89' lang='lat' dir='ltr'>carmine</span> <span class='ocrx_word' id='word_1_427' title='bbox 1329 1369 1564 1407; x_wconf 87' lang='lat' dir='ltr'>hexametro</span> <span class='ocrx_word' id='word_1_428' title='bbox 1600 1368 1838 1420; x_wconf 85' lang='lat' dir='ltr'>descripsit,</span> <span class='ocrx_word' id='word_1_429' title='bbox 1877 1370 1914 1406; x_wconf 95' lang='lat' dir='ltr'>in</span> <span class='ocrx_word' id='word_1_430' title='bbox 1950 1370 2077 1407; x_wconf 88' lang='lat' dir='ltr'>veteri</span> 
     </span>
     <span class='ocr_line' id='line_1_70' title="bbox 1119 1430 2078 1483; baseline 0 -14"><span class='ocrx_word' id='word_1_431' title='bbox 1119 1432 1182 1470; x_wconf 90' lang='lat' dir='ltr'>illo</span> <span class='ocrx_word' id='word_1_432' title='bbox 1209 1430 1351 1471; x_wconf 89' lang='lat' dir='ltr'>Codice</span> <span class='ocrx_word' id='word_1_433' title='bbox 1375 1436 1467 1470; x_wconf 88' lang='lat' dir='ltr'>ante</span> <span class='ocrx_word' id='word_1_434' title='bbox 1490 1432 1756 1470; x_wconf 87' lang='lat' dir='ltr'>Mabillonium</span> <span class='ocrx_word' id='word_1_435' title='bbox 1781 1432 1929 1483; x_wconf 87' lang='lat' dir='ltr'>legerat</span> <span class='ocrx_word' id='word_1_436' title='bbox 1958 1432 2078 1470; x_wconf 79' lang='lat' dir='ltr'>etiam</span> 
     </span>
     <span class='ocr_line' id='line_1_71' title="bbox 1121 1493 2074 1542; baseline -0.004 -7"><span class='ocrx_word' id='word_1_437' title='bbox 1121 1495 1315 1535; x_wconf 91' lang='lat' dir='ltr'>Baronius</span> <span class='ocrx_word' id='word_1_438' title='bbox 1351 1493 1400 1532; x_wconf 91' lang='lat' dir='ltr'>ad</span> <span class='ocrx_word' id='word_1_439' title='bbox 1435 1494 1595 1532; x_wconf 88' lang='lat' dir='ltr'>Annum</span> <span class='ocrx_word' id='word_1_440' title='bbox 1637 1494 1737 1542; x_wconf 63' lang='grc'>597,</span> <span class='ocrx_word' id='word_1_441' title='bbox 1773 1506 1882 1532; x_wconf 84' lang='grc'>1111111.</span> <span class='ocrx_word' id='word_1_442' title='bbox 1914 1493 1974 1532; x_wconf 88' lang='lat'>76.</span> <span class='ocrx_word' id='word_1_443' title='bbox 2006 1495 2074 1532; x_wconf 90' lang='lat' dir='ltr'>Hic</span> 
     </span>
     <span class='ocr_line' id='line_1_72' title="bbox 1117 1555 2075 1607; baseline -0.004 -9"><span class='ocrx_word' id='word_1_444' title='bbox 1117 1563 1180 1598; x_wconf 87' lang='lat' dir='ltr'>est</span> <span class='ocrx_word' id='word_1_445' title='bbox 1207 1558 1380 1596; x_wconf 91' lang='lat' dir='ltr'>Joannes</span> <span class='ocrx_word' id='word_1_446' title='bbox 1410 1556 1459 1594; x_wconf 88' lang='lat' dir='ltr'>de</span> <span class='ocrx_word' id='word_1_447' title='bbox 1496 1556 1615 1607; x_wconf 89' lang='lat' dir='ltr'>cujus</span> <span class='ocrx_word' id='word_1_448' title='bbox 1643 1557 1808 1595; x_wconf 90' lang='lat' dir='ltr'>victoria</span> <span class='ocrx_word' id='word_1_449' title='bbox 1835 1555 2019 1595; x_wconf 82' lang='lat' dir='ltr'>Africana</span> <span class='ocrx_word' id='word_1_450' title='bbox 2042 1558 2075 1604; x_wconf 70' lang='lat' dir='ltr'>a)</span> 
     </span>
     <span class='ocr_line' id='line_1_73' title="bbox 1114 1618 2074 1671; baseline -0.003 -12"><span class='ocrx_word' id='word_1_451' title='bbox 1114 1620 1326 1671; x_wconf 87' lang='lat' dir='ltr'>Procopius</span> <span class='ocrx_word' id='word_1_452' title='bbox 1344 1619 1390 1658; x_wconf 92' lang='lat' dir='ltr'>II.</span> <span class='ocrx_word' id='word_1_453' title='bbox 1415 1618 1463 1658; x_wconf 90' lang='grc'>47</span> <span class='ocrx_word' id='word_1_454' title='bbox 1483 1622 1523 1656; x_wconf 87' lang='lat' dir='ltr'>et</span> <span class='ocrx_word' id='word_1_455' title='bbox 1544 1620 1582 1656; x_wconf 89' lang='lat' dir='ltr'>in</span> <span class='ocrx_word' id='word_1_456' title='bbox 1602 1623 1782 1657; x_wconf 74' lang='lat' dir='ltr'>extremo</span> <span class='ocrx_word' id='word_1_457' title='bbox 1799 1618 1886 1656; x_wconf 88' lang='lat' dir='ltr'>libri</span> <span class='ocrx_word' id='word_1_458' title='bbox 1905 1619 1951 1656; x_wconf 91' lang='lat'>11.</span> <span class='ocrx_word' id='word_1_459' title='bbox 1972 1619 2074 1656; x_wconf 81' lang='lat' dir='ltr'>Van-</span> 
     </span>
     <span class='ocr_line' id='line_1_74' title="bbox 1113 1680 2077 1732; baseline -0.004 -10"><span class='ocrx_word' id='word_1_460' title='bbox 1113 1683 1189 1722; x_wconf 91' lang='lat' dir='ltr'>dal.</span> <span class='ocrx_word' id='word_1_461' title='bbox 1215 1687 1256 1722; x_wconf 87' lang='lat' dir='ltr'>et</span> <span class='ocrx_word' id='word_1_462' title='bbox 1279 1683 1342 1721; x_wconf 87' lang='lat' dir='ltr'>IV.</span> <span class='ocrx_word' id='word_1_463' title='bbox 1366 1681 1428 1721; x_wconf 89' lang='grc'>47.</span> <span class='ocrx_word' id='word_1_464' title='bbox 1454 1681 1608 1720; x_wconf 89' lang='lat' dir='ltr'>Gothic.</span> <span class='ocrx_word' id='word_1_465' title='bbox 1632 1686 1672 1720; x_wconf 89' lang='lat' dir='ltr'>et</span> <span class='ocrx_word' id='word_1_466' title='bbox 1702 1681 1750 1719; x_wconf 90' lang='lat' dir='ltr'>de</span> <span class='ocrx_word' id='word_1_467' title='bbox 1773 1680 1889 1732; x_wconf 85' lang='lat' dir='ltr'>cujus</span> <span class='ocrx_word' id='word_1_468' title='bbox 1911 1681 2077 1719; x_wconf 81' lang='lat' dir='ltr'>victoria</span> 
     </span>
     <span class='ocr_line' id='line_1_75' title="bbox 1112 1742 2075 1795; baseline -0.004 -11"><span class='ocrx_word' id='word_1_469' title='bbox 1112 1744 1297 1784; x_wconf 85' lang='lat' dir='ltr'>Africana</span> <span class='ocrx_word' id='word_1_470' title='bbox 1320 1743 1424 1783; x_wconf 88' lang='lat' dir='ltr'>idem</span> <span class='ocrx_word' id='word_1_471' title='bbox 1449 1755 1574 1795; x_wconf 84' lang='lat' dir='ltr'>opus,</span> <span class='ocrx_word' id='word_1_472' title='bbox 1597 1743 1702 1794; x_wconf 89' lang='lat' dir='ltr'>quod</span> <span class='ocrx_word' id='word_1_473' title='bbox 1724 1742 1978 1782; x_wconf 65' lang='lat' dir='ltr'>Joanneulem</span> <span class='ocrx_word' id='word_1_474' title='bbox 2000 1743 2075 1781; x_wconf 87' lang='lat' dir='ltr'>Co-</span> 
     </span>
    </p>
   </div>
   <div class='ocr_carea' id='block_1_5' title="bbox 1096 1806 2072 1859">
    <p class='ocr_par' dir='ltr' id='par_1_7' title="bbox 1096 1806 2072 1859">
     <span class='ocr_line' id='line_1_76' title="bbox 1096 1806 2072 1859; baseline -0.004 -13"><span class='ocrx_word' id='word_1_475' title='bbox 1096 1809 1247 1859; x_wconf 88' lang='lat' dir='ltr'>.rippus</span> <span class='ocrx_word' id='word_1_476' title='bbox 1277 1808 1503 1858; x_wconf 78' lang='lat' dir='ltr'>inscripsit,</span> <span class='ocrx_word' id='word_1_477' title='bbox 1533 1811 1573 1845; x_wconf 90' lang='lat' dir='ltr'>et</span> <span class='ocrx_word' id='word_1_478' title='bbox 1606 1817 1728 1857; x_wconf 90' lang='lat' dir='ltr'>quam</span> <span class='ocrx_word' id='word_1_479' title='bbox 1757 1807 1835 1846; x_wconf 88' lang='lat' dir='ltr'>MS.</span> <span class='ocrx_word' id='word_1_480' title='bbox 1876 1806 1999 1844; x_wconf 84' lang='lat' dir='ltr'>fuisse</span> <span class='ocrx_word' id='word_1_481' title='bbox 2034 1807 2072 1842; x_wconf 91' lang='lat' dir='ltr'>in</span> 
     </span>
    </p>
   </div>
   <div class='ocr_carea' id='block_1_6' title="bbox 1105 1868 2073 2966">
    <p class='ocr_par' dir='ltr' id='par_1_8' title="bbox 1105 1868 2073 2966">
     <span class='ocr_line' id='line_1_77' title="bbox 1107 1868 2070 1920; baseline -0.003 -11"><span class='ocrx_word' id='word_1_482' title='bbox 1107 1870 1349 1909; x_wconf 87' lang='lat' dir='ltr'>Bibliotheca</span> <span class='ocrx_word' id='word_1_483' title='bbox 1368 1870 1542 1909; x_wconf 89' lang='lat' dir='ltr'>Budensi</span> <span class='ocrx_word' id='word_1_484' title='bbox 1566 1870 1719 1908; x_wconf 87' lang='lat' dir='ltr'>notavit</span> <span class='ocrx_word' id='word_1_485' title='bbox 1739 1873 1829 1920; x_wconf 87' lang='lat' dir='ltr'>post</span> <span class='ocrx_word' id='word_1_486' title='bbox 1845 1868 2070 1907; x_wconf 87' lang='lat' dir='ltr'>Gesnerum</span> 
     </span>
     <span class='ocr_line' id='line_1_78' title="bbox 1108 1930 2072 1984; baseline -0.004 -13"><span class='ocrx_word' id='word_1_487' title='bbox 1108 1934 1147 1971; x_wconf 88' lang='lat' dir='ltr'>in</span> <span class='ocrx_word' id='word_1_488' title='bbox 1171 1933 1413 1984; x_wconf 89' lang='lat' dir='ltr'>appendice,</span> <span class='ocrx_word' id='word_1_489' title='bbox 1445 1933 1660 1971; x_wconf 89' lang='lat' dir='ltr'>Simlerum</span> <span class='ocrx_word' id='word_1_490' title='bbox 1685 1936 1725 1970; x_wconf 90' lang='lat' dir='ltr'>et</span> <span class='ocrx_word' id='word_1_491' title='bbox 1749 1931 1846 1970; x_wconf 90' lang='lat' dir='ltr'>alios</span> <span class='ocrx_word' id='word_1_492' title='bbox 1880 1930 2072 1970; x_wconf 89' lang='lat' dir='ltr'>Christia-</span> 
     </span>
     <span class='ocr_line' id='line_1_79' title="bbox 1109 1992 2072 2046; baseline -0.005 -12"><span class='ocrx_word' id='word_1_493' title='bbox 1109 2006 1185 2035; x_wconf 87' lang='lat' dir='ltr'>nus</span> <span class='ocrx_word' id='word_1_494' title='bbox 1208 1996 1403 2034; x_wconf 89' lang='lat' dir='ltr'>Daumius</span> <span class='ocrx_word' id='word_1_495' title='bbox 1432 1994 1612 2046; x_wconf 87' lang='lat' dir='ltr'>Epistola</span> <span class='ocrx_word' id='word_1_496' title='bbox 1642 1993 1689 2033; x_wconf 90' lang='lat' dir='ltr'>ad</span> <span class='ocrx_word' id='word_1_497' title='bbox 1720 1992 1924 2032; x_wconf 86' lang='lat' dir='ltr'>Nicolaum</span> <span class='ocrx_word' id='word_1_498' title='bbox 1954 1993 2072 2031; x_wconf 84' lang='lat' dir='ltr'>Hein-</span> 
     </span>
     <span class='ocr_line' id='line_1_80' title="bbox 1108 2057 2069 2108; baseline -0.005 -11"><span class='ocrx_word' id='word_1_499' title='bbox 1108 2060 1212 2098; x_wconf 87' lang='lat' dir='ltr'>sium</span> <span class='ocrx_word' id='word_1_500' title='bbox 1237 2061 1332 2096; x_wconf 91' lang='lat' dir='ltr'>tom.</span> <span class='ocrx_word' id='word_1_501' title='bbox 1356 2058 1400 2096; x_wconf 91' lang='lat' dir='ltr'>V.</span> <span class='ocrx_word' id='word_1_502' title='bbox 1433 2057 1608 2108; x_wconf 77' lang='lat' dir='ltr'>sylloges</span> <span class='ocrx_word' id='word_1_503' title='bbox 1633 2057 1953 2095; x_wconf 86' lang='lat' dir='ltr'>Burmannianas</span> <span class='ocrx_word' id='word_1_504' title='bbox 1982 2066 2069 2106; x_wconf 88' lang='lat' dir='ltr'>pag.</span> 
     </span>
     <span class='ocr_line' id='line_1_81' title="bbox 1106 2117 2072 2160; baseline -0.006 0"><span class='ocrx_word' id='word_1_505' title='bbox 1106 2120 1196 2160; x_wconf 72' lang='grc'>247.</span> <span class='ocrx_word' id='word_1_506' title='bbox 1226 2119 1407 2159; x_wconf 87' lang='lat' dir='ltr'>Eandem</span> <span class='ocrx_word' id='word_1_507' title='bbox 1438 2120 1474 2156; x_wconf 94' lang='lat' dir='ltr'>in</span> <span class='ocrx_word' id='word_1_508' title='bbox 1506 2119 1742 2158; x_wconf 88' lang='lat' dir='ltr'>Monasterio</span> <span class='ocrx_word' id='word_1_509' title='bbox 1773 2118 1908 2156; x_wconf 88' lang='lat' dir='ltr'>Italiae</span> <span class='ocrx_word' id='word_1_510' title='bbox 1938 2117 2072 2156; x_wconf 86' lang='lat' dir='ltr'>Cassi-</span> 
     </span>
     <span class='ocr_line' id='line_1_82' title="bbox 1105 2179 2072 2233; baseline -0.005 -11"><span class='ocrx_word' id='word_1_511' title='bbox 1105 2184 1220 2222; x_wconf 87' lang='lat' dir='ltr'>nensi</span> <span class='ocrx_word' id='word_1_512' title='bbox 1244 2192 1462 2233; x_wconf 86' lang='lat' dir='ltr'>usurpasse</span> <span class='ocrx_word' id='word_1_513' title='bbox 1484 2193 1527 2220; x_wconf 93' lang='lat' dir='ltr'>se</span> <span class='ocrx_word' id='word_1_514' title='bbox 1548 2181 1674 2220; x_wconf 91' lang='lat' dir='ltr'>oculis</span> <span class='ocrx_word' id='word_1_515' title='bbox 1695 2181 1848 2219; x_wconf 88' lang='lat' dir='ltr'>monuit</span> <span class='ocrx_word' id='word_1_516' title='bbox 1869 2185 1908 2218; x_wconf 88' lang='lat' dir='ltr'>et</span> <span class='ocrx_word' id='word_1_517' title='bbox 1928 2179 2072 2218; x_wconf 77' lang='lat' dir='ltr'>exinde</span> 
     </span>
     <span class='ocr_line' id='line_1_83' title="bbox 1106 2243 2072 2295; baseline -0.004 -11"><span class='ocrx_word' id='word_1_518' title='bbox 1106 2256 1251 2284; x_wconf 81' lang='lat' dir='ltr'>versus</span> <span class='ocrx_word' id='word_1_519' title='bbox 1274 2243 1469 2295; x_wconf 88' lang='lat' dir='ltr'>quosdam</span> <span class='ocrx_word' id='word_1_520' title='bbox 1495 2243 1681 2295; x_wconf 78' lang='lat' dir='ltr'>produxit</span> <span class='ocrx_word' id='word_1_521' title='bbox 1713 2244 1771 2282; x_wconf 88' lang='lat' dir='ltr'>J0.</span> <span class='ocrx_word' id='word_1_522' title='bbox 1803 2244 2072 2294; x_wconf 86' lang='lat' dir='ltr'>Cuspinianus</span> 
     </span>
     <span class='ocr_line' id='line_1_84' title="bbox 1108 2306 2072 2355; baseline -0.003 -9"><span class='ocrx_word' id='word_1_523' title='bbox 1108 2310 1147 2347; x_wconf 92' lang='lat' dir='ltr'>in</span> <span class='ocrx_word' id='word_1_524' title='bbox 1164 2307 1403 2348; x_wconf 87' lang='lat' dir='ltr'>Caesaribus</span> <span class='ocrx_word' id='word_1_525' title='bbox 1419 2337 1426 2355; x_wconf 79' lang='lat'>,</span> <span class='ocrx_word' id='word_1_526' title='bbox 1444 2306 1551 2346; x_wconf 90' lang='lat' dir='ltr'>unde</span> <span class='ocrx_word' id='word_1_527' title='bbox 1573 2317 1661 2345; x_wconf 88' lang='lat' dir='ltr'>eam</span> <span class='ocrx_word' id='word_1_528' title='bbox 1681 2307 1759 2345; x_wconf 88' lang='lat' dir='ltr'>MS.</span> <span class='ocrx_word' id='word_1_529' title='bbox 1783 2307 1935 2344; x_wconf 85' lang='lat' dir='ltr'>servari</span> <span class='ocrx_word' id='word_1_530' title='bbox 1955 2306 2072 2344; x_wconf 84' lang='lat' dir='ltr'>Vien-</span> 
     </span>
     <span class='ocr_line' id='line_1_85' title="bbox 1108 2367 2073 2421; baseline -0.005 -11"><span class='ocrx_word' id='word_1_531' title='bbox 1108 2382 1181 2409; x_wconf 92' lang='lat' dir='ltr'>nae</span> <span class='ocrx_word' id='word_1_532' title='bbox 1202 2371 1431 2421; x_wconf 89' lang='lat' dir='ltr'>suspicatus</span> <span class='ocrx_word' id='word_1_533' title='bbox 1445 2374 1508 2408; x_wconf 91' lang='lat' dir='ltr'>est</span> <span class='ocrx_word' id='word_1_534' title='bbox 1524 2369 1710 2408; x_wconf 88' lang='lat' dir='ltr'>Barthius</span> <span class='ocrx_word' id='word_1_535' title='bbox 1723 2370 1797 2407; x_wconf 82' lang='lat' dir='ltr'>LV.</span> <span class='ocrx_word' id='word_1_536' title='bbox 1815 2369 1850 2407; x_wconf 73' lang='lat'>2.</span> <span class='ocrx_word' id='word_1_537' title='bbox 1870 2367 2073 2406; x_wconf 81' lang='lat' dir='ltr'>Adversa·</span> 
     </span>
     <span class='ocr_line' id='line_1_86' title="bbox 1109 2429 2071 2482; baseline -0.004 -11"><span class='ocrx_word' id='word_1_538' title='bbox 1109 2434 1256 2471; x_wconf 90' lang='lat' dir='ltr'>riorum</span> <span class='ocrx_word' id='word_1_539' title='bbox 1281 2443 1366 2482; x_wconf 86' lang='lat' dir='ltr'>pag.</span> <span class='ocrx_word' id='word_1_540' title='bbox 1389 2432 1505 2470; x_wconf 74' lang='lat'>258¹.</span> <span class='ocrx_word' id='word_1_541' title='bbox 1537 2431 1647 2470; x_wconf 91' lang='lat' dir='ltr'>Idem</span> <span class='ocrx_word' id='word_1_542' title='bbox 1671 2435 1809 2470; x_wconf 89' lang='lat' dir='ltr'>auctor</span> <span class='ocrx_word' id='word_1_543' title='bbox 1832 2429 2071 2468; x_wconf 84' lang='lat' dir='ltr'>Joannei&#39;dos</span> 
     </span>
     <span class='ocr_line' id='line_1_87' title="bbox 1110 2491 2072 2543; baseline -0.005 -10"><span class='ocrx_word' id='word_1_544' title='bbox 1110 2495 1184 2534; x_wconf 90' lang='lat' dir='ltr'>sub</span> <span class='ocrx_word' id='word_1_545' title='bbox 1208 2495 1305 2533; x_wconf 87' lang='lat' dir='ltr'>falso</span> <span class='ocrx_word' id='word_1_546' title='bbox 1329 2493 1594 2532; x_wconf 75' lang='lat' dir='ltr'>CRASTONII</span> <span class='ocrx_word' id='word_1_547' title='bbox 1620 2494 1777 2543; x_wconf 89' lang='lat' dir='ltr'>Corippi</span> <span class='ocrx_word' id='word_1_548' title='bbox 1801 2494 1960 2530; x_wconf 89' lang='lat' dir='ltr'>nomine</span> <span class='ocrx_word' id='word_1_549' title='bbox 1989 2491 2072 2529; x_wconf 89' lang='lat' dir='ltr'>lau-</span> 
     </span>
     <span class='ocr_line' id='line_1_88' title="bbox 1110 2553 2071 2606; baseline -0.004 -11"><span class='ocrx_word' id='word_1_550' title='bbox 1110 2557 1226 2596; x_wconf 86' lang='lat' dir='ltr'>datur</span> <span class='ocrx_word' id='word_1_551' title='bbox 1254 2566 1275 2594; x_wconf 92' lang='lat' dir='ltr'>a</span> <span class='ocrx_word' id='word_1_552' title='bbox 1304 2556 1360 2594; x_wconf 91' lang='lat' dir='ltr'>J0.</span> <span class='ocrx_word' id='word_1_553' title='bbox 1391 2555 1646 2605; x_wconf 90' lang='lat' dir='ltr'>Cuspiniano.</span> <span class='ocrx_word' id='word_1_554' title='bbox 1678 2555 1776 2600; x_wconf 89' lang='lat' dir='ltr'>Quis</span> <span class='ocrx_word' id='word_1_555' title='bbox 1801 2554 1884 2606; x_wconf 89' lang='lat' dir='ltr'>jam</span> <span class='ocrx_word' id='word_1_556' title='bbox 1918 2553 2071 2591; x_wconf 75' lang='lat' dir='ltr'>dubitet</span> 
     </span>
     <span class='ocr_line' id='line_1_89' title="bbox 1112 2613 2070 2666; baseline -0.003 -10"><span class='ocrx_word' id='word_1_557' title='bbox 1112 2618 1215 2657; x_wconf 91' lang='lat' dir='ltr'>idem</span> <span class='ocrx_word' id='word_1_558' title='bbox 1248 2617 1321 2655; x_wconf 89' lang='lat' dir='ltr'>hoc</span> <span class='ocrx_word' id='word_1_559' title='bbox 1353 2627 1442 2654; x_wconf 87' lang='lat' dir='ltr'>esse</span> <span class='ocrx_word' id='word_1_560' title='bbox 1479 2627 1579 2666; x_wconf 88' lang='lat' dir='ltr'>opus</span> <span class='ocrx_word' id='word_1_561' title='bbox 1615 2617 1816 2655; x_wconf 84' lang='lat' dir='ltr'>Cresconii</span> <span class='ocrx_word' id='word_1_562' title='bbox 1857 2616 1894 2652; x_wconf 91' lang='lat' dir='ltr'>in</span> <span class='ocrx_word' id='word_1_563' title='bbox 1929 2613 2070 2653; x_wconf 89' lang='lat' dir='ltr'>Codice</span> 
     </span>
     <span class='ocr_line' id='line_1_90' title="bbox 1108 2678 2070 2728; baseline -0.004 -10"><span class='ocrx_word' id='word_1_564' title='bbox 1108 2679 1406 2719; x_wconf 73' lang='lat' dir='ltr'>Valliscellanae</span> <span class='ocrx_word' id='word_1_565' title='bbox 1428 2683 1691 2716; x_wconf 88' lang='lat' dir='ltr'>memoratum</span> <span class='ocrx_word' id='word_1_566' title='bbox 1710 2691 1718 2727; x_wconf 80' lang='lat'>3</span> <span class='ocrx_word' id='word_1_567' title='bbox 1741 2683 1781 2716; x_wconf 87' lang='lat' dir='ltr'>et</span> <span class='ocrx_word' id='word_1_568' title='bbox 1803 2678 1958 2728; x_wconf 88' lang='lat' dir='ltr'>Corippi</span> <span class='ocrx_word' id='word_1_569' title='bbox 1979 2681 2070 2727; x_wconf 77' lang='lat' dir='ltr'>poe-</span> 
     </span>
     <span class='ocr_line' id='line_1_91' title="bbox 1112 2739 2068 2790; baseline -0.002 -10"><span class='ocrx_word' id='word_1_570' title='bbox 1112 2753 1174 2780; x_wconf 90' lang='lat' dir='ltr'>ma</span> <span class='ocrx_word' id='word_1_571' title='bbox 1203 2741 1252 2779; x_wconf 91' lang='lat' dir='ltr'>de</span> <span class='ocrx_word' id='word_1_572' title='bbox 1288 2741 1401 2779; x_wconf 85' lang='lat' dir='ltr'>bellis</span> <span class='ocrx_word' id='word_1_573' title='bbox 1438 2739 1619 2789; x_wconf 78' lang='lat' dir='ltr'>Libycis,</span> <span class='ocrx_word' id='word_1_574' title='bbox 1663 2739 1766 2790; x_wconf 91' lang='lat' dir='ltr'>quod</span> <span class='ocrx_word' id='word_1_575' title='bbox 1810 2739 1943 2778; x_wconf 91' lang='lat' dir='ltr'>laudat</span> <span class='ocrx_word' id='word_1_576' title='bbox 1992 2740 2068 2778; x_wconf 90' lang='lat' dir='ltr'>Leo</span> 
     </span>
     <span class='ocr_line' id='line_1_92' title="bbox 1110 2801 2068 2853; baseline -0.002 -11"><span class='ocrx_word' id='word_1_577' title='bbox 1110 2805 1352 2842; x_wconf 86' lang='lat' dir='ltr'>Marsicanus</span> <span class='ocrx_word' id='word_1_578' title='bbox 1378 2803 1440 2840; x_wconf 88' lang='lat'>111.</span> <span class='ocrx_word' id='word_1_579' title='bbox 1467 2802 1516 2840; x_wconf 75' lang='lat'>62</span> <span class='ocrx_word' id='word_1_580' title='bbox 1535 2833 1542 2852; x_wconf 92' lang='lat'>,</span> <span class='ocrx_word' id='word_1_581' title='bbox 1564 2814 1650 2853; x_wconf 83' lang='lat' dir='ltr'>pag.</span> <span class='ocrx_word' id='word_1_582' title='bbox 1684 2803 1772 2840; x_wconf 85' lang='lat'>339.</span> <span class='ocrx_word' id='word_1_583' title='bbox 1795 2807 1834 2840; x_wconf 86' lang='lat' dir='ltr'>et</span> <span class='ocrx_word' id='word_1_584' title='bbox 1858 2801 1960 2852; x_wconf 88' lang='lat' dir='ltr'>quod</span> <span class='ocrx_word' id='word_1_585' title='bbox 1987 2814 2068 2841; x_wconf 90' lang='lat' dir='ltr'>me-</span> 
     </span>
     <span class='ocr_line' id='line_1_93' title="bbox 1111 2864 2069 2916; baseline -0.001 -12"><span class='ocrx_word' id='word_1_586' title='bbox 1111 2869 1238 2904; x_wconf 86' lang='lat' dir='ltr'>morat</span> <span class='ocrx_word' id='word_1_587' title='bbox 1261 2864 1454 2915; x_wconf 86' lang='lat' dir='ltr'>Corippus</span> <span class='ocrx_word' id='word_1_588' title='bbox 1479 2865 1562 2914; x_wconf 89' lang='lat' dir='ltr'>ipso</span> <span class='ocrx_word' id='word_1_589' title='bbox 1588 2866 1624 2902; x_wconf 93' lang='lat' dir='ltr'>in</span> <span class='ocrx_word' id='word_1_590' title='bbox 1652 2865 1872 2915; x_wconf 77' lang='lat' dir='ltr'>fragmento</span> <span class='ocrx_word' id='word_1_591' title='bbox 1895 2875 2069 2916; x_wconf 73' lang='lat' dir='ltr'>panegy-</span> 
     </span>
     <span class='ocr_line' id='line_1_94' title="bbox 1112 2927 1863 2966; baseline -0.001 -1"><span class='ocrx_word' id='word_1_592' title='bbox 1112 2929 1179 2966; x_wconf 85' lang='lat' dir='ltr'>rici</span> <span class='ocrx_word' id='word_1_593' title='bbox 1209 2928 1247 2965; x_wconf 89' lang='lat' dir='ltr'>in</span> <span class='ocrx_word' id='word_1_594' title='bbox 1277 2927 1478 2965; x_wconf 86' lang='lat' dir='ltr'>Justinum</span> <span class='ocrx_word' id='word_1_595' title='bbox 1510 2927 1701 2964; x_wconf 82' lang='lat' dir='ltr'>minorem</span> <span class='ocrx_word' id='word_1_596' title='bbox 1732 2938 1770 2964; x_wconf 94' lang='lat' dir='ltr'>v.</span> <span class='ocrx_word' id='word_1_597' title='bbox 1800 2927 1863 2966; x_wconf 81' lang='lat'>35.</span> 
     </span>
    </p>
   </div>
   <div class='ocr_carea' id='block_1_7' title="bbox 1124 2995 2070 3085">
    <p class='ocr_par' dir='ltr' id='par_1_9' title="bbox 1124 2995 2070 3085">
     <span class='ocr_line' id='line_1_95' title="bbox 1124 2995 2070 3036; baseline -0.003 -6"><span class='ocrx_word' id='word_1_598' title='bbox 1124 2998 1210 3036; x_wconf 84' lang='lat' dir='ltr'>Quid</span> <span class='ocrx_word' id='word_1_599' title='bbox 1232 2997 1370 3036; x_wconf 77' lang='lat' dir='ltr'>Libycas</span> <span class='ocrx_word' id='word_1_600' title='bbox 1393 3000 1506 3035; x_wconf 81' lang='lat' dir='ltr'>gentes</span> <span class='ocrx_word' id='word_1_601' title='bbox 1521 3021 1530 3034; x_wconf 92' lang='lat'>,</span> <span class='ocrx_word' id='word_1_602' title='bbox 1555 2996 1636 3035; x_wconf 84' lang='lat' dir='ltr'>quid</span> <span class='ocrx_word' id='word_1_603' title='bbox 1660 2997 1789 3035; x_wconf 75' lang='lat' dir='ltr'>Syrtica</span> <span class='ocrx_word' id='word_1_604' title='bbox 1813 2995 1938 3036; x_wconf 80' lang='lat' dir='ltr'>praelia</span> <span class='ocrx_word' id='word_1_605' title='bbox 1960 2995 2070 3028; x_wconf 79' lang='lat' dir='ltr'>dicam</span> 
     </span>
     <span class='ocr_line' id='line_1_96' title="bbox 1125 3045 1802 3085; baseline -0.003 -7"><span class='ocrx_word' id='word_1_606' title='bbox 1125 3051 1196 3078; x_wconf 84' lang='lat' dir='ltr'>Jain</span> <span class='ocrx_word' id='word_1_607' title='bbox 1218 3046 1311 3077; x_wconf 83' lang='lat' dir='ltr'>libris</span> <span class='ocrx_word' id='word_1_608' title='bbox 1335 3045 1498 3085; x_wconf 78' lang='lat' dir='ltr'>completa</span> <span class='ocrx_word' id='word_1_609' title='bbox 1520 3047 1602 3076; x_wconf 81' lang='lat' dir='ltr'>meis</span> <span class='ocrx_word' id='word_1_610' title='bbox 1627 3068 1802 3080; x_wconf 86' lang='grc'>......</span> 
     </span>
    </p>
   </div>
   <div class='ocr_carea' id='block_1_8' title="bbox 1109 3105 2064 3156">
    <p class='ocr_par' dir='ltr' id='par_1_10' title="bbox 1109 3105 2064 3156">
     <span class='ocr_line' id='line_1_97' title="bbox 1109 3105 2064 3156; baseline 0 -11"><span class='ocrx_word' id='word_1_611' title='bbox 1109 3108 1216 3153; x_wconf 85' lang='lat' dir='ltr'>Quae</span> <span class='ocrx_word' id='word_1_612' title='bbox 1244 3117 1338 3144; x_wconf 85' lang='lat' dir='ltr'>vero</span> <span class='ocrx_word' id='word_1_613' title='bbox 1367 3105 1442 3144; x_wconf 86' lang='lat' dir='ltr'>sub</span> <span class='ocrx_word' id='word_1_614' title='bbox 1471 3106 1623 3156; x_wconf 91' lang='lat' dir='ltr'>Corippi</span> <span class='ocrx_word' id='word_1_615' title='bbox 1660 3108 1818 3144; x_wconf 89' lang='lat' dir='ltr'>nomine</span> <span class='ocrx_word' id='word_1_616' title='bbox 1861 3107 1968 3156; x_wconf 62' lang='lat' dir='ltr'>typis</span> <span class='ocrx_word' id='word_1_617' title='bbox 1997 3118 2064 3145; x_wconf 80' lang='lat' dir='ltr'>ex-</span> 
     </span>
    </p>
   </div>
   <div class='ocr_carea' id='block_1_9' title="bbox 1100 3217 2067 3402">
    <p class='ocr_par' dir='ltr' id='par_1_11' title="bbox 1100 3217 2067 3402">
     <span class='ocr_line' id='line_1_98' title="bbox 1161 3217 2066 3258; baseline 0.004 -10"><span class='ocrx_word' id='word_1_618' title='bbox 1161 3218 1193 3255; x_wconf 82' lang='lat' dir='ltr'>a)</span> <span class='ocrx_word' id='word_1_619' title='bbox 1221 3220 1330 3258; x_wconf 79' lang='lat' dir='ltr'>Longe</span> <span class='ocrx_word' id='word_1_620' title='bbox 1352 3218 1418 3249; x_wconf 62' lang='lat' dir='ltr'>alia</span> <span class='ocrx_word' id='word_1_621' title='bbox 1446 3219 1548 3257; x_wconf 81' lang='lat' dir='ltr'>igitur</span> <span class='ocrx_word' id='word_1_622' title='bbox 1571 3217 1653 3250; x_wconf 81' lang='lat' dir='ltr'>baec</span> <span class='ocrx_word' id='word_1_623' title='bbox 1679 3221 1821 3251; x_wconf 76' lang='lat' dir='ltr'>victoria</span> <span class='ocrx_word' id='word_1_624' title='bbox 1845 3224 1877 3252; x_wconf 85' lang='lat' dir='ltr'>et</span> <span class='ocrx_word' id='word_1_625' title='bbox 1903 3220 1988 3252; x_wconf 77' lang='lat' dir='ltr'>alius</span> <span class='ocrx_word' id='word_1_626' title='bbox 2014 3224 2066 3252; x_wconf 85' lang='lat' dir='ltr'>Jo-</span> 
     </span>
     <span class='ocr_line' id='line_1_99' title="bbox 1101 3268 2067 3310; baseline 0.003 -11"><span class='ocrx_word' id='word_1_627' title='bbox 1101 3269 1257 3305; x_wconf 80' lang='lat' dir='ltr'>iianncs‚</span> <span class='ocrx_word' id='word_1_628' title='bbox 1288 3268 1327 3299; x_wconf 82' lang='lat' dir='ltr'>de</span> <span class='ocrx_word' id='word_1_629' title='bbox 1361 3277 1426 3307; x_wconf 86' lang='lat' dir='ltr'>quo</span> <span class='ocrx_word' id='word_1_630' title='bbox 1464 3269 1630 3300; x_wconf 85' lang='lat' dir='ltr'>Cedrenus</span> <span class='ocrx_word' id='word_1_631' title='bbox 1659 3269 1747 3308; x_wconf 86' lang='lat' dir='ltr'>apud</span> <span class='ocrx_word' id='word_1_632' title='bbox 1777 3271 1965 3310; x_wconf 74' lang='lat' dir='ltr'>Congium,</span> <span class='ocrx_word' id='word_1_633' title='bbox 1991 3271 2067 3302; x_wconf 70' lang='lat' dir='ltr'>Lab</span> 
     </span>
     <span class='ocr_line' id='line_1_100' title="bbox 1100 3318 2067 3362; baseline 0.003 -12"><span class='ocrx_word' id='word_1_634' title='bbox 1100 3319 1201 3350; x_wconf 69' lang='lat' dir='ltr'>boum</span> <span class='ocrx_word' id='word_1_635' title='bbox 1225 3322 1306 3350; x_wconf 84' lang='grc'>10111.</span> <span class='ocrx_word' id='word_1_636' title='bbox 1334 3321 1386 3350; x_wconf 73' lang='lat' dir='ltr'>Vl.</span> <span class='ocrx_word' id='word_1_637' title='bbox 1411 3318 1537 3351; x_wconf 79' lang='lat' dir='ltr'>concil.</span> <span class='ocrx_word' id='word_1_638' title='bbox 1557 3327 1631 3362; x_wconf 82' lang='lat' dir='ltr'>pag.</span> <span class='ocrx_word' id='word_1_639' title='bbox 1653 3318 1744 3352; x_wconf 81' lang='grc'>1581.</span> <span class='ocrx_word' id='word_1_640' title='bbox 1768 3326 1799 3353; x_wconf 84' lang='lat' dir='ltr'>et</span> <span class='ocrx_word' id='word_1_641' title='bbox 1823 3322 2001 3354; x_wconf 72' lang='lat' dir='ltr'>Beronium</span> <span class='ocrx_word' id='word_1_642' title='bbox 2026 3321 2067 3353; x_wconf 79' lang='lat' dir='ltr'>ad</span> 
     </span>
     <span class='ocr_line' id='line_1_101' title="bbox 1104 3370 1433 3402; baseline -0.003 0"><span class='ocrx_word' id='word_1_643' title='bbox 1104 3373 1164 3402; x_wconf 76' lang='lat' dir='ltr'>An.</span> <span class='ocrx_word' id='word_1_644' title='bbox 1188 3370 1262 3400; x_wconf 66' lang='lat'>696.</span> <span class='ocrx_word' id='word_1_645' title='bbox 1292 3379 1322 3400; x_wconf 90' lang='grc'>11.</span> <span class='ocrx_word' id='word_1_646' title='bbox 1348 3372 1433 3401; x_wconf 75' lang='lat' dir='ltr'>xlii.</span> 
     </span>
    </p>
   </div>
   <div class='ocr_carea' id='block_1_10' title="bbox 1710 3441 1756 3478">
    <p class='ocr_par' dir='ltr' id='par_1_12' title="bbox 1710 3441 1756 3478">
     <span class='ocr_line' id='line_1_102' title="bbox 1710 3441 1756 3478; baseline -0.022 0"><span class='ocrx_word' id='word_1_647' title='bbox 1710 3441 1756 3478; x_wconf 70' lang='grc' dir='ltr'>,Ἣ</span> 
     </span>
    </p>
   </div>
  </div>
 </body>
</html>
