2500 3841
862 230 1273 273 BARZlZlus

79 296 223 336 ut'alia'
243 295 429 335 Merklino
453 301 667 337 memorata
690 303 945 349 praeteream.
961 302 1025 340 Vi-

77 358 126 396 de
142 358 222 398 Nic.
253 358 500 397 Comnenum
523 359 757 411 Papadopoli
781 361 829 400 de
852 362 1024 412 Gymna-

75 419 132 457 sio
154 419 341 457 Patavino
365 423 473 457 tomo
497 420 512 458 I
536 432 624 471 pag.
650 422 722 460 294
757 433 839 473 seq.

127 479 383 532 Guinofortus
395 480 661 530 BARZlZIUS,
681 484 883 534 Casparini
901 487 940 524 F.
958 498 1025 524 na-

74 546 119 580 tu
140 542 285 591 minor,
305 546 345 581 et
367 543 450 593 ipse
469 543 593 582 bonas
615 545 767 584 litteras
791 545 923 584 docuit
949 548 1023 586 No-

71 603 203 642 variae
221 604 418 653 primum,
444 603 585 643 deinde
625 606 761 645 itidem
791 607 1021 656 Mediolani,

71 666 188 715 cujus
212 664 418 704 Orationes
440 670 480 704 et
502 665 712 717 Epistolas,
735 680 814 707 una
835 680 926 708 cum
956 671 1024 708 Pa-

72 727 144 765 tris
165 727 322 778 scriptis
344 727 561 778 publicavit
585 729 769 768 laudatus
785 731 995 770 Furiettus.

121 787 144 811 *³
163 789 302 829 Nescio
338 800 387 828 an
430 801 603 841 unquam
641 791 844 841 prodierit,
881 803 952 832 seu
982 794 1020 831 in

69 850 174 889 MSS.
195 850 324 890 adhuc
339 853 511 901 supersit
526 853 716 902 scriptum
733 853 826 892 illud
842 853 1020 892 eiusdem

69 912 246 951 authoris
267 911 314 951 de
330 911 491 963 Amore,
516 915 630 953 cuius
667 915 750 965 ipse
771 916 951 954 meminit
982 917 1019 953 in

69 974 233 1025 epistola
268 974 317 1013 ad
353 975 563 1026 Georgium
601 976 854 1015 Cathalactae
876 977 969 1026 Regi
997 987 1020 1015 a

68 1037 232 1075 secretis
271 1036 418 1075 verbis.
457 1036 519 1076 Ad
558 1037 809 1089 Magynificum
851 1038 1019 1076 Heroem

68 1096 309 1136 Franciscus
344 1097 533 1150 Sciriyles
571 1098 617 1137 de
652 1110 787 1137 amore
819 1096 1018 1137 consultus

72 1159 278 1198 Veritatem
294 1153 442 1212 potius,
463 1172 582 1212 quam
598 1160 812 1200 vanitatem
830 1163 1019 1211 sequutus

67 1219 208 1260 scribo.
233 1221 430 1261 Nonnulla
457 1222 533 1262 vix
552 1235 599 1261 ea
617 1221 663 1261 de
685 1234 729 1261 re
751 1221 889 1273 atciqi,
914 1221 1020 1260 incle-

66 1282 151 1322 cisa
166 1294 428 1334 percurrens,
459 1296 561 1335 quae
588 1283 627 1323 si
660 1283 906 1323 discutienda
931 1283 1019 1336 sue-

65 1343 171 1393 rint,
189 1355 260 1383 nos
280 1344 321 1383 in
336 1344 627 1397 philosophiam
649 1345 799 1384 ducent.
821 1345 1019 1384 Nonnulla

72 1417 128 1446 ea:
170 1406 308 1446 mediis
348 1406 615 1460 Philosophiae
649 1406 835 1447 claustris
867 1407 1014 1457 eduaei,

65 1468 234 1508 Caetera
249 1468 400 1521 partim
434 1468 560 1508 alieno
590 1469 805 1508 testimonio
837 1481 1014 1521 compro-

65 1529 173 1580 bavi,
189 1530 341 1581 partim
359 1529 548 1582 cuiusque
570 1531 685 1569 tacito
696 1531 849 1582 judicio
873 1543 928 1571 eae
949 1543 1013 1570 re-

61 1583 153 1631 ruin
169 1592 484 1644 praeteritarum
499 1592 705 1641 memoria,
725 1593 1012 1645 praesentium-

61 1666 137 1707 que
162 1657 357 1707 respectu,
374 1653 525 1707 partim
547 1666 602 1694 ρας
624 1654 684 1694 his
702 1655 860 1706 quaein
873 1666 914 1694 se
929 1655 1011 1708 ipso

61 1715 226 1769 quisque
242 1715 400 1766 sentiat,
419 1715 483 1756 vel
500 1715 540 1755 in
557 1715 649 1756 aliis
671 1720 839 1765 cernat„
849 1716 1012 1769 fatenda

57 1777 260 1831 proposui.

115 1842 158 1880 ln
181 1839 360 1879 Biblioth.
383 1839 634 1879 Riccardiana
649 1844 787 1879 extant
801 1841 907 1879 MSS.
926 1846 1012 1880 octo

59 1902 146 1941 eius
167 1902 375 1953 epistolae,
399 1913 449 1940 ex
472 1902 616 1952 quibus
637 1903 815 1953 geminas
831 1903 1011 1954 vulgavit

59 1965 107 2004 cl.
134 1965 291 2004 Lamius
306 1966 345 2002 in
360 1965 482 2004 Catal.
504 1964 628 2003 eiusd.
646 1965 825 2003 Biblioth.
842 1975 927 2015 pag.
946 1965 1008 2003 38.

60 2026 248 2065 Geminae
268 2027 366 2064 istae
388 2030 434 2064 ut
451 2026 548 2064 aliae
571 2025 749 2065 eiusdem
773 2025 865 2066 Cod.
883 2030 926 2064 ut
939 2037 1011 2076 pu-

64 2092 121 2139 to,
146 2089 184 2126 in
209 2088 356 2139 sylloge
379 2087 525 2127 Furieti
549 2098 628 2125 non
647 2087 844 2138 leguntur.

113 2148 277 2189 Thomas
296 2148 526 2198 BASINUS,
549 2149 650 2187 infra
671 2149 894 2188 BAZINUS.

109 2211 386 2252 BASSATIUS
401 2212 651 2252 Cassinensis
672 2211 823 2262 Abbas,
847 2212 913 2262 qui
929 2210 1009 2250 An-

58 2285 108 2312 no
127 2275 202 2314 856
225 2273 332 2319 obiit,
358 2285 381 2313 a
402 2275 515 2312 Petro
538 2274 707 2312 Diacono
741 2285 824 2325 cap.
863 2275 918 2313 lX
946 2275 1008 2312 vir

62 2337 275 2387 Scripturis
297 2336 445 2375 sanctis
467 2335 626 2374 deditus
648 2339 688 2374 et
708 2337 846 2374 notitia
871 2333 1008 2376 Eccle-

59 2399 204 2436 siastici
227 2397 421 2448 dogmatis
439 2398 679 2436 sufficienter
694 2399 913 2437 instructus
928 2402 1008 2437 tra-

58 2459 164 2498 ditur
172 2460 297 2498 multa
311 2460 579 2509 composuisse
588 2458 709 2497 nitido
725 2460 822 2497 satis
840 2462 880 2497 et
897 2470 1007 2510 aper-

58 2525 98 2558 to
121 2531 314 2559 sermone.
338 2521 498 2559 Nullum
514 2524 646 2563 tamen
661 2531 799 2559 eorum
816 2521 1004 2567 nominat,

5 2596 9 2603 ¹
61 2592 191 2632 neque
206 2582 274 2630 qui
289 2582 448 2620 Petrum
458 2581 560 2618 notis
580 2581 793 2620 illustravit
806 2583 862 2619 Jo.
880 2582 1009 2631 Bapti-

61 2648 123 2683 sta
142 2643 289 2682 Marus.

116 2702 364 2746 Castellanus
376 2702 748 2751 BASSIANENSIS,
765 2709 900 2743 auctor
916 2705 1008 2744 Car-

62 2768 197 2816 minis,
219 2768 282 2805 cui
306 2765 446 2804 titulus
475 2776 567 2815 pax
593 2765 817 2813 Venetiana,
843 2766 890 2804 de
914 2778 1007 2816 pace

62 2829 246 2869 Friderici
267 2827 525 2867 Barbarossae
550 2827 644 2876 lmp.
674 2837 766 2864 cum
785 2826 1006 2866 Alexandro

61 2893 115 2931 111
137 2890 341 2938 pontifice,
376 2889 425 2928 ad
464 2891 490 2928 F
495 2890 718 2928 ranciscum
759 2888 1006 2939 Dandulum‚

62 2954 315 2994 venetiarum
327 2953 476 2990 Ducem
490 2950 562 2989 An.
581 2953 595 2990 4
607 2950 693 2989 327.
713 2950 806 2989 Vide
826 2951 1007 2990 Vossium

63 3027 148 3068 pag.
171 3014 248 3068 798
272 3014 319 3053 de
344 3014 434 3052 hist.
454 3015 537 3052 Lat.

117 3076 392 3118 BASSIANUS
419 3074 675 3123 Dardadone,
710 3075 841 3114 Ordin.
875 3076 1007 3114 Minor.

65 3140 181 3192 cujus
207 3139 292 3180 Vita
312 3137 451 3178 Jacobi
470 3139 516 3178 de
541 3137 633 3177 Olde
656 3138 785 3177 Presb.
810 3138 881 3176 An.
908 3137 1010 3176 4404

66 3207 199 3243 exstat
219 3204 259 3250 in
277 3201 387 3241 Actis
412 3203 588 3241 Sanctor.
607 3202 655 3240 48
670 3200 813 3252 Aprilis
832 3203 936 3237 tomo
962 3200 1010 3248 11,

66 3277 152 3318 pag.
179 3265 266 3306 604.

123 3325 310 3369 Robertus
324 3326 585 3369 BASTONUS
603 3355 612 3375 ,
626 3325 835 3366 Carmelita
845 3356 855 3373 ‚
870 3323 1013 3362 Rhetor

1974 238 2047 284 171

1099 311 1139 345 et
1157 311 1271 358 poeta
1285 305 1422 345 Oxonii
1445 305 1644 346 laureatus
1660 305 1709 345 ab
1723 305 1905 347 Eduardo
1925 309 2047 360 Rege,

1094 368 1233 420 jussus
1255 369 1300 408 A.
1323 369 1425 409 4304
1449 379 1558 408 arma
1577 369 1700 419 ipsius
1721 369 1895 408 victricia
1917 374 1958 409 et
1981 371 2047 409 ob-

1096 431 1286 469 sidionem
1301 433 1402 469 arcis
1413 432 1617 470 Scotorum
1634 431 2046 481 Strivelinsiscanere,

1096 492 1231 531 incidit
1252 504 1354 531 anno
1377 496 1468 543 post
1491 494 1526 530 in
1553 503 1695 532 manus
1720 493 1924 533 Scotorum
1945 525 1953 540 ‚
1978 497 2045 545 qui

1095 555 1280 593 victorias
1310 565 1404 593 suas
1440 559 1565 592 metro
1593 554 1761 592 condere
1784 567 1875 594 eum
1910 562 2047 608 coege-

1095 620 1211 665 runt,
1235 616 1336 666 quod
1361 616 1450 654 fecit
1472 616 1590 653 etiam
1608 644 1616 662 ,
1634 620 1678 654 ut
1696 617 1814 655 refert
1836 618 1979 657 Baleus
1995 619 2047 657 IV

1095 678 1163 727 92,
1187 689 1235 716 ex
1255 688 1333 728 quo
1356 678 1511 715 Pitseus
1534 687 1619 726 pag.
1646 678 1734 715 399.
1758 679 1942 729 Vossius,
1966 679 2045 719 Ou—

1093 739 1211 777 dinus
1228 738 1353 787 ,etde
1369 738 1495 787 poetis
1510 737 1625 775 medii
1643 740 1729 776 aevi
1746 740 1942 790 Leyserus
1957 754 2043 793 pag.

1097 802 1198 840 4404
1228 811 1250 839 a
1273 800 1417 849 quibus
1440 800 1558 837 etiam
1591 800 1665 838 alia
1687 799 1774 850 ejus
1807 804 1950 853 scripta
1973 804 2043 843 sed

1094 861 1239 899 inedita
1259 865 1542 899 memorantur.

1145 921 1402 961 BAVARIAM
1427 923 1613 961 Sanctam
1630 952 1638 970 ,
1655 927 1774 973 atque
1796 925 1831 962 in
1853 924 1925 963 hac
1941 928 2045 966 vitas

1092 988 1133 1023 et
1155 985 1288 1023 icones
1309 985 1543 1023 Sanctorum
1566 987 1753 1024 Bavariae
1770 1016 1777 1034 ‚
1791 985 1909 1036 jussu
1926 989 2046 1026 Maxi-

1092 1046 1238 1084 miliani
1260 1046 1450 1096 Principis
1481 1048 1679 1097 congessit
1709 1047 1909 1098 ediditque
1947 1051 2047 1088 Mar-

1091 1108 1234 1146 thaeus
1252 1107 1430 1146 Raderus
1454 1109 1492 1147 S.
1517 1109 1550 1146 J.
1576 1109 1801 1159 Ingolstadii
1818 1111 1944 1149 tribus
1960 1112 2042 1150 Vol.

1091 1171 1129 1208 in
1155 1170 1216 1208 fol.
1243 1171 1369 1217 4645,
1393 1170 1518 1219 4624,
1542 1170 1655 1211 4627.
1672 1170 1863 1222 Ejusdem
1879 1174 2045 1212 Bavaria

1090 1244 1177 1284 pag.
1203 1233 1305 1272 4628
1326 1233 1388 1271 fol.

1141 1294 1536 1341 BAUDEMONDUS,
1553 1307 1600 1334 ex
1616 1296 1831 1335 Elnonensi
1850 1297 2038 1336 Monacho

1089 1356 1221 1396 Abbas
1240 1356 1530 1395 Blandiniensis
1553 1357 1644 1395 Ord.
1672 1358 1913 1397 Benedictin.
1939 1360 2044 1409 apud

1089 1420 1372 1459 Gandavenses
1389 1448 1396 1467 ,
1417 1420 1456 1457 S.
1476 1417 1648 1456 Ain-ancli
1663 1419 1882 1470 discipulus
1899 1451 1907 1470 ,
1923 1419 2041 1470 cujus

1085 1482 1207 1521 vitam
1222 1482 1378 1532 scripsit
1393 1480 1537 1519 editam
1554 1481 1592 1517 in
1607 1479 1717 1518 Actis
1734 1481 1908 1519 Sanctor.
1927 1483 1949 1518 6
1966 1483 2037 1520 Fe-

1083 1544 1228 1583 bruarii
1244 1547 1337 1581 tom.
1352 1543 1385 1590 I,
1402 1554 1487 1592 pag.
1503 1542 1579 1579 848
1596 1546 1635 1580 et
1649 1542 1902 1580 inMabillonii
1914 1544 1998 1582 Sec.
2015 1545 2041 1582 2

1082 1605 1322 1644 Benedictin.
1339 1616 1424 1656 pag.
1444 1603 1484 1643 74
1497 1606 1530 1642 0.
1549 1603 1652 1642 Obiit
1668 1604 1705 1642 S.
1722 1603 1928 1643 Amandus
1942 1606 2036 1644 Tra-

1080 1666 1174 1718 jecti
1196 1666 1245 1705 ad
1267 1668 1414 1705 Mosam
1445 1666 1664 1716 Episcopus
1687 1664 1732 1704 A.
1758 1666 1846 1703 684.
1876 1666 1973 1705 Vide
1997 1671 2039 1704 et

1084 1730 1205 1777 infra,
1228 1729 1359 1767 MILO.

1137 1789 1466 1837 BAUDAVINIA,
1493 1800 1612 1840 supra
1634 1788 1952 1829 BANDONIMA.

1140 1851 1241 1892 Guil.
1265 1851 1501 1900 BAUFETI,
1538 1851 1743 1890 Aruernus
1761 1881 1769 1900 ,
1807 1851 1898 1890 vide
1934 1852 2039 1890 GUI-

1082 1915 1291 1954 LELMUS.

1138 1976 1302 2015 Thomas
1320 1974 1550 2023 BAZINUS,
1574 1976 1794 2026 Episcopus
1819 1976 2036 2014 Lexovien-

1083 2041 1137 2077 sis
1160 2043 1200 2078 et
1221 2042 1309 2090 post
1324 2038 1486 2076 exilium
1507 2049 1528 2076 a
1552 2038 1662 2076 Sixto
1680 2038 1729 2076 IV
1749 2039 2034 2088 pronunciatus

1081 2101 1155 2140 An.
1177 2099 1291 2140 ⁴472.
1315 2098 1643 2150 Archiepiscopus
1663 2100 1929 2138 Caesariensis
1944 2099 2038 2137 obiit

1081 2161 1249 2213 Traiecti
1271 2161 1343 2200 An.
1370 2162 1466 2200 4494
1498 2162 1664 2211 scriptor
1692 2160 1884 2199 historiae
1907 2160 1953 2199 de
1975 2172 2039 2199 re-

1081 2222 1154 2264 bus
1169 2223 1290 2276 yestis
1311 2222 1501 2262 Ludovici
1519 2222 1582 2261 ΧῙ.
1606 2220 1830 2261 Galliarum
1858 2222 1984 2273 Reqis,
2004 2227 2042 2261 et

1082 2286 1220 2326 Caroli
1229 2284 1404 2324 Audacis
1419 2315 1427 2334 ,
1444 2284 1567 2324 Ducis
1581 2284 1851 2336 Burqundiae,
1868 2285 1976 2323 libris
1991 2286 2035 2323 ΙΙ.

1078 2360 1099 2387 e
1122 2348 1267 2399 quibus
1304 2348 1525 2398 fragmenta
1557 2347 1661 2398 apud
1699 2347 1923 2387 Antonium
1946 2349 2041 2386 Mat-

1077 2410 1240 2449 thaeum
1264 2414 1371 2448 torno
1395 2411 1428 2448 ll
1453 2409 1726 2448 analectorum
1763 2410 1918 2448 Veteris
1936 2411 2036 2448 aevi.

1077 2471 1173 2511 Vide
1196 2472 1251 2509 sis
1273 2471 1472 2510 Oudinum
1497 2475 1602 2509 tomo
1626 2471 1694 2519 ΙΙΙ,
1711 2482 1796 2520 pag.
1827 2471 1930 2510 2646
1951 2481 2033 2519 seq.

1130 2532 1352 2580 BEATUS,
1386 2533 1628 2571 Levanensis
1658 2533 1806 2580 Astur,
1840 2533 2034 2582 Hispanus

1077 2594 1288 2643 Presbyter
1308 2593 1599 2635 Benedictinus7
1617 2593 1664 2631 de
1681 2605 1758 2643 quo
1777 2598 1912 2631 auctor
1928 2594 2033 2630 vitae

1085 2655 1188 2706 apud
1198 2655 1459 2694 Mabillonium
1470 2656 1552 2693 Sec.
1566 2657 1588 2693 3
1602 2655 1839 2693 Benedictin.
1857 2656 1968 2692 Parte.
1999 2655 2031 2692 ΙΙ

1078 2723 1117 2755 et
1126 2717 1369 2756 Mabillonius
1388 2717 1424 2753 in
1435 2716 1716 2754 Observatione
1730 2716 1886 2764 praevia
1898 2727 1933 2765 p.
1944 2716 2033 2753 734.

1078 2781 1156 2818 Nic.
1182 2777 1375 2816 Antonius
1400 2777 1493 2814 Bibl.
1520 2777 1671 2814 veteris
1691 2777 1881 2826 Hispanae
1903 2777 1954 2814 lib
1970 2777 2030 2814 Vl.

1078 2852 1160 2890 cap.
1186 2840 1209 2877 2
1234 2850 1317 2889 pag.
1343 2838 1418 2876 325
1440 2848 1521 2887 seq.
1542 2841 1582 2873 ct·
1601 2837 1773 2875 Jacobus
1792 2839 1968 2887 Basnage
1983 2837 2032 2875 ad

1079 2906 1172 2939 tom.
1199 2901 1242 2938 11.
1265 2900 1406 2938 Canisii
1430 2910 1515 2948 pag.
1542 2899 1616 2936 285)
1643 2909 1724 2948 seq.
1752 2900 1919 2948 Scripsit
1942 2909 2032 2936 aera

1080 2963 1155 3000 823
1193 2962 1265 2999 hoc
1300 2965 1361 2998 est
1400 2960 1512 2998 Anno
1549 2961 1700 2999 Cllristi
1740 2961 1815 2998 7855
1840 2972 1916 2999 una
1939 2972 2031 2999 cum

1079 3024 1240 3063 Etherio
1267 3021 1462 3060 afli-ersus
1491 3021 1727 3073 Elipanslum
1763 3022 2033 3071 Areliiepiseo-

1082 3097 1174 3136 pum
1209 3085 1438 3122 Toletanum
1470 3082 1515 3121 cle
1554 3083 1755 3135 adoptione
1798 3083 2029 3126 CHRISTI,

1083 3145 1177 3185 Filii
1193 3146 1307 3191 DEI,
1334 3145 1450 3183 libros
1474 3145 1592 3192 duos,
1616 3157 1715 3195 quos
1738 3147 1888 3195 primus
1911 3145 2033 3183 edidit

1084 3211 1222 3248 Petrus
1239 3209 1441 3246 Stevarius
1452 3209 1487 3245 in
1504 3208 1731 3245 collectione
1746 3213 1926 3246 veterum
1938 3209 2032 3246 scri-

1085 3275 1267 3321 ptorum,
1298 3269 1505 3319 lngolstad.
1540 3270 1665 3317 1616,
1698 3271 1719 3307 4
1749 3281 1908 3308 recusos
1942 3270 2031 3308 inde

1087 3333 1125 3369 in
1148 3331 1394 3370 Bibliothecis
1431 3333 1587 3371 Patrum
1628 3333 1744 3371 Paris.
1785 3332 1908 3381 4644,
1931 3333 2029 3372 4654
