2500 3841
960 229 1230 270 FACIUS

105 301 357 349 beanturque
381 298 549 336 seorsim
569 296 684 336 ambo
702 298 738 336 in
757 297 930 338 editione
951 299 1055 338 Han-

105 363 274 402 noviana
307 372 371 400 an.
413 360 509 399 4644
547 361 584 398 in
621 361 655 399 4.
682 362 812 400 Monet
836 366 970 401 autem
997 361 1053 401 Cl.

106 426 209 465 Zeno
232 425 273 463 in
296 423 455 462 dissert.
482 423 593 462 Voss.
624 428 653 462 t.
688 425 723 463 4.
763 435 849 475 pag.
874 425 923 462 69
947 423 1057 462 dedi-

101 489 297 527 cationem
334 486 527 536 postremi
561 497 622 537 op.
662 485 708 525 ad
741 487 853 526 Pium
890 487 951 534 11,
976 498 1054 525 non

103 559 194 588 esse
217 546 399 587 eiusdem
422 547 602 587 authoris
623 560 716 587 cum
740 548 896 587 libellus
917 550 991 587 iste
1016 550 1055 586 in

102 610 200 651 Cod.
223 610 414 649 Vaticano
438 622 477 648 n.
501 610 605 650 3662
629 610 784 650 dicatus
808 611 857 650 ab
888 611 1054 651 authore

100 673 323 725 reperiatur
344 673 503 713 Nicolao
528 672 574 712 V.
597 675 707 712 Pont.

153 735 404 786 opusculum
433 736 537 774 Facii
561 735 611 775 de
639 736 738 774 viris
768 736 828 775 sui
854 736 943 774 aevi
969 735 1055 774 illu-

104 797 258 837 stribus
287 809 378 837 cum
401 798 582 848 epistolis
602 798 689 837 eius
709 799 794 848 XV,
811 797 944 836 addita
967 798 1054 836 eius

99 861 183 900 vita
212 864 254 900 et
282 861 388 899 notis
426 859 538 899 dedit
573 860 631 900 Cl.
656 860 798 900 Mehus
832 860 1054 899 Florentiae

101 922 207 963 4745
223 954 234 972 ,
259 923 300 961 in
324 921 361 962 li..

151 983 360 1035 FACIUS,
384 986 471 1023 sive
494 983 818 1033 BONIFACIUS,
843 983 908 1022 vel
931 984 1051 1022 etiam

97 1046 281 1087 FATIUS
304 1045 352 1086 de
377 1045 562 1097 Ubertis,
592 1047 868 1095 Florentinus,
894 1046 1053 1096 scripsit

96 1114 276 1160 tempore
301 1109 429 1149 Caroli
453 1110 515 1148 lV.
541 1111 638 1160 Imp.
676 1113 764 1160 post
796 1109 911 1148 Anno
937 1109 1050 1147 4355.

95 1170 168 1211 sed
187 1182 265 1209 non
287 1172 426 1211 Latine
446 1175 492 1210 ut-
524 1182 763 1222 persuasum
788 1171 927 1209 Vossio
947 1201 955 1219 ‚
980 1169 1050 1220 qui

93 1233 246 1273 Latinis
269 1244 362 1272 eum
396 1234 604 1273 Historicis
642 1246 728 1285 pag.
754 1234 831 1273 528
864 1237 1051 1272 accenset

95 1300 136 1336 et
158 1295 280 1335 refert
308 1295 358 1334 ad
393 1299 575 1346 tempora
611 1297 763 1335 AEneae
798 1296 952 1346 Sylvii,
979 1293 1050 1333 sed

94 1358 242 1398 Italicis
264 1357 450 1397 versibus
485 1370 586 1410 opus
627 1359 943 1410 Geographicum
984 1357 1048 1396 cui

94 1421 238 1461 titulus
265 1420 672 1460 Dittamond0.Venet
692 1422 785 1461 4504
816 1422 850 1460 4.
881 1421 974 1469 (102
998 1421 1050 1460 Et

95 1486 269 1536 primum
292 1483 334 1522 in
365 1483 533 1523 Vicenza
555 1496 619 1523 an.
651 1485 755 1524 4476
780 1513 788 1531 ‚
813 1484 876 1523 fol.
908 1487 1047 1534 postea

94 1559 190 1587 vero
227 1545 269 1586 in
302 1545 475 1596 Milano,
500 1545 710 1597 Sz'lvestri,
736 1547 838 1586 4826
859 1576 869 1593 ,
902 1547 942 1584 in
973 1546 1048 1585 46:

94 1607 204 1649 stud.
231 1609 326 1649 Julii
346 1609 559 1659 Perticari.)
588 1609 687 1648 Vide
715 1610 893 1649 Diarium
918 1607 1049 1648 erudi-

94 1675 227 1711 torum
263 1671 401 1711 Italiae
430 1674 526 1710 tom.
553 1672 636 1720 IX,
660 1683 747 1723 pag.
781 1673 870 1711 455.
893 1682 977 1721 seq.
1008 1675 1048 1709 et

92 1735 188 1774 Julii
215 1735 326 1786 Nigri
356 1734 562 1774 historiam
601 1736 841 1786 scriptorum
887 1734 1048 1773 Floren-

84 1794 211 1839 'tinor.
235 1808 325 1848 pag.
349 1798 438 1836 464.

120 1858 142 1881 ³⁸⁵
149 1860 233 1899 Non
250 1870 352 1910 nego
366 1858 554 1909 equidem
570 1863 748 1898 erratum
765 1858 936 1897 aVossio
953 1868 1045 1896 cum

92 1921 319 1960 Italicorum
343 1921 567 1960 carminum
589 1922 823 1972 scriptorem
848 1921 952 1959 inter
976 1921 1047 1958 La-

93 1985 200 2023 tinos
229 1988 442 2033 accenset,
475 1983 546 2022 sed
574 1983 897 2023 hallucinationis
926 1982 1048 2032 hujus

92 2057 258 2086 causam
279 2045 398 2098 juvat
427 2046 491 2085 hic
508 2045 708 2096 indagare.
740 2046 822 2085 Sub
850 2046 948 2096 ipsis
972 2046 1048 2084 Ae-

92 2119 190 2148 neae
211 2108 338 2159 Sylvii
362 2108 613 2159 temporibus
629 2108 795 2147 florebat
811 2109 1048 2147 Franciscus

93 2170 142 2210 de
171 2170 332 2210 Ubertis
354 2171 558 2210 Caesenas
588 2175 704 2209 vates
733 2182 811 2208 non
838 2170 1048 2221 ignobilis,

94 2234 163 2284 qui
185 2233 364 2273 carmina
381 2233 495 2284 plura
509 2233 649 2272 Latina
667 2237 707 2271 et
725 2233 912 2272 historica
929 2234 1049 2272 etiam

91 2297 232 2335 Latina
255 2296 448 2336 nonnulla
481 2294 617 2344 dedit3
649 2295 742 2334 hinc
766 2299 885 2334 natus
923 2295 1050 2334 Vossii

91 2369 202 2398 error
221 2388 230 2406 ,
255 2359 322 2410 qui
358 2369 405 2398 ea
428 2369 531 2410 quae
564 2357 815 2397 debebantur
839 2359 1049 2397 Francisco

91 2420 141 2460 de
169 2421 355 2471 Ubertis,
380 2420 491 2460 dedit
513 2422 626 2460 Facio
650 2420 700 2459 de
722 2420 906 2469 Ubertis,
936 2421 1050 2459 item-

93 2495 172 2535 que
194 2484 355 2523 Facium
379 2483 429 2522 de
453 2484 613 2523 Ubertis
637 2486 768 2521 aetate
789 2483 915 2521 multo
939 2488 1050 2522 ante-

90 2547 234 2586 riorem
258 2547 469 2586 Francisco
499 2546 549 2585 de
586 2546 748 2585 Ubertis
787 2544 835 2583 ad
870 2549 1048 2595 tempora

88 2608 270 2648 eiusdem
295 2609 495 2648 Francisci
519 2607 692 2647 reduxit.
718 2607 954 2645 Franciscus
980 2608 1049 2658 igi-

84 2676 150 2710 tur
172 2672 240 2722 qui
264 2671 314 2711 ad
336 2671 439 2710 hanc
463 2670 749 2711 Bibliothecam
774 2679 843 2720 pro
865 2679 938 2708 suo
957 2668 1046 2719 jure

93 2737 248 2784 spectat
272 2734 444 2784 scripsit.

143 2795 417 2848 Epistularum
450 2798 626 2836 carmine
649 2796 887 2845 scriptarum
911 2793 960 2832 dc
985 2806 1045 2832 re-

89 2857 165 2897 bus
195 2858 256 2897 sui
286 2860 481 2910 temporis
514 2859 635 2898 libros
665 2857 777 2895 duos.

143 2918 367 2971 Epistulam
388 2933 459 2972 pro
487 2919 695 2971 deligendo
725 2928 883 2956 summo
912 2919 1044 2956 Ponti-

91 2981 164 3021 fice
193 2986 290 3022 tunc
319 2984 506 3034 scriptam
529 3014 539 3031 ‚
563 2993 654 3021 cum
690 2979 934 3031 praecedens
964 2980 1043 3018 ele-

89 3045 210 3084 ctioni
234 3045 335 3084 Sixti
370 3045 433 3084 IV.
475 3044 674 3084 Conclave
700 3042 924 3080 haberetur.
949 3042 1040 3093 Epi-

89 3107 232 3146 stolam
252 3108 369 3147 aliam
389 3108 437 3147 ad
454 3108 700 3147 Malatestam
718 3104 926 3144 Novellum
941 3105 1040 3144 Cae-

89 3173 347 3209 senatensem
371 3170 576 3208 dominum
602 3173 642 3206 et
666 3168 739 3205 alia
765 3166 800 3203 id
825 3168 993 3216 generis.

139 3230 314 3272 Centum
339 3231 669 3284 epiyrammatum
693 3229 867 3267 libellum
896 3229 933 3265 in
959 3240 1036 3278 quo

90 3293 276 3332 Carmina
314 3295 423 3333 varia
465 3293 513 3332 ad
554 3294 661 3330 viros
710 3295 805 3330 tunc
847 3292 1036 3341 temporis

87 3353 329 3394 clarissimos
364 3355 617 3400 scribuntur3
643 3360 687 3392 ut
715 3353 761 3391 ad
789 3353 922 3392 Titum
963 3353 1037 3391 Ve-

2003 225 2081 265 5109

1129 299 1357 349 spasianum
1366 298 1572 337 Strozzam
1589 296 1898 344 Ferrariensem,
1918 295 1966 335 ad
1984 297 2083 335 Mar-

1129 361 1264 400 silium
1287 361 1464 400 Ficinum
1483 360 1754 399 Florentinum
1775 361 1850 396 etc.
1871 358 1947 397 Est
1961 360 2080 398 etiam

1128 423 1216 462 eius
1242 422 1402 462 libellus
1433 421 1479 461 de
1510 419 1718 474 spiritibus
1747 421 1794 460 ad
1825 420 2082 472 Christopho-

1131 497 1220 524 rum
1237 485 1528 523 Viterbiensem
1550 484 1793 535 Episcopum
1803 483 2079 522 Caesenatem.

1184 546 1362 586 Libellus
1376 547 1476 586 alter
1491 548 1825 598 epigrammatum
1839 546 1986 596 quibus
2001 546 2083 584 lau-

1129 609 1202 648 des
1232 608 1449 648 Alexandri
1479 609 1558 656 Vl,
1590 613 1631 646 et
1666 608 1833 646 aliorum
1873 607 2081 647 doctorum

1128 672 1309 710 virorum
1332 671 1598 709 celebrantur.

1180 734 1364 783 Denique
1390 732 1588 771 orationes
1612 733 1699 771 eius
1723 738 1818 771 sunt
1842 731 1932 778 duo,
1958 732 2082 771 altera

1126 805 1197 845 pro
1218 805 1313 844 pace
1337 798 1377 832 et
1401 794 1596 832 libertatis
1621 796 1946 844 recuperatione3
1973 795 2084 834 fune-

1127 856 1208 894 bris
1241 856 1366 894 altera
1403 856 1441 893 in
1475 856 1583 894 obitu
1615 857 1806 894 Dominici
1849 857 2079 896 Malatestae

1127 918 1437 957 Caesenatensis
1475 919 1679 969 principis.
1714 919 1818 956 Haec
1859 921 1990 958 omnia
2042 920 2080 957 in

1126 978 1273 1030 duplici
1289 979 1365 1018 MS.
1384 979 1478 1019 Cod.
1497 981 1562 1030 qui
1581 984 1768 1018 servatur
1784 981 1822 1018 in
1840 981 2081 1020 Bibliotheca

1126 1042 1422 1081 Malatestarum
1453 1043 1761 1082 Caesenatensis
1795 1044 1987 1082 contineri
2014 1043 2082 1082 do-

1125 1105 1208 1143 cuit
1237 1116 1300 1143 me
1330 1116 1400 1155 per
1424 1105 1558 1144 literas
1580 1107 1641 1144 vir
1668 1104 1810 1145 doetus
1836 1107 1874 1144 P.
1904 1106 2082 1144 Muccioli

1125 1168 1249 1206 Minor
1279 1167 1558 1207 conventualis
1587 1169 1673 1207 eius
1707 1167 1974 1206 Bibliothecae
1999 1179 2082 1206 me-

1130 1230 1348 1268 ritissimus
1369 1241 1544 1280 praeses.

1179 1293 1377 1331 Francisci
1405 1291 1538 1331 Uberti
1559 1292 1689 1330 Vitam
1714 1292 1885 1342 scripsit,
1907 1303 1952 1330 ac
1973 1292 2081 1343 typis

1125 1354 1308 1406 vulgavit
1326 1354 1514 1394 Nicolaus
1538 1355 1678 1405 Magini
1703 1355 1887 1402 Etrusco,
1907 1359 1951 1394 ut
1971 1359 2079 1405 puto,

1124 1427 1334 1466 sermone,
1360 1428 1489 1467 neque
1514 1418 1621 1455 enim
1646 1416 1859 1456 editionem
1893 1417 1995 1456 hanc
2022 1419 2081 1455 vi-

1123 1479 1216 1518 dere
1241 1480 1398 1530 uspiam
1423 1480 1599 1530 contigit.

1174 1540 1454 1589 FACUNDUS,
1472 1541 1772 1580 Hermianensis
1789 1541 1968 1580 inAfrica
1983 1542 2076 1592 Epi-

1123 1615 1296 1655 scopus,
1326 1614 1417 1642 cum
1448 1603 1587 1652 vigilio
1616 1604 1718 1654 Papa
1746 1608 1886 1642 contra
1921 1605 2076 1642 Menam

1122 1665 1389 1705 Patriarcham
1399 1665 1736 1716 Constantinopol.
1748 1665 1827 1704 tria
1843 1665 2029 1718 Capitula
2043 1667 2077 1713 a)

1122 1728 1408 1777 damnantem,
1449 1728 1513 1766 illa
1534 1727 1742 1778 probavit,
1781 1733 1821 1767 et
1837 1740 1913 1780 pro
1944 1739 2079 1766 eorum

1121 1789 1346 1843 defenszone
1370 1790 1481 1829 CPoli
1516 1789 1591 1828 An.
1617 1789 1694 1829 547
1724 1789 1772 1829 ad
1811 1791 2078 1830 justinianum

1121 1853 1218 1903 Imp.
1241 1852 1401 1903 scripsit
1425 1852 1602 1902 insignes
1629 1852 1714 1891 illos
1739 1851 1858 1890 libros
1881 1853 1976 1899 XII,
1999 1863 2080 1890 mo-

1121 1915 1297 1954 deratius
1320 1919 1363 1953 ut
1393 1916 1447 1953 ait
1471 1915 1555 1965 ipse
1576 1918 1616 1952 et
1636 1914 1855 1953 ordinatius
1876 1914 2050 1965 digestos
2069 1946 2076 1956 ,

1121 1988 1242 2027 quam
1276 1976 1405 2016 fuerat
1423 1977 1543 2029 prior
1566 1977 1767 2029 responsio
1801 1976 1882 2026 jam
1925 1976 2075 2027 pridem

1121 2039 1338 2090 deperdita,
1368 2050 1487 2089 quam
1513 2038 1631 2089 jussu
1660 2041 1834 2090 Magistri
1858 2040 2076 2078 officiorum

1122 2102 1330 2151 scripsisse
1355 2113 1398 2139 se
1423 2103 1524 2139 intra
1541 2106 1694 2152 septem
1715 2101 1870 2140 dierum
1891 2102 2077 2151 spatium,

1124 2168 1164 2202 et
1188 2165 1263 2203 tria
1287 2164 1410 2202 millia
1433 2175 1626 2202 versuum
1648 2164 1875 2202 excessisse
1899 2167 2083 2202 testatur.

1123 2226 1227 2264 Libri
1254 2226 1307 2264 illi
1333 2224 1569 2274 duodecim,
1611 2238 1660 2264 ex
1692 2225 1834 2265 Codice
1872 2237 1950 2275 quo
1985 2236 2083 2263 usus

1124 2289 1253 2328 fuerat
1277 2290 1496 2337 Baronius⁷
1523 2288 1754 2339 prodierunt
1777 2289 1937 2327 Parisiis
1969 2290 1982 2328 4
1995 2289 2083 2329 629.

1125 2352 1161 2389 8.
1202 2362 1296 2390 cum
1322 2350 1522 2390 Sirmondi
1563 2353 1693 2398 notis,
1731 2351 1863 2390 addito
1903 2350 2080 2401 ejusdem

1123 2412 1395 2463 Facundijam
1418 2414 1548 2452 exulis
1572 2413 1669 2452 libro
1696 2416 1835 2451 contra
1858 2413 2082 2452 Mocz'anum

1123 2476 1209 2513 sive
1233 2477 1459 2514 Mucianum
1485 2476 1774 2514 Scholasticum
1795 2507 1806 2523 ,
1831 2477 1870 2513 in
1896 2487 1974 2525 quo
2008 2487 2080 2513 nec

1121 2537 1260 2588 vigilio
1285 2539 1436 2588 parcit,
1462 2538 1541 2587 (qui
1567 2542 1779 2576 retractata
1818 2540 2017 2576 sententia
2041 2544 2080 2576 et

1123 2604 1283 2649 recepto
1310 2600 1347 2636 in
1372 2600 1696 2638 communionem
1717 2600 1858 2638 Menna
1879 2600 2080 2638 Constitu-

1121 2665 1207 2700 tum
1234 2662 1320 2699 sive
1344 2661 1572 2700 Judicaturn
1596 2661 1631 2708 b)
1656 2666 1793 2699 contra
1818 2662 1891 2699 tria
1907 2662 2078 2712 capitula

1119 2722 1193 2762 An.
1217 2723 1292 2762 553
1313 2723 1593 2775 promulgarat)
1610 2723 1840 2762 Mucianum
1859 2734 1953 2761 vero
1977 2724 2076 2762 acri-

1172 2868 1205 2906 a)
1230 2871 1505 2900 Decantatissima
1529 2871 1561 2900 in
1600 2869 1697 2900 rebus
1734 2870 1865 2901 illorum
1889 2874 2078 2909 temporum

1110 2919 1183 2949 tria
1209 2919 1379 2959 Capitnla
1407 2924 1508 2951 sunt:
1540 2919 1567 2958 l‘)
1595 2920 1745 2960 Epistola
1764 2919 1844 2961 Ιραο
1862 2919 2018 2951 edesseni
2038 2919 2079 2951 ad

1113 2969 1231 2999 Mai-im
1253 2971 1402 3001 Persam.
1424 2969 1457 2998 2]
1486 2969 1684 3000 Theodorus
1708 2970 1979 3009 mopsuestenus
2009 2971 2080 3009 (ἠυ-

1110 3026 1192 3056 sque
1216 3017 1382 3049 doctrina.
1408 3019 1442 3058 ὅ)
1477 3019 1685 3050 Theodorou
1720 3019 1795 3050 libri
1832 3023 1945 3050 contra
1979 3018 2079 3057 Cyri!-

1111 3067 1178 3097 lum
1216 3067 1296 3098 Alex
1354 3069 1509 3106 lnprimis
1546 3077 1604 3107 pro
1644 3068 1815 3099 Theodoro
1851 3071 2079 3108 mopsvesteno

1108 3118 1235 3147 acriter
1258 3118 1402 3147 decertat
1447 3117 1647 3155 Facundus,
1684 3120 1779 3157 eujus
1811 3117 1956 3149 Facundi
1995 3127 2078 3158 opus

1110 3166 1246 3205 qramle
1270 3170 1302 3196 et
1325 3167 1494 3197 eximium
1523 3167 1679 3206 eleqante'
1715 3166 1807 3206 styld
1841 3168 2011 3207 scriptum
2045 3174 2078 3199 et

1108 3216 1249 3255 rei-tynis
1268 3220 1420 3246 velerum
1447 3216 1724 3248 auetoritatibus
1743 3218 1956 3248 instructum
1975 3223 2073 3250 vocat

1106 3265 1311 3296 Trithcmius
1336 3274 1409 3305 cap.
1432 3266 1505 3296 ⁶208.

1165 3315 1200 3355 b)
1224 3317 1339 3346 Exstat
1361 3314 1449 3354 apud
1475 3317 1655 3347 Batonium
1678 3315 1719 3347 ad
1744 3320 1876 3349 Annum
1891 3318 1964 3350 555.
1984 3328 2074 3352 num.

1104 3366 1156 3397 50.
