2500 3841
916 243 1308 283 ALBER'rle
2036 244 2076 282 121

106 318 246 358 siensis
269 316 342 355 sub
379 315 561 366 Gregorio
585 315 657 354 ΧΠ
680 316 785 353 cirea
813 313 856 353 A.
882 317 922 354 C.
953 317 1060 355 1407

112 378 242 430 Cujus·
255 387 423 416 aureum
440 375 640 427 speculum
655 376 786 415 laudat
801 376 1061 417 Theodoricus

107 439 393 492 Engelhusius.

159 501 422 541 ALBERTUS
463 500 497 538 F
500 499 753 550 lorz'acensis,
788 501 877 539 vide
919 513 1060 551 supra,

104 562 445 603 ADREVALDUS.

156 624 417 664 ALBERTUS
439 623 723 676 Frisinyensis,
744 626 976 677 Episcopus,
995 626 1060 676 qui

103 686 177 727 An.
216 687 317 726 ⁴359
341 685 453 735 obiit,
477 687 650 738 Scriptor
690 687 796 727 Vitae
827 688 1058 727 Sanctorum

103 750 143 788 K
143 747 258 788 iliani
268 748 453 799 Episcopi
466 749 819 799 wirtzburgensis,
838 748 1064 789 colomanni

104 810 356 861 Presbyteri,
387 814 428 848 et
459 810 637 859 Totnam',
660 812 876 862 Martyrum
914 812 986 851 An.
1016 813 1057 851 C.

103 873 192 914 689.
234 873 278 911 In
304 871 414 911 Actis
446 873 680 912 Sanctorum
705 875 728 911 8
755 874 845 912 Juiii
884 879 975 912 tom.
1001 875 1059 920 11,

104 945 192 985 pag.
217 934 293 972 966
309 935 348 972 in
373 935 536 973 Joannis
553 936 653 973 Petri
676 935 877 985 Ludewig.
894 936 1063 985 Scripto-

103 996 210 1035 ribus
238 997 610 1047 Witzburgensibus
643 1008 728 1048 pag.
753 997 828 1035 966
852 1000 892 1035 et
915 997 952 1034 in
990 996 1062 1035 Ca-

102 1059 191 1096 n'isii
215 1058 465 1097 Lectionibus
486 1057 670 1108 Antiquis
685 1062 778 1096 tom.
799 1058 866 1106 IV,
883 1069 966 1108 pag.
985 1058 1060 1095 628

100 1124 141 1158 et
168 1119 349 1158 editionis
368 1131 492 1158 novae
517 1125 610 1158 tom.
635 1120 705 1167 111,
728 1130 813 1170 pag.
835 1118 921 1158 171.
946 1119 1060 1157 Cani-

103 1182 208 1221 sium
253 1193 340 1221 eam
381 1181 576 1220 tribuebat
605 1179 834 1231 E9z'lwarclo
874 1180 1060 1218 Monacho

99 1244 284 1294 Scriptori
321 1244 429 1282 vitae
453 1244 492 1282 S.
532 1241 765 1289 Burchardi,
787 1242 969 1291 quoniam
993 1243 1059 1291 qui

97 1305 223 1343 vitam
239 1306 360 1344 trium
371 1305 526 1343 illorum
535 1303 768 1354 composuit,
778 1304 895 1342 etiam
906 1303 944 1341 S.
958 1303 1061 1340 Bur-

41 1368 45 1373 ”
96 1364 240 1405 ohardi
259 1367 384 1405 vitam
403 1367 608 1416 promittit.
632 1365 708 1404 Sed
728 1377 750 1404 a
764 1365 943 1416 pluribus
959 1364 1059 1403 hanc

98 1428 288 1479 scriptam
316 1429 399 1478 ipse
423 1427 607 1466 Canisius
631 1438 708 1465 non
732 1427 932 1465 diffitetur.

149 1488 417 1529 ALBERTUS
454 1487 644 1537 Galeotti,
678 1490 762 1528 sive
798 1487 944 1527 Galz'ott'
969 1490 1059 1527 Par-

97 1551 424 1600 mensis,JCtuS,
448 1551 620 1590 Mutinae
638 1550 769 1590 docuit
792 1554 880 1602 post
905 1550 1057 1589 Saeculi

94 1613 186 1652 XIII
209 1613 339 1662 initia,
362 1611 479 1663 cujus
499 1611 763 1661 Summulam,
789 1613 873 1651 sive
896 1613 1056 1663 Marya-

95 1674 216 1714 rita-m
245 1674 527 1725 Quaestionum
549 1678 587 1713 et
607 1674 922 1714 Declaratt'onem
942 1673 1055 1712 Judi-

94 1735 246 1775 ciorum
260 1736 431 1776 celebrat
446 1736 685 1776 Trithemius
701 1748 784 1788 cap.
804 1737 890 1774 443.
906 1737 1053 1774 Harum

93 1798 404 1838 declarationum
437 1809 575 1837 ansam
599 1799 762 1849 petitam
786 1810 831 1838 ex
870 1798 1051 1836 Gvilelmi

92 1862 280 1900 Droretae
309 1862 496 1900 Tractatu
534 1860 583 1900 de
620 1859 855 1910 judiciorum
879 1859 1049 1909 Ordine,

94 1926 204 1961 notat
226 1921 352 1961 Gvido
367 1922 607 1961 Pancirollus
622 1923 726 1970 11,39
744 1921 792 1960 dc
815 1922 930 1961 claris
944 1923 964 1959 J
968 1921 1050 1960 uris

90 1984 392 2036 Interpretibus,
407 1985 475 2034 qui
489 1984 608 2023 etiam
627 1985 676 2032 Il,
696 1984 745 2022 35
762 1987 952 2021 memorat
967 1982 1050 2021 AL-

67 2084 70 2086 ,
93 2046 294 2085 BERTUM
315 2046 460 2086 JCtum
489 2046 777 2084 Bononiensem
802 2044 925 2083 filium
949 2043 1050 2083 Odo-

98 2107 194 2146 fredi
212 2108 315 2156 JGti,
336 2106 512 2146 defuncti
535 2106 648 2145 Anno
672 2106 786 2146 ⁴265.

150 2168 170 2192 ’ἒ
198 2170 284 2209 Non
308 2169 430 2208 alium
454 2180 543 2208 esse
562 2168 677 2207 credo
700 2167 875 2207 libellum
898 2167 960 2205 hie
993 2167 1052 2204 in-

96 2231 269 2271 dicatum
302 2243 325 2271 a
362 2231 562 2280 Fabricio,
603 2242 723 2281 quam
763 2240 961 2269 summam
1002 2227 1048 2266 de

92 2292 387 2345 quaestionibus
430 2293 638 2348 Canom'ez's
671 2295 869 2331 servatam
905 2293 944 2329 in
973 2291 1047 2329 MS.

95 2355 237 2406 Codice
266 2356 343 2395 208
371 2355 633 2395 Bibliothecae
661 2355 796 2393 Felini.

147 2417 422 2466 ALBERTUS,
453 2417 583 2457 Abbas
625 2414 930 2464 Gemblacensis,
959 2414 1049 2453 vide

97 2479 195 2519 inira
216 2477 429 2518 Lobz'ensis.

144 2540 424 2588 ALBERTUS,
436 2539 618 2579 Gvilelmi
629 2551 678 2577 ex
693 2540 799 2577 Duce
818 2537 1049 2587 Aquitanico

96 2603 225 2652 magni
262 2603 478 2650 Eremitae,
514 2601 749 2651 discipulus,
785 2598 900 2650 cujus
935 2598 1048 2637 Anno

97 2662 198 2703 1137
210 2662 386 2701 defuncti
398 2662 520 2701 vitam
533 2663 706 2712 scripsit,
721 2661 865 2700 editam
887 2663 924 2698 in
941 2661 1050 2698 Actis

96 2726 330 2765 Sanctorum
362 2725 409 2763 10
450 2724 659 2763 Februarii.
684 2722 928 2762 Confer-enda
957 2721 1050 2759 Gvi-

96 2787 201 2826 lelmi
228 2785 277 2824 de
306 2785 449 2833 Waha,
474 2785 688 2833 Melreusii,
714 2786 750 2822 S.
777 2785 803 2821 l.
828 2782 1048 2832 explanatio

96 2848 203 2887 vitae
226 2847 265 2886 S.
289 2846 472 2886 Gvilelmi
494 2842 637 2896 Magni,
658 2844 762 2884 edita
782 2843 909 2882 Leodii
934 2842 1045 2888 1693.

98 2910 158 2950 12.
183 2908 283 2949 Acta
300 2908 554 2949 Eruditorum
580 2908 700 2955 1694,
723 2917 808 2957 pag.
834 2905 919 2944 464.

146 2970 346 3022 Anonymi
374 2971 543 3010 narratio
568 2969 749 3008 historica
774 2966 822 3005 de
846 2966 961 3004 rebus
983 2978 1048 3015 go.-

96 3034 170 3072 stis
193 3032 403 3073 ALBERTI
427 3043 474 3071 ex
495 3031 668 3071 Ducibus
691 3027 1046 3068 Brunsvicensibus

96 3096 277 3146 Episcopi
291 3092 647 3135 Raiba-stadensis.
659 3090 755 3131 Vide
773 3101 906 3140 supra,
921 3089 1047 3126 Brun-

96 3155 299 3196 svicensis.

152 3218 411 3259 ALBERTUS
425 3219 472 3258 dc
488 3216 775 3258 Bickmcrsdorf
787 3217 897 3261 Saxo,
915 3225 958 3250 ox
977 3214 1048 3250 Do-

100 3284 208 3319 ctore
230 3277 806 3331 Parisiensi,umber-stadensis
826 3275 873 3313 ab
886 3273 928 3313 A.
952 3274 1047 3312 1:305

97 3343 330 3393 Episcopus,
356 3344 422 3392 qui
448 3348 602 3393 praeter
627 3338 925 3379 commentarios
946 3337 981 3373 in
1007 3335 1049 3373 li-

1141 318 1230 356 bros
1254 317 1538 356 sententiarum
1560 321 1599 354 et
1617 317 1653 353 in
1671 314 1861 364 quosdam
1879 314 1994 353 libros
2009 314 2094 352 Α1-1-

1139 379 1315 428 stotelis,
1350 379 1479 416 varias
1518 378 1679 416 Divinae
1715 377 1938 427 Scripturae
1973 387 2090 425 quae-

1138 441 1285 479 stiones
1309 439 1476 478 traditur
1509 439 1750 478 enuclcasse.
1786 438 1882 477 Vide
1915 439 2095 476 Possevi-

1138 513 1245 541 num.

1187 563 1448 603 ALBERTUS
1464 561 1838 613 Hierosolymitanus
1854 562 2085 608 Patriarclia,

1136 627 1253 675 infra,
1280 623 1542 665 Vercellensz's.

1186 686 1446 726 ALBERTUS
1464 684 1509 722 cle
1531 684 1652 722 Horto
1673 684 1845 729 curisti,
1861 685 2084 724 Carthusia-

1134 760 1230 794 nus,
1268 747 1383 797 cujus
1417 746 1642 784 Tractatum
1676 745 1721 783 de
1759 745 2004 784 Matrimonio
2033 746 2080 784 ad

1136 811 1363 849 instantiam
1387 806 1581 854 oswaldi,
1597 808 1661 856 qui
1677 807 1795 845 Ducis
1811 808 1966 845 Ernesti
1986 808 2085 846 Con-

1137 873 1306 910 siliarius
1345 870 1440 917 fuit,
1478 870 1771 919 compositum,
1805 873 1844 905 et
1881 870 2086 907 Sermones

1135 934 1370 984 capitulares
1405 931 1453 969 de
1492 935 1668 980 tempore
1705 933 1744 966 et
1781 930 1944 975 sanctis⁷
1983 930 2085 967 MSS.

1135 997 1417 1033 commemorat
1434 991 1657 1031 Bernardus
1671 992 1809 1030 Pezius
1824 995 1916 1028 tom.
1928 991 1976 1028 ΙΙΙ
1990 990 2018 1028 Α
2026 1002 2089 1027 no-

1135 1055 1339 1094 cdotorum
1359 1058 1468 1105 parto
1492 1054 1559 1101 Ill,
1584 1066 1619 1104 p.
1645 1053 1733 1091 630.

1188 1116 1466 1163 ALBERTUS,
1489 1115 1671 1162 Jocmm's,
1689 1115 1907 1153 Ilarlemius
1930 1113 2078 1152 Carme

1137 1181 1204 1218 lita
1222 1208 1231 1226 ,
1252 1178 1464 1218 defunctus
1488 1177 1560 1216 An.
1597 1177 1707 1215 1496.
1745 1175 1868 1225 Cujus
1900 1176 2089 1213 Lecturus

1135 1241 1172 1279 in
1209 1239 1547 1287 Ecclesz'astt'cum,
1574 1239 1613 1277 in
1650 1237 1887 1278 Canonicam
1921 1234 2081 1274 Joamu's

1128 1302 1320 1353 primam,
1345 1303 1549 1340 Sermones
1570 1330 1578 1349 ,
1602 1304 1638 1338 et
1662 1299 1702 1338 in
1723 1299 1957 1350 Maffl'stram
1993 1299 2085 1336 Sea«

1134 1369 1343 1403 tentzarum
1385 1363 1634 1412 Quaestiones
1679 1365 1870 1400 memorat
1911 1360 2088 1398 Valerios

1133 1427 1336 1476 Andreas,
1357 1437 1476 1476 quem
1497 1427 1643 1472 nescio,
1664 1434 1783 1474 quare
1806 1423 2002 1461 Valerium
2018 1422 2046 1458 Τ
2049 1433 2088 1457 a-

1132 1488 1327 1527 xandrurn
1346 1491 1547 1538 nuncupet
1567 1485 1706 1536 Alegre
1728 1496 1811 1535 pag.
1833 1483 1906 1522 373
1921 1481 2085 1533 paradisi

1132 1550 1381 1589 Carmelitici.

1183 1611 1446 1651 ALBERTUS,
1466 1609 1726 1656 Arnhemius,
1745 1611 2000 1657 cognomento
2019 1605 2087 1642 ΚΡ

1129 1674 1248 1721 VET,
1272 1673 1563 1712 Carthusianus
1588 1673 1626 1709 in
1646 1670 1779 1709 Insula
1792 1670 1960 1720 Reginae.
1981 1667 2084 1705 Coeli

1128 1735 1229 1785 apud
1256 1736 1491 1782 Wesaliam,
1516 1734 1731 1773 defunctus
1755 1731 1828 1771 An.
1866 1729 1978 1769 4444.
2008 1726 2085 1765 Au-

1126 1801 1209 1835 ctor
1231 1796 1511 1848 Referenclare'z'
1549 1794 1834 1847 Eoeemplorum
1856 1793 1923 1831 Vll
1951 1790 2088 1828 distin>

1126 1859 1320 1898 ctionibus
1343 1860 1486 1909 partiti.
1510 1858 1605 1896 Vide
1628 1857 1865 1896 Swecrtium
1890 1864 1973 1903 pag.
2006 1853 2019 1889 -1
2038 1853 2078 1889 1ῖέ

1123 1926 1160 1959 et
1184 1922 1383 1960 Valerium
1407 1919 1604 1958 Andream
1626 1930 1710 1969 pag.
1734 1918 1794 1955 36.

1173 1982 1433 2022 ALBERTUS
1447 1979 1665 2020 Leodiense's
1682 2009 1689 2027 ,
1706 1977 1936 2023 Monachiffi,
1955 1986 2071 2024 quein

1122 2043 1376 2096 GangiusAn.
1393 2043 1467 2081 880
1485 2046 1594 2080 notat
1611 2042 1770 2086 vixisse,
1787 2039 1888 2077 idem
1903 2042 1963 2075 est
1980 2047 2070 2074 cum

1123 2107 1318 2156 Lobiensi,
1347 2105 1395 2143 de
1416 2115 1492 2154 quo
1524 2115 1639 2151 mox,
1669 2102 1737 2140 sed
1761 2112 1880 2151 quem
1909 2098 2074 2138 Saeculo

1122 2170 1272 2219 integro
1305 2166 1501 2217 juniorem
1531 2165 1695 2203 Vossius
1731 2167 1836 2201 recte
1861 2160 2075 2199 annotavit.

1123 2230 1234 2269 Alius
1254 2227 1515 2268 ALBERTUS
1537 2239 1558 2266 a
1588 2225 1795 2275 Limborgh
1834 2220 2050 2262 Leocliensis
2069 2249 2074 2254 .

1123 2292 1412 2330 Protonotarius
1436 2289 1684 2341 Apostolicus
1707 2292 1747 2326 et
1770 2287 1818 2326 ad
1843 2287 1880 2325 S.
1912 2283 2071 2323 Paulum

1121 2355 1318 2401 Decanus,
1341 2354 1407 2403 qui
1431 2355 1534 2390 teste
1557 2351 1707 2390 Valerio
1727 2348 1882 2388 Andrea
1904 2345 1948 2385 A.
1974 2342 2071 2384 1627

1124 2416 1233 2464 obiit,
1257 2416 1472 2466 panxitque
1497 2414 1649 2452 heroico
1672 2412 1844 2450 carmine
1886 2406 2077 2447 fundatio-

1122 2488 1213 2515 nem
1237 2476 1395 2526 Collegii
1412 2476 1450 2514 S.
1473 2475 1597 2522 Pauli,
1614 2485 1704 2512 cum
1725 2474 1967 2511 Decanoruin
1990 2477 2077 2504 con*

1126 2539 1236 2576 tinua
1275 2537 1524 2575 successione
1553 2535 1601 2574 ab
1624 2534 1736 2573 Anno
1758 2533 1857 2571 1168
1886 2530 1931 2568 ad
1967 2527 2073 2566 1622.

1122 2598 1240 2638 Leodi
1270 2598 1385 2643 4622,
1412 2597 1445 2634 4.

1174 2657 1453 2704 ALBERTUS,
1479 2659 1562 2695 sive
1586 2655 1860 2696 OLBERTl'S.
1881 2665 1927 2691 ex
1949 2653 2075 2690 Monat-

1121 2723 1192 2760 ‹·lio
1211 2720 1461 2760 Benedictino
1486 2717 1681 2760 Lobe'ensz',
1698 2715 1947 2754 Leodinensis
1965 2715 2073 2751 Dioc-

1119 2785 1238 2830 cisis,
1258 2780 1388 2820 Abbas
1410 2779 1703 2817 Gamblaeensis
1726 2777 1826 2814 cirea
1853 2775 1896 2813 A.
1923 2776 1963 2813 C.
1989 2775 2065 2810 980

1119 2847 1344 2895 praeceptor
1362 2839 1574 2879 Burchardi
1602 2838 1778 2888 Episcopi
1808 2837 2065 2874 Worinatien—

1120 2907 1191 2949 sis,
1215 2905 1275 2943 cui
1306 2906 1441 2941 auctor
1471 2901 1541 2939 fuit
1578 2899 1625 2938 ad
1650 2910 1834 2949 inagnum
1866 2898 2067 2935 Canopum

1117 2966 1305 3005 Volumcn
1334 2961 1657 3014 componendum.
1689 2959 1914 3008 sigobertus
1952 2960 2069 2995 (leni-

1119 3027 1310 3066 l)lacensis
1332 3038 1363 3063 (·.
1395 3025 1463 3063 113
1501 3034 1591 3061 euni
1615 3024 1667 3060 ait
1694 3021 1837 3060 Nomen
1860 3031 1971 3059 suum
2002 3031 2066 3056 ae-

1119 3093 1309 3134 ternasse,
1334 3086 1436 3125 vitas
1465 3088 1696 3124 Sanctorum
1725 3085 1887 3122 Patrmn
1922 3079 2067 3118 desere·-

1120 3149 1237 3188 bemlo
1254 3152 1289 3186 ec
1305 3151 1442 3187 cantus
1460 3146 1498 3184 in
1523 3146 1701 3185 honorem
1719 3146 1946 3184 Sanctorum
1970 3152 2069 3178 com-

1117 3210 1298 3263 ponendo.
1327 3210 1471 3249 Eodem
1496 3221 1542 3248 ex
1570 3208 1768 3258 sigeberto
1795 3206 1884 3243 liam·
1917 3203 2066 3242 Triili·L

1123 3275 1221 3312 iilius
1245 3284 1325 3322 cap.
1354 3273 1428 3309 5308
1453 3272 1499 3309 (le
1527 3273 1707 3320 Scripior.
1736 3268 1879 3307 liu-ivs.
1899 3271 1934 3303 ri
1964 3265 1990 3303 ii
2020 3265 2060 3302 71

1127 3335 1334 3373 illustrium
1368 3333 1715 3371 lieni-<lieiiiior-iim.

1565 3415 1585 3449 (3
