2500 3841
869 183 1391 226 CHRISTIANUS

131 257 358 299 collectanei
378 267 607 296 sermonum
640 255 687 295 de
711 256 839 297 variis
878 269 1092 310 aryumen-

131 322 206 362 tis:
222 325 261 360 et
273 320 440 360 Florum
456 320 785 372 Scripturarum,
805 323 890 361 sive
908 321 1090 361 brevium

128 382 420 435 empositionum
448 382 702 422 diversorum
732 396 878 423 sacrae
907 384 1088 435 Scriptu-

124 457 198 484 rae
222 444 487 495 locorum,‘in
525 445 643 496 cujus
672 449 871 498 prooemio
897 451 1015 497 negat
1045 459 1088 486 se

116 508 333 547 affectasse
365 507 618 547 Gallicanum
655 508 813 547 dicendi
844 508 1089 560 eloquentiae

124 568 462 609 cothurnum.Hoc
479 582 580 622 opus
593 571 670 610 MS.
682 572 722 609 in
738 572 980 610 Bibliotheca
991 573 1092 610 San—

125 634 380 682 germanensi
394 634 546 686 evolvit
560 634 734 684 Gangius
750 639 790 673 et·
803 638 897 672 tom.
914 635 967 673 III
985 633 1091 672 Ana-

123 693 320 733 lectorum
359 706 448 745 pag.
481 696 571 735 354.
603 696 813 745 (θάἰῑίοηίε
842 707 970 735 novae
998 708 1086 747 pag.

122 756 212 806 55.)
241 757 515 807 Mabillonius,
547 760 615 809 qui
644 759 760 798 ambo
789 758 934 797 docent
962 758 1087 797 fuisse

120 816 316 857 Abbatem
340 820 568 858 Monasterii
606 821 644 859 S.
681 822 787 859 Petri
811 821 1082 860 Carnotensis.

119 880 240 920 Certe
251 883 524 933 aMoguntinis
538 882 857 933 Archiepiscopis
867 883 931 921 illa
940 886 1083 932 aetate,

119 945 186 993 qui
212 944 427 984 Christiani
452 946 612 985 nomine
633 945 844 984 Abbatiam
872 956 1081 995 nunquam

120 1016 310 1056 gessere,
342 1006 672 1059 distinguendum
702 1019 823 1056 esse,
851 1011 960 1046 recte
989 1018 1083 1045 con—

118 1067 248 1106 tendit
283 1068 467 1108 Oudinus
489 1074 597 1108 tomo
630 1071 664 1108 II
699 1082 786 1120 pag.
824 1071 942 1109 4595.
965 1080 1076 1119 seqq.

118 1130 227 1169 Duos
250 1132 410 1170 nomine
434 1135 475 1170 et
497 1144 539 1170 re
560 1144 609 1171 ex
625 1132 816 1171 Bernardi
837 1132 1000 1182 collegio
1019 1142 1083 1169 co-

117 1197 274 1244 optatos
296 1193 628 1235 CHRISTIANOS
653 1196 693 1232 in
715 1195 901 1233 Hibernia
919 1195 1065 1245 Episco

117 1266 189 1306 pos
226 1255 363 1295 laudat
390 1255 592 1296 Arnaldus
622 1258 708 1295 sive
736 1256 939 1296 Ernaldus
968 1258 1008 1294 in
1039 1257 1078 1296 S.

118 1318 310 1357 Bernardi
332 1320 416 1358 vita
436 1319 489 1357 lib
509 1320 545 1358 2.
567 1319 588 1370 ἓ
616 1320 678 1357 49.

171 1379 193 1401 *⁵
214 1379 471 1420 Christianus
499 1381 633 1420 Abbas
666 1381 893 1420 Monasterii
913 1381 951 1419 S.
977 1382 1081 1420 Petri

117 1443 388 1483 Carnotensis.
413 1445 581 1494 Scripsit
610 1445 819 1483 Sermones
857 1444 1082 1494 quosdam,

119 1516 221 1554 quos
244 1506 283 1544 in
305 1507 384 1545 MS.
415 1506 508 1546 Cod.
534 1518 577 1545 se
601 1506 745 1557 legisse
775 1509 918 1545 asserit
941 1507 980 1544 P.
1005 1508 1084 1545 Ma—

113 1567 234 1606 billon
264 1569 351 1607 Vet.
390 1567 570 1608 Analect.
611 1580 698 1619 pag.
736 1569 797 1607 55.
830 1580 957 1607 novae
987 1568 1080 1607 edit.

114 1631 273 1670 Vixisse
297 1631 415 1670 credo
440 1643 544 1671 saec.
567 1633 654 1670 XII.

168 1694 506 1734 CHRISTIANUS
544 1706 565 1733 e
604 1694 825 1734 Comitibus
860 1693 909 1733 de
946 1692 1083 1732 Buche

114 1757 343 1808 Thuringus
362 1757 617 1807 Germanus,
643 1759 668 1795 F
674 1757 830 1796 riderici
854 1758 883 1795 Ι.
908 1758 1085 1807 Impera-

115 1821 215 1858 toris
243 1819 657 1859 Archi-Cancellarius
685 1825 726 1859 et
754 1820 802 1858 ab
831 1820 947 1858 Anno
979 1819 1081 1857 4464

115 1883 271 1932 primus
287 1881 409 1932 hujus
433 1883 607 1920 nominis
626 1881 1083 1932 Archi-EpiscopusMo-

111 1944 329 1996 quntinus,
360 1946 428 1995 qui
456 1949 561 1983 teste
587 1944 750 1983 Aiberto
777 1944 963 1983 Stadensi
992 1954 1079 1994 pag.

115 2009 193 2048 292
217 2019 318 2048 usus
345 2007 511 2059 perinde
543 2011 587 2046 ut
616 2012 822 2055 materna,
849 2006 986 2058 linqua
1008 2008 1084 2046 La-

115 2072 223 2118 tina,
244 2073 423 2110 Romana
437 2102 449 2120 ,
473 2069 652 2119 Gallica,
680 2069 860 2118 Graeca,
882 2068 1052 2120 Apulica
1067 2099 1079 2117 ,

116 2132 405 2182 Lombardica7
434 2131 695 2173 Brabantica.
724 2132 781 2170 De
811 2143 857 2170 co
881 2131 1082 2170 videndus

114 2198 300 2238 Nicolaus
330 2197 513 2236 Serarius
541 2196 640 2234 libro
663 2196 697 2234 V
723 2207 860 2233 rerum
889 2196 1085 2245 Mogunti-

117 2272 287 2308 narum⁷
312 2263 353 2298 et
376 2269 480 2308 quae
509 2257 557 2296 ad
588 2269 681 2296 eum
714 2258 867 2295 notavit
890 2257 1084 2308 Georgius

119 2322 351 2362 Chistianus
371 2320 565 2359 Johannis
585 2323 693 2357 tomo
713 2319 728 2357 Ι
748 2348 756 2367 7
778 2330 864 2369 pag.
888 2319 977 2357 569.
1001 2330 1084 2369 seq.

119 2385 219 2424 Huic
238 2383 466 2422 Christiano
487 2382 733 2421 Trithemius
755 2393 839 2432 cap.
864 2382 939 2419 499
960 2387 1001 2420 et
1019 2381 1088 2420 Ai-

120 2448 260 2486 bertus
282 2446 498 2484 Krantzius
522 2447 562 2482 in
587 2445 795 2495 metropoli
826 2445 890 2482 lib.
922 2445 969 2492 6,
1000 2455 1085 2495 cap.

122 2509 194 2548 ult.
224 2507 409 2546 tribuunt-
441 2510 555 2556 qesta
591 2510 629 2544 et
661 2506 784 2544 vitam
824 2506 1087 2556 Imperatoris

122 2569 325 2610 Friderici
345 2569 377 2608 I.
402 2580 476 2607 nec
506 2580 584 2606 non
616 2568 816 2619 Epistolas
842 2568 1024 2606 diversas
1048 2573 1088 2606 et

125 2632 333 2673 Orationes
355 2634 623 2683 praestantes.
642 2632 698 2668 De
722 2629 911 2682 Epistolis
932 2629 986 2668 ad
1007 2629 1092 2668 Hil—

130 2693 341 2746 deyardim
362 2692 455 2730 vide
477 2692 678 2731 Serarium
701 2704 788 2742 pag.
812 2692 900 2732 572.
927 2703 1010 2741 seq.
1028 2692 1097 2731 Sa-

131 2761 183 2798 tis
203 2762 338 2797 autem
359 2759 626 2794 certumesse
648 2755 767 2793 debet
784 2783 792 2802 ,
811 2755 932 2793 alium
949 2783 956 2802 ,
973 2765 1094 2804 quam

125 2822 235 2861 hunc
259 2819 532 2859 Christianum
558 2828 648 2855 esse
673 2821 878 2855 auctorem
904 2815 1093 2855 historiae

127 2883 174 2923 de
198 2880 447 2935 eoepeditione
466 2881 500 2918 F
502 2878 671 2918 riderici
688 2879 718 2916 J.
739 2877 921 2916 Asiatica
935 2910 944 2927 ,
971 2890 1090 2928 quam

128 2947 252 2986 edidit
288 2945 484 2984 Henricus
514 2944 698 2982 Canisius
728 2945 834 2979 tomo
857 2942 888 2980 V
913 2943 1094 2992 antiqua-

130 3020 221 3049 rum
241 3008 459 3047 lectionum
478 3017 564 3056 pag.
585 3005 633 3043 44
652 3005 661 3053 ζ
677 3003 860 3042 editionis
881 3015 1007 3042 novae
1024 3006 1096 3043 Ba-

133 3072 346 3122 snagianae
366 3074 463 3108 tom.
485 3069 538 3107 III
554 3098 561 3117 ‚
578 3071 690 3118 parte
706 3067 751 3116 2,
770 3078 856 3117 pag.
880 3066 954 3103 499
972 3067 980 3111 )
1002 3078 1093 3104 nam

132 3136 173 3173 in
197 3135 263 3173 illa
283 3136 418 3172 exstat
431 3131 617 3170 Friderici
640 3130 904 3169 Barbarossae
928 3127 973 3167 A.
994 3129 1095 3168 4490

135 3199 174 3236 in
199 3198 354 3249 gurgite
371 3195 545 3234 demersi
566 3193 807 3244 deploratio7
832 3203 933 3242 quae
958 3191 1006 3230 ab
1028 3192 1101 3230 Ar-

137 3259 416 3311 chiepiscopo‚
447 3258 515 3307 qui
545 3255 659 3295 Anno
692 3256 793 3295 4483
821 3253 902 3305 jom
926 3254 1101 3303 obierat‚

141 3322 339 3372 proficisci
363 3333 442 3361 non
465 3320 605 3370 potuit.

2056 197 2135 237 3717

1222 258 1242 281 ἦ
1271 260 1327 298 De
1356 260 1419 311 pio
1453 259 1563 300 obitu
1600 260 1803 302 Antistitis
1836 263 1957 303 huius
1993 269 2135 306 extant

1166 320 1304 360 literae
1334 323 1548 362 enciclicae
1579 324 1628 363 ad
1657 325 1868 365 Praesuies
1896 325 2134 367 Germaniae

1163 381 1279 421 datae
1307 395 1329 422 a
1353 385 1472 423 Lucio
1502 386 1566 424 ΙΙΙ.
1597 386 1708 425 Pont.
1737 389 1838 427 Max.
1869 389 2062 440 legendae
2092 391 2132 429 in

1162 445 1382 485 Vindemiis
1406 448 1552 486 literar.
1579 449 1784 488 Schannat
1807 456 1904 489 tom.
1930 453 1977 490 ΙΙ.
2005 454 2094 492 448.

1215 508 1548 550 CHRISTIANUS
1585 513 1633 550 ΙΙ.
1671 511 2006 565 Archiepiscopus
2046 517 2128 555 Mo-

1158 570 1349 620 9untinus
1370 572 1419 610 ab
1438 571 1554 611 Anno
1580 574 1682 613 4249
1707 575 1756 613 ad
1781 577 1877 616 4254
1909 589 1989 627 quo
2012 577 2131 630 depo-

1162 633 1265 671 situs
1295 634 1368 672 suit
1397 634 1446 672 ab
1473 636 1638 686 Hugone
1662 637 1887 688 Cardinali,
1911 640 2041 690 legato
2064 642 2130 680 In-

1162 696 1334 733 nocentii
1363 696 1426 734 IV.
1455 695 1549 734 vide
1579 697 1784 736 Serarium
1812 711 1899 750 pag.
1932 702 2023 740 650.
2043 714 2128 754 seq.

1158 756 1336 795 Habetur
1352 761 1491 795 auctor
1512 756 1703 797 Chronici
1718 761 1939 811 Mequntini
1956 767 2125 815 veteriS,

1158 818 1264 868 quod
1284 818 1332 856 ad
1357 818 1635 860 CONRADUM
1659 822 1839 861 referunt
1862 825 1926 862 alii
1950 827 2125 867 incertae

1157 880 1265 918 sedis
1286 881 1531 932 Episcopum
1549 912 1556 930 ‚
1582 883 1622 920 in
1646 895 1725 934 quo
1746 889 1786 923 et
1806 884 1976 925 historia
1995 901 2126 928 escau-

1155 943 1387 982 ctoratz'onis
1402 944 1572 983 Henrici
1586 945 1619 983 I.
1649 945 1946 1000 Archiepiscopi
1965 952 2127 1001 Mogun—

1154 1006 1228 1043 tini
1248 1006 1298 1045 ad
1316 1005 1436 1045 Anno
1456 1008 1558 1047 4442
1582 1008 1631 1046 ad
1658 1010 1760 1048 4453
1788 1012 1892 1060 (non
1913 1000 2071 1052 Henrici
2091 1016 2124 1053 V

1157 1071 1202 1106 ut
1226 1072 1289 1106 est
1312 1069 1415 1120 apud
1438 1071 1704 1121 Bruschium)
1730 1076 1770 1110 et
1791 1071 1963 1113 Arnoldi
1979 1075 2028 1114 ab
2047 1076 2122 1116 An.

1158 1131 1261 1169 4453
1282 1132 1531 1183 aliorumque
1546 1132 1947 1187 Archiepiscoporum
1961 1140 2126 1190 Mogun-

1155 1193 1343 1232 tinorum.
1382 1195 1481 1233 Nam
1517 1207 1610 1234 cum
1648 1201 1788 1236 auctor
1819 1210 1964 1237 nomen
2002 1211 2125 1240 suum

1155 1255 1238 1293 sola
1262 1255 1414 1295 litttera
1452 1257 1496 1296 C.
1527 1257 1770 1308 prodiderit,
1810 1264 1851 1299 et
1887 1267 2125 1312 argumenta

1155 1317 1269 1367 plura
1293 1319 1466 1357 militent
1494 1332 1564 1371 pro
1594 1321 1668 1360 hoc
1697 1322 1948 1372 Christiano,
1972 1325 2027 1363 illi
2056 1337 2125 1376 po-

1156 1380 1238 1417 tius
1275 1392 1396 1430 quam
1427 1383 1561 1421 nescio
1589 1384 1654 1422 cui
1684 1384 1865 1423 Conrado
1894 1385 2125 1426 adscriben-

1157 1441 1253 1480 dum
1268 1441 1511 1492 judicarunt.
1529 1445 1628 1485 Vide
1649 1458 1737 1497 pag.
1758 1446 1846 1486 607.
1865 1459 1948 1498 seq.
1966 1453 2006 1487 et
2025 1455 2122 1489 tom.

1156 1505 1204 1543 II.
1230 1505 1380 1544 laudati
1413 1508 1607 1546 Johannis
1644 1520 1704 1559 pa.
1737 1511 1911 1549 404-430
1945 1511 2012 1550 uhi
2049 1512 2124 1551 hoc

1156 1566 1378 1606 Chronicon
1403 1573 1494 1619 post
1512 1570 1728 1609 editionem
1752 1573 2023 1612 Basileensem
2047 1574 2125 1614 An.

1160 1628 1262 1668 4537
1293 1634 1334 1668 et
1364 1632 1629 1671 Urstisianam
1659 1632 1775 1672 Anno
1806 1635 1936 1682 45857
1961 1640 2055 1674 tom.
2081 1638 2122 1685 Ι,

1158 1703 1244 1742 pag.
1263 1692 1352 1731 567.
1369 1693 1609 1745 Georgiique
1625 1695 1835 1735 Helwichii
1851 1725 1858 1745 7
1876 1697 2126 1736 Francofurti

1157 1755 1259 1793 4630
1283 1756 1484 1806 integrum
1513 1767 1607 1795 cum
1632 1758 1737 1795 notis
1761 1758 1974 1796 clarissimi
2002 1759 2128 1798 edito—

1156 1816 1212 1854 ris
1235 1816 1459 1855 exhibetur.
1481 1819 1740 1868 Persequitur
1760 1824 1896 1858 autem
1916 1821 2129 1860 historiam

1155 1879 1360 1917 Ecclesiae
1399 1880 1654 1930 Moguntinae
1692 1881 1740 1918 ab
1776 1880 1893 1919 Anno
1933 1884 1974 1921 44
1988 1883 2038 1921 40
2075 1883 2127 1921 ad

1159 1941 1274 1980 4254.
1291 1942 1529 1992 Dicavitque
1555 1946 1694 1981 auctor
1715 1942 1789 1981 hoc
1810 1943 2036 1982 Chronicon
2061 1945 2129 1982 Ve-

1157 2001 1333 2041 nerabili
1346 2003 1465 2041 Patri
1482 2003 1720 2042 Theodorico
1744 2003 1895 2043 Abbati
1912 2008 1950 2044 et
1962 2006 2126 2044 Fratri-

1159 2064 1232 2104 bus
1259 2066 1301 2105 C.
1322 2065 1520 2105 Ludovico
1546 2066 1685 2104 Priori
1695 2098 1706 2115 7
1733 2066 1908 2105 Jolzanni
1925 2071 1964 2106 et
1978 2068 2124 2107 Rudol-

1152 2128 1232 2179 pho
1253 2127 1565 2178 Sacerdotic'ms7
1593 2129 1635 2167 C.
1662 2127 1878 2180 Presbyter
1896 2130 2128 2183 Episcopali

1157 2190 1312 2228 ‘nomine
1336 2190 1549 2241 indiynus,
1571 2189 1724 2242 qaudia
1754 2190 1885 2230 electis
1914 2192 2012 2230 DEI
2037 2197 2128 2232 ante

1159 2252 1301 2293 Mundi
1321 2252 1495 2291 exordia
1513 2257 1779 2305 praeparata.

1209 2315 1232 2338 δὲ
1262 2317 1423 2354 Praeter
1453 2315 1677 2355 Chronicon
1707 2315 1756 2354 de
1787 2327 1865 2365 quo
1895 2316 1957 2355 hic
1995 2318 2129 2356 Fabri-

1161 2378 1273 2426 cius⁷
1305 2379 1464 2428 scripsit
1488 2378 1660 2417 alterum
1685 2381 1904 2416 tractatum
1928 2378 1974 2416 ad
2001 2378 2130 2418 Abba-

1161 2444 1245 2478 tem
1276 2439 1597 2489 Eboracensem,
1619 2440 1666 2478 de
1695 2439 1932 2491 depositione
1962 2441 2130 2479 Henrici

1160 2503 1220 2541 IV
1238 2502 1498 2554 Imperatoris
1515 2515 1528 2550 ,·
1550 2503 1673 2541 verba
1703 2507 1799 2541 sunt
1828 2504 1885 2540 Jo.
1912 2503 2063 2540 Latomi
2088 2504 2129 2540 in

1162 2564 1287 2604 Catal.
1318 2564 1546 2614 Episcopor.
1575 2566 1794 2614 Moguntin.
1819 2565 2018 2602 Menssen.
2040 2565 2130 2602 Rer.

1165 2626 1340 2665 German
1364 2629 1458 2662 tom.
1484 2626 1558 2663 XII
1582 2636 1669 2675 pag.
1695 2626 1786 2664 549.

1221 2686 1557 2727 CHRISTIANUS
1587 2685 1634 2724 de
1665 2685 1824 2737 Opiter,
1849 2685 2129 2735 Trajectinus,

1168 2750 1328 2789 Ordinis
1357 2748 1677 2787 Praedicatorum
1707 2749 1811 2786 circa
1839 2748 2002 2786 Annum
2030 2749 2124 2787 4454

1168 2814 1327 2863 scripsit
1357 2809 1608 2850 Summulam
1646 2809 1692 2848 de
1727 2821 1794 2858 eo,
1826 2809 1932 2861 quod
1961 2813 2133 2861 tempore

1167 2872 1443 2913 Ecclesiastici
1472 2872 1672 2911 interdicti
1692 2870 1932 2924 prohibetur
1955 2870 2019 2910 vel
2045 2883 2135 2910 con-

1168 2937 1334 2976 ceditur.
1355 2936 1657 2987 Eoepositionem
1681 2934 2022 2973 caerimoniarum
2042 2934 2134 2973 niis-

1169 3011 1237 3038 sae
1260 2998 1511 3050 spiritualem
1536 3002 1573 3037 et
1596 2997 1814 3050 mysticam.
1837 2999 2068 3035 Tractatum
2089 2995 2136 3035 de

1171 3061 1342 3100 materia
1363 3061 1657 3099 Eucharistiae.
1682 3061 1822 3110 incipit
1842 3073 1848 3096 :
1868 3058 2039 3098 Materia
2054 3059 2136 3097 Eu-

1173 3124 1390 3163 charistiae
1411 3126 1470 3162 est
1484 3122 1604 3175 panis
1628 3122 1674 3161 de
1693 3134 1797 3174 puro
1821 3121 1949 3160 tritico
1970 3126 2044 3160 etc.
2067 3121 2139 3161 Mi·-

1175 3186 1360 3227 raculum
1392 3185 1583 3225 Gnidonis
1613 3185 1659 3224 de
1691 3186 1818 3225 Corvo
1847 3183 1922 3222 An.
1955 3184 2074 3224 4424.
2098 3184 2139 3222 in

1183 3250 1350 3291 Ciuitate
1376 3248 1592 3298 Alaestenst,
1624 3259 1726 3299 quae
1755 3247 1907 3299 Bajona
1927 3245 2016 3297 jam
2044 3245 2141 3284 dici-

1171 3317 1236 3352 tur
1260 3316 1298 3352 et
1323 3311 1418 3352 XXX
1447 3310 1568 3355 leucis
1600 3309 1723 3349 distat
1744 3322 1769 3349 a
1800 3308 1917 3349 curia
1946 3310 2136 3348 Rom-ana.
2189 3327 2195 3334 -
