<?xml version="1.0" encoding="UTF-8"?>
<!DOCTYPE html PUBLIC "-//W3C//DTD XHTML 1.0 Transitional//EN"
    "http://www.w3.org/TR/xhtml1/DTD/xhtml1-transitional.dtd">
<html xmlns="http://www.w3.org/1999/xhtml" xml:lang="en" lang="en">
 <head>
  <title>
</title>
<meta http-equiv="Content-Type" content="text/html;charset=utf-8" />
  <meta name='ocr-system' content='tesseract 3.04.00' />
  <meta name='ocr-capabilities' content='ocr_page ocr_carea ocr_par ocr_line ocrx_word'/>
</head>
<body>
  <div class='ocr_page' id='page_1' title='image "./bibliothecalatin01fabruoft_0545.png"; bbox 0 0 2500 3841; ppageno 0'>
   <div class='ocr_carea' id='block_1_1' title="bbox 862 240 1292 282">
    <p class='ocr_par' dir='ltr' id='par_1_1' title="bbox 862 240 1292 282">
     <span class='ocr_line' id='line_1_1' title="bbox 862 240 1292 282; baseline -0.002 -3"><span class='ocrx_word' id='word_1_1' title='bbox 862 240 1292 282; x_wconf 74' lang='lat' dir='ltr'><strong>ENCOLPIUs</strong></span> 
     </span>
    </p>
   </div>
   <div class='ocr_carea' id='block_1_2' title="bbox 67 310 1063 2421">
    <p class='ocr_par' dir='ltr' id='par_1_2' title="bbox 80 310 1052 613">
     <span class='ocr_line' id='line_1_2' title="bbox 81 310 1046 354; baseline 0.003 -5"><span class='ocrx_word' id='word_1_2' title='bbox 81 311 172 349; x_wconf 85' lang='lat' dir='ltr'><strong>dem</strong></span> <span class='ocrx_word' id='word_1_3' title='bbox 195 311 340 350; x_wconf 79' lang='lat' dir='ltr'>Codice</span> <span class='ocrx_word' id='word_1_4' title='bbox 359 310 552 350; x_wconf 84' lang='lat' dir='ltr'><strong>succedit.</strong></span> <span class='ocrx_word' id='word_1_5' title='bbox 573 310 691 351; x_wconf 83' lang='lat' dir='ltr'><strong>Liber</strong></span> <span class='ocrx_word' id='word_1_6' title='bbox 715 312 981 354; x_wconf 80' lang='lat' dir='ltr'><strong>Henchiradis</strong></span> <span class='ocrx_word' id='word_1_7' title='bbox 1006 314 1046 353; x_wconf 77' lang='lat' dir='ltr'><strong>in</strong></span> 
     </span>
     <span class='ocr_line' id='line_1_3' title="bbox 81 373 1047 424; baseline 0.003 -12"><span class='ocrx_word' id='word_1_8' title='bbox 81 373 248 412; x_wconf 85' lang='lat' dir='ltr'><strong><em>Musica.</em></strong></span> <span class='ocrx_word' id='word_1_9' title='bbox 292 374 458 424; x_wconf 80' lang='lat' dir='ltr'><strong>Incipit:</strong></span> <span class='ocrx_word' id='word_1_10' title='bbox 495 374 611 414; x_wconf 88' lang='lat' dir='ltr'><strong>Sicut</strong></span> <span class='ocrx_word' id='word_1_11' title='bbox 649 386 764 415; x_wconf 84' lang='lat' dir='ltr'><strong>voces</strong></span> <span class='ocrx_word' id='word_1_12' title='bbox 806 376 1047 416; x_wconf 80' lang='lat' dir='ltr'><em>articulatae</em></span> 
     </span>
     <span class='ocr_line' id='line_1_4' title="bbox 81 434 1052 490; baseline 0.004 -16"><span class='ocrx_word' id='word_1_13' title='bbox 81 434 361 475; x_wconf 79' lang='lat' dir='ltr'><em>elementariae</em></span> <span class='ocrx_word' id='word_1_14' title='bbox 380 440 455 475; x_wconf 89' lang='lat' dir='ltr'><strong>etc.</strong></span> <span class='ocrx_word' id='word_1_15' title='bbox 485 437 687 477; x_wconf 89' lang='lat' dir='ltr'><strong>Dividitur</strong></span> <span class='ocrx_word' id='word_1_16' title='bbox 716 438 874 477; x_wconf 86' lang='lat' dir='ltr'><strong>libellus</strong></span> <span class='ocrx_word' id='word_1_17' title='bbox 899 440 937 477; x_wconf 93' lang='lat' dir='ltr'><strong>in</strong></span> <span class='ocrx_word' id='word_1_18' title='bbox 964 451 1052 490; x_wconf 91' lang='lat' dir='ltr'><strong>par-</strong></span> 
     </span>
     <span class='ocr_line' id='line_1_5' title="bbox 80 497 1051 550; baseline 0.003 -14"><span class='ocrx_word' id='word_1_19' title='bbox 80 502 143 537; x_wconf 87' lang='lat' dir='ltr'><strong>tes</strong></span> <span class='ocrx_word' id='word_1_20' title='bbox 170 497 295 546; x_wconf 85' lang='lat' dir='ltr'><strong>duas;</strong></span> <span class='ocrx_word' id='word_1_21' title='bbox 313 509 405 550; x_wconf 88' lang='lat' dir='ltr'><strong>pars</strong></span> <span class='ocrx_word' id='word_1_22' title='bbox 419 500 526 550; x_wconf 89' lang='lat' dir='ltr'><strong>prior</strong></span> <span class='ocrx_word' id='word_1_23' title='bbox 554 502 594 539; x_wconf 88' lang='lat' dir='ltr'><strong>in</strong></span> <span class='ocrx_word' id='word_1_24' title='bbox 617 501 737 540; x_wconf 89' lang='lat' dir='ltr'><strong>libros</strong></span> <span class='ocrx_word' id='word_1_25' title='bbox 753 502 919 541; x_wconf 79' lang='lat' dir='ltr'><strong>totidem</strong></span> <span class='ocrx_word' id='word_1_26' title='bbox 949 504 1051 542; x_wconf 83' lang='lat' dir='ltr'><strong>Haec</strong></span> 
     </span>
     <span class='ocr_line' id='line_1_6' title="bbox 82 559 710 613; baseline 0.002 -13"><span class='ocrx_word' id='word_1_27' title='bbox 82 561 325 600; x_wconf 88' lang='lat' dir='ltr'><strong>Muratorius</strong></span> <span class='ocrx_word' id='word_1_28' title='bbox 351 559 488 613; x_wconf 87' lang='lat' dir='ltr'><strong>Antiq.</strong></span> <span class='ocrx_word' id='word_1_29' title='bbox 521 564 588 602; x_wconf 90' lang='lat' dir='ltr'><strong>III.</strong></span> <span class='ocrx_word' id='word_1_30' title='bbox 621 563 710 603; x_wconf 90' lang='grc'><strong>876.</strong></span> 
     </span>
    </p>

    <p class='ocr_par' dir='ltr' id='par_1_3' title="bbox 67 623 1063 2421">
     <span class='ocr_line' id='line_1_7' title="bbox 133 623 1051 675; baseline 0.002 -11"><span class='ocrx_word' id='word_1_31' title='bbox 133 623 445 672; x_wconf 85' lang='lat' dir='ltr'><strong>ENCOLPIUS,</strong></span> <span class='ocrx_word' id='word_1_32' title='bbox 475 636 554 675; x_wconf 89' lang='lat' dir='ltr'><strong>quo</strong></span> <span class='ocrx_word' id='word_1_33' title='bbox 585 626 893 666; x_wconf 80' lang='lat' dir='ltr'><strong>familiarissime</strong></span> <span class='ocrx_word' id='word_1_34' title='bbox 932 638 1051 667; x_wconf 89' lang='lat' dir='ltr'><strong>usum</strong></span> 
     </span>
     <span class='ocr_line' id='line_1_8' title="bbox 83 686 1054 736; baseline 0.003 -11"><span class='ocrx_word' id='word_1_35' title='bbox 83 687 372 736; x_wconf 82' lang='lat' dir='ltr'><strong>Imperatorem</strong></span> <span class='ocrx_word' id='word_1_36' title='bbox 402 686 679 727; x_wconf 74' lang='lat' dir='ltr'><strong>Alexandrum</strong></span> <span class='ocrx_word' id='word_1_37' title='bbox 714 689 909 729; x_wconf 82' lang='lat' dir='ltr'><strong>Severum</strong></span> <span class='ocrx_word' id='word_1_38' title='bbox 931 694 1054 728; x_wconf 89' lang='lat' dir='ltr'><strong>testa-</strong></span> 
     </span>
     <span class='ocr_line' id='line_1_9' title="bbox 80 748 1054 801; baseline 0.003 -14"><span class='ocrx_word' id='word_1_39' title='bbox 80 753 148 788; x_wconf 86' lang='lat' dir='ltr'><strong>tur</strong></span> <span class='ocrx_word' id='word_1_40' title='bbox 177 748 430 800; x_wconf 80' lang='lat' dir='ltr'><strong>Lampridius</strong></span> <span class='ocrx_word' id='word_1_41' title='bbox 459 761 545 801; x_wconf 90' lang='lat' dir='ltr'><strong>cap.</strong></span> <span class='ocrx_word' id='word_1_42' title='bbox 568 750 620 790; x_wconf 90' lang='grc'><strong>47</strong></span> <span class='ocrx_word' id='word_1_43' title='bbox 639 762 814 801; x_wconf 81' lang='lat' dir='ltr'><strong>eumque</strong></span> <span class='ocrx_word' id='word_1_44' title='bbox 840 754 944 790; x_wconf 86' lang='lat' dir='ltr'><strong>inter</strong></span> <span class='ocrx_word' id='word_1_45' title='bbox 972 762 1054 795; x_wconf 72' lang='lat' dir='ltr'><strong>eos,</strong></span> 
     </span>
     <span class='ocr_line' id='line_1_10' title="bbox 80 811 1055 865; baseline -0.001 -13"><span class='ocrx_word' id='word_1_46' title='bbox 80 813 149 863; x_wconf 91' lang='lat' dir='ltr'><strong>qui</strong></span> <span class='ocrx_word' id='word_1_47' title='bbox 168 811 386 852; x_wconf 80' lang='lat' dir='ltr'><strong>Alexandri</strong></span> <span class='ocrx_word' id='word_1_48' title='bbox 412 814 550 852; x_wconf 85' lang='lat' dir='ltr'><strong>Severi</strong></span> <span class='ocrx_word' id='word_1_49' title='bbox 574 814 704 853; x_wconf 82' lang='lat' dir='ltr'><strong>Vitam</strong></span> <span class='ocrx_word' id='word_1_50' title='bbox 729 815 978 865; x_wconf 85' lang='lat' dir='ltr'><strong>scripserunt</strong></span> <span class='ocrx_word' id='word_1_51' title='bbox 994 824 1055 852; x_wconf 87' lang='lat' dir='ltr'><strong>re-</strong></span> 
     </span>
     <span class='ocr_line' id='line_1_11' title="bbox 80 875 1053 926; baseline 0.001 -13"><span class='ocrx_word' id='word_1_52' title='bbox 80 876 156 914; x_wconf 84' lang='lat' dir='ltr'><strong>fert</strong></span> <span class='ocrx_word' id='word_1_53' title='bbox 189 886 273 926; x_wconf 91' lang='lat' dir='ltr'><strong>cap.</strong></span> <span class='ocrx_word' id='word_1_54' title='bbox 310 875 372 913; x_wconf 80' lang='lat'><strong>48.</strong></span> <span class='ocrx_word' id='word_1_55' title='bbox 407 877 506 915; x_wconf 90' lang='lat' dir='ltr'><strong>Hinc</strong></span> <span class='ocrx_word' id='word_1_56' title='bbox 536 877 639 914; x_wconf 88' lang='lat' dir='ltr'><strong>inter</strong></span> <span class='ocrx_word' id='word_1_57' title='bbox 659 877 875 915; x_wconf 87' lang='lat' dir='ltr'><strong>Historicos</strong></span> <span class='ocrx_word' id='word_1_58' title='bbox 893 878 1053 915; x_wconf 86' lang='lat' dir='ltr'><strong>Latinos</strong></span> 
     </span>
     <span class='ocr_line' id='line_1_12' title="bbox 78 938 1057 990; baseline -0.001 -13"><span class='ocrx_word' id='word_1_59' title='bbox 78 939 316 990; x_wconf 86' lang='lat' dir='ltr'><strong>Encolpium</strong></span> <span class='ocrx_word' id='word_1_60' title='bbox 337 938 557 977; x_wconf 89' lang='lat' dir='ltr'><strong>celebravit</strong></span> <span class='ocrx_word' id='word_1_61' title='bbox 578 939 746 977; x_wconf 84' lang='lat' dir='ltr'><strong>Vossius</strong></span> <span class='ocrx_word' id='word_1_62' title='bbox 767 940 830 977; x_wconf 92' lang='lat' dir='ltr'><strong>vir</strong></span> <span class='ocrx_word' id='word_1_63' title='bbox 851 943 1057 989; x_wconf 83' lang='lat' dir='ltr'><strong>praestan-</strong></span> 
     </span>
     <span class='ocr_line' id='line_1_13' title="bbox 79 999 1055 1052; baseline 0.001 -13"><span class='ocrx_word' id='word_1_64' title='bbox 79 1002 267 1040; x_wconf 90' lang='lat' dir='ltr'><strong>tissimus</strong></span> <span class='ocrx_word' id='word_1_65' title='bbox 292 1011 379 1052; x_wconf 84' lang='lat' dir='ltr'><strong>pag.</strong></span> <span class='ocrx_word' id='word_1_66' title='bbox 407 999 496 1040; x_wconf 96' lang='grc'><strong>477.</strong></span> <span class='ocrx_word' id='word_1_67' title='bbox 522 1000 575 1039; x_wconf 91' lang='lat' dir='ltr'><strong>At</strong></span> <span class='ocrx_word' id='word_1_68' title='bbox 599 1002 632 1039; x_wconf 89' lang='lat' dir='ltr'><strong>si</strong></span> <span class='ocrx_word' id='word_1_69' title='bbox 656 1001 860 1040; x_wconf 82' lang='lat' dir='ltr'><strong>credimus</strong></span> <span class='ocrx_word' id='word_1_70' title='bbox 880 1001 1055 1040; x_wconf 81' lang='lat' dir='ltr'><strong>Thomae</strong></span> 
     </span>
     <span class='ocr_line' id='line_1_14' title="bbox 79 1062 1055 1114; baseline -0.002 -10"><span class='ocrx_word' id='word_1_71' title='bbox 79 1064 239 1112; x_wconf 89' lang='lat' dir='ltr'><strong>Elioto‚</strong></span> <span class='ocrx_word' id='word_1_72' title='bbox 274 1065 309 1111; x_wconf 86' lang='lat' dir='ltr'><strong>a)</strong></span> <span class='ocrx_word' id='word_1_73' title='bbox 344 1064 471 1112; x_wconf 81' lang='lat' dir='ltr'><strong>equiti</strong></span> <span class='ocrx_word' id='word_1_74' title='bbox 495 1062 624 1114; x_wconf 84' lang='lat' dir='ltr'><strong>Anglo</strong></span> <span class='ocrx_word' id='word_1_75' title='bbox 645 1094 653 1114; x_wconf 78' lang='lat'>‚</span> <span class='ocrx_word' id='word_1_76' title='bbox 678 1063 830 1102; x_wconf 78' lang='lat' dir='ltr'><strong>Graece</strong></span> <span class='ocrx_word' id='word_1_77' title='bbox 869 1064 1055 1114; x_wconf 76' lang='lat' dir='ltr'><strong>scripsit,</strong></span> 
     </span>
     <span class='ocr_line' id='line_1_15' title="bbox 78 1125 1057 1165; baseline -0.003 0"><span class='ocrx_word' id='word_1_78' title='bbox 78 1137 156 1165; x_wconf 92' lang='lat' dir='ltr'><strong>non</strong></span> <span class='ocrx_word' id='word_1_79' title='bbox 175 1127 326 1165; x_wconf 85' lang='lat' dir='ltr'><strong>Latine.</strong></span> <span class='ocrx_word' id='word_1_80' title='bbox 342 1126 491 1164; x_wconf 89' lang='lat' dir='ltr'><strong>Prodiit</strong></span> <span class='ocrx_word' id='word_1_81' title='bbox 514 1127 623 1165; x_wconf 89' lang='lat' dir='ltr'><strong>enim</strong></span> <span class='ocrx_word' id='word_1_82' title='bbox 643 1126 720 1165; x_wconf 88' lang='lat' dir='ltr'><strong>An.</strong></span> <span class='ocrx_word' id='word_1_83' title='bbox 745 1126 861 1165; x_wconf 75' lang='grc'><strong>4549.</strong></span> <span class='ocrx_word' id='word_1_84' title='bbox 888 1125 1057 1164; x_wconf 89' lang='lat' dir='ltr'><strong>Londini</strong></span> 
     </span>
     <span class='ocr_line' id='line_1_16' title="bbox 80 1187 1058 1240; baseline -0.002 -12"><span class='ocrx_word' id='word_1_85' title='bbox 80 1189 240 1231; x_wconf 90' lang='lat' dir='ltr'><strong>libellus</strong></span> <span class='ocrx_word' id='word_1_86' title='bbox 270 1187 520 1239; x_wconf 88' lang='lat' dir='ltr'><strong>Anglicanus</strong></span> <span class='ocrx_word' id='word_1_87' title='bbox 544 1190 792 1239; x_wconf 86' lang='lat' dir='ltr'><strong>inscriptus:</strong></span> <span class='ocrx_word' id='word_1_88' title='bbox 818 1190 954 1240; x_wconf 66' lang='lat' dir='ltr'><strong>Imago</strong></span> <span class='ocrx_word' id='word_1_89' title='bbox 977 1188 1058 1226; x_wconf 85' lang='lat' dir='ltr'><strong>Im-</strong></span> 
     </span>
     <span class='ocr_line' id='line_1_17' title="bbox 72 1250 1054 1303; baseline 0 -13"><span class='ocrx_word' id='word_1_90' title='bbox 72 1251 182 1303; x_wconf 82' lang='lat' dir='ltr'><strong>perii</strong></span> <span class='ocrx_word' id='word_1_91' title='bbox 201 1282 212 1300; x_wconf 69' lang='grc'>,</span> <span class='ocrx_word' id='word_1_92' title='bbox 237 1252 324 1290; x_wconf 91' lang='lat' dir='ltr'><strong>sive</strong></span> <span class='ocrx_word' id='word_1_93' title='bbox 356 1250 417 1290; x_wconf 80' lang='lat' dir='ltr'><strong>the</strong></span> <span class='ocrx_word' id='word_1_94' title='bbox 453 1251 583 1302; x_wconf 63' lang='lat' dir='ltr'><strong>image</strong></span> <span class='ocrx_word' id='word_1_95' title='bbox 604 1251 651 1303; x_wconf 86' lang='lat' dir='ltr'><strong>of</strong></span> <span class='ocrx_word' id='word_1_96' title='bbox 664 1250 922 1290; x_wconf 86' lang='lat' dir='ltr'><strong>Governance</strong></span> <span class='ocrx_word' id='word_1_97' title='bbox 951 1263 1054 1290; x_wconf 87' lang='lat' dir='ltr'><strong>com-</strong></span> 
     </span>
     <span class='ocr_line' id='line_1_18' title="bbox 70 1310 1063 1367; baseline -0.001 -14"><span class='ocrx_word' id='word_1_98' title='bbox 70 1314 183 1367; x_wconf 82' lang='lat' dir='ltr'><strong>piled</strong></span> <span class='ocrx_word' id='word_1_99' title='bbox 196 1313 244 1367; x_wconf 84' lang='lat' dir='ltr'><strong>of</strong></span> <span class='ocrx_word' id='word_1_100' title='bbox 259 1313 321 1353; x_wconf 84' lang='lat' dir='ltr'><strong>the</strong></span> <span class='ocrx_word' id='word_1_101' title='bbox 341 1310 437 1352; x_wconf 64' lang='lat' dir='ltr'><strong>&gt;icis</strong></span> <span class='ocrx_word' id='word_1_102' title='bbox 467 1313 550 1352; x_wconf 87' lang='lat' dir='ltr'><strong>and</strong></span> <span class='ocrx_word' id='word_1_103' title='bbox 567 1315 775 1354; x_wconf 89' lang='lat' dir='ltr'><strong>Sentences</strong></span> <span class='ocrx_word' id='word_1_104' title='bbox 809 1313 986 1354; x_wconf 83' lang='lat' dir='ltr'><strong>notables</strong></span> <span class='ocrx_word' id='word_1_105' title='bbox 1015 1314 1063 1367; x_wconf 87' lang='lat' dir='ltr'><strong>of</strong></span> 
     </span>
     <span class='ocr_line' id='line_1_19' title="bbox 76 1376 1054 1428; baseline -0.001 -11"><span class='ocrx_word' id='word_1_106' title='bbox 76 1376 317 1417; x_wconf 78' lang='lat' dir='ltr'><strong>Aleoeander</strong></span> <span class='ocrx_word' id='word_1_107' title='bbox 344 1378 538 1427; x_wconf 77' lang='lat' dir='ltr'><strong>Severus,</strong></span> <span class='ocrx_word' id='word_1_108' title='bbox 569 1389 689 1427; x_wconf 91' lang='lat' dir='ltr'><strong>quem</strong></span> <span class='ocrx_word' id='word_1_109' title='bbox 728 1378 768 1415; x_wconf 90' lang='lat' dir='ltr'><strong>in</strong></span> <span class='ocrx_word' id='word_1_110' title='bbox 797 1378 976 1428; x_wconf 85' lang='lat' dir='ltr'><strong>Epistola</strong></span> <span class='ocrx_word' id='word_1_111' title='bbox 1005 1377 1054 1416; x_wconf 89' lang='lat' dir='ltr'><strong>ad</strong></span> 
     </span>
     <span class='ocr_line' id='line_1_20' title="bbox 79 1439 1052 1491; baseline 0 -12"><span class='ocrx_word' id='word_1_112' title='bbox 79 1442 269 1480; x_wconf 90' lang='lat' dir='ltr'><strong>Proceres</strong></span> <span class='ocrx_word' id='word_1_113' title='bbox 295 1440 540 1491; x_wconf 86' lang='lat' dir='ltr'><strong>Anglicanos</strong></span> <span class='ocrx_word' id='word_1_114' title='bbox 569 1439 811 1479; x_wconf 85' lang='lat' dir='ltr'><strong>dedicatoria</strong></span> <span class='ocrx_word' id='word_1_115' title='bbox 849 1452 871 1479; x_wconf 93' lang='lat' dir='ltr'><strong>e</strong></span> <span class='ocrx_word' id='word_1_116' title='bbox 902 1440 1052 1479; x_wconf 86' lang='lat' dir='ltr'><strong>Graeco</strong></span> 
     </span>
     <span class='ocr_line' id='line_1_21' title="bbox 81 1501 1052 1542; baseline -0.002 0"><span class='ocrx_word' id='word_1_117' title='bbox 81 1513 269 1542; x_wconf 89' lang='lat' dir='ltr'><strong>sermone</strong></span> <span class='ocrx_word' id='word_1_118' title='bbox 307 1502 567 1542; x_wconf 86' lang='lat' dir='ltr'><strong>transtulisse</strong></span> <span class='ocrx_word' id='word_1_119' title='bbox 597 1513 640 1541; x_wconf 92' lang='lat' dir='ltr'><strong>se</strong></span> <span class='ocrx_word' id='word_1_120' title='bbox 670 1504 726 1541; x_wconf 89' lang='lat' dir='ltr'><strong>ait</strong></span> <span class='ocrx_word' id='word_1_121' title='bbox 753 1502 917 1541; x_wconf 77' lang='lat' dir='ltr'><strong>Thomas</strong></span> <span class='ocrx_word' id='word_1_122' title='bbox 945 1501 1052 1541; x_wconf 89' lang='lat' dir='ltr'><strong>Elio-</strong></span> 
     </span>
     <span class='ocr_line' id='line_1_22' title="bbox 80 1566 1054 1617; baseline -0.001 -12"><span class='ocrx_word' id='word_1_123' title='bbox 80 1570 144 1606; x_wconf 90' lang='lat' dir='ltr'><strong>tus</strong></span> <span class='ocrx_word' id='word_1_124' title='bbox 158 1598 170 1616; x_wconf 83' lang='lat'><em>,</em></span> <span class='ocrx_word' id='word_1_125' title='bbox 194 1567 333 1617; x_wconf 93' lang='lat' dir='ltr'><strong>Eques</strong></span> <span class='ocrx_word' id='word_1_126' title='bbox 353 1569 540 1615; x_wconf 86' lang='lat' dir='ltr'><strong>auratus,</strong></span> <span class='ocrx_word' id='word_1_127' title='bbox 561 1570 683 1616; x_wconf 90' lang='lat' dir='ltr'><strong>atque</strong></span> <span class='ocrx_word' id='word_1_128' title='bbox 704 1566 910 1617; x_wconf 75' lang='lat' dir='ltr'><strong>exemplar</strong></span> <span class='ocrx_word' id='word_1_129' title='bbox 933 1566 1054 1604; x_wconf 89' lang='lat' dir='ltr'><strong>Grae—</strong></span> 
     </span>
     <span class='ocr_line' id='line_1_23' title="bbox 74 1617 1050 1679; baseline -0.001 -12"><span class='ocrx_word' id='word_1_130' title='bbox 74 1639 168 1668; x_wconf 91' lang='lat' dir='ltr'><strong>cum</strong></span> <span class='ocrx_word' id='word_1_131' title='bbox 215 1617 472 1667; x_wconf 77' lang='lat' dir='ltr'><strong>comniodato</strong></span> <span class='ocrx_word' id='word_1_132' title='bbox 513 1629 720 1679; x_wconf 90' lang='lat' dir='ltr'><strong>accepisse</strong></span> <span class='ocrx_word' id='word_1_133' title='bbox 754 1640 777 1667; x_wconf 90' lang='lat' dir='ltr'><strong>a</strong></span> <span class='ocrx_word' id='word_1_134' title='bbox 819 1628 1050 1668; x_wconf 88' lang='lat' dir='ltr'><strong>Clarissimo</strong></span> 
     </span>
     <span class='ocr_line' id='line_1_24' title="bbox 74 1690 1051 1742; baseline -0.002 -12"><span class='ocrx_word' id='word_1_135' title='bbox 74 1690 248 1742; x_wconf 90' lang='lat' dir='ltr'><strong>quodam</strong></span> <span class='ocrx_word' id='word_1_136' title='bbox 268 1691 528 1740; x_wconf 88' lang='lat' dir='ltr'><strong>Neapolitano</strong></span> <span class='ocrx_word' id='word_1_137' title='bbox 553 1692 617 1730; x_wconf 90' lang='lat' dir='ltr'><strong>cui</strong></span> <span class='ocrx_word' id='word_1_138' title='bbox 649 1702 794 1730; x_wconf 89' lang='lat' dir='ltr'><strong>nomen</strong></span> <span class='ocrx_word' id='word_1_139' title='bbox 818 1691 1051 1730; x_wconf 80' lang='lat' dir='ltr'><strong>Pudericus.</strong></span> 
     </span>
     <span class='ocr_line' id='line_1_25' title="bbox 74 1753 1050 1804; baseline -0.001 -11"><span class='ocrx_word' id='word_1_140' title='bbox 74 1754 292 1793; x_wconf 87' lang='lat' dir='ltr'><strong>Auctorem</strong></span> <span class='ocrx_word' id='word_1_141' title='bbox 312 1753 433 1791; x_wconf 86' lang='lat' dir='ltr'><strong>libelli</strong></span> <span class='ocrx_word' id='word_1_142' title='bbox 455 1754 630 1792; x_wconf 87' lang='lat' dir='ltr'><strong>affirmat</strong></span> <span class='ocrx_word' id='word_1_143' title='bbox 650 1754 776 1792; x_wconf 82' lang='lat' dir='ltr'><strong>fuisse</strong></span> <span class='ocrx_word' id='word_1_144' title='bbox 794 1755 1050 1804; x_wconf 79' lang='lat' dir='ltr'><strong>Encolpium,</strong></span> 
     </span>
     <span class='ocr_line' id='line_1_26' title="bbox 73 1814 1050 1856; baseline 0 -1"><span class='ocrx_word' id='word_1_145' title='bbox 73 1814 303 1856; x_wconf 85' lang='lat' dir='ltr'><strong>Alexandro</strong></span> <span class='ocrx_word' id='word_1_146' title='bbox 354 1816 504 1854; x_wconf 89' lang='lat' dir='ltr'><strong>Severo</strong></span> <span class='ocrx_word' id='word_1_147' title='bbox 544 1827 566 1854; x_wconf 92' lang='lat' dir='ltr'><strong>a</strong></span> <span class='ocrx_word' id='word_1_148' title='bbox 608 1817 931 1855; x_wconf 88' lang='lat' dir='ltr'><strong>Commentariis.</strong></span> <span class='ocrx_word' id='word_1_149' title='bbox 970 1816 1050 1856; x_wconf 85' lang='lat' dir='ltr'><strong>Sed</strong></span> 
     </span>
     <span class='ocr_line' id='line_1_27' title="bbox 75 1875 1048 1928; baseline 0 -11"><span class='ocrx_word' id='word_1_150' title='bbox 75 1876 270 1918; x_wconf 77' lang='lat' dir='ltr'><strong>Graeculi</strong></span> <span class='ocrx_word' id='word_1_151' title='bbox 294 1875 472 1928; x_wconf 85' lang='lat' dir='ltr'><strong>alicujus</strong></span> <span class='ocrx_word' id='word_1_152' title='bbox 512 1877 749 1917; x_wconf 74' lang='lat' dir='ltr'><strong>recentioris</strong></span> <span class='ocrx_word' id='word_1_153' title='bbox 789 1882 1048 1917; x_wconf 82' lang='lat' dir='ltr'><strong>commentum</strong></span> 
     </span>
     <span class='ocr_line' id='line_1_28' title="bbox 79 1938 1052 1992; baseline -0.001 -12"><span class='ocrx_word' id='word_1_154' title='bbox 79 1939 254 1980; x_wconf 86' lang='lat' dir='ltr'><strong>libellum</strong></span> <span class='ocrx_word' id='word_1_155' title='bbox 272 1940 393 1979; x_wconf 86' lang='lat' dir='ltr'><strong>istum</strong></span> <span class='ocrx_word' id='word_1_156' title='bbox 412 1938 553 1992; x_wconf 83' lang='lat' dir='ltr'><strong>fuisse,</strong></span> <span class='ocrx_word' id='word_1_157' title='bbox 584 1943 786 1991; x_wconf 85' lang='lat' dir='ltr'><strong>utcunque</strong></span> <span class='ocrx_word' id='word_1_158' title='bbox 815 1951 912 1979; x_wconf 84' lang='lat' dir='ltr'><strong>sane</strong></span> <span class='ocrx_word' id='word_1_159' title='bbox 935 1942 1052 1980; x_wconf 76' lang='lat' dir='ltr'><strong>Lani-</strong></span> 
     </span>
     <span class='ocr_line' id='line_1_29' title="bbox 67 2000 1051 2057; baseline -0.002 -14"><span class='ocrx_word' id='word_1_160' title='bbox 67 2003 206 2057; x_wconf 83' lang='lat' dir='ltr'><strong>pridio</strong></span> <span class='ocrx_word' id='word_1_161' title='bbox 233 2000 402 2042; x_wconf 84' lang='lat' dir='ltr'><strong>subinde</strong></span> <span class='ocrx_word' id='word_1_162' title='bbox 431 2002 534 2041; x_wconf 84' lang='lat' dir='ltr'><strong>satis</strong></span> <span class='ocrx_word' id='word_1_163' title='bbox 571 2001 806 2048; x_wconf 78' lang='lat' dir='ltr'><strong>concordem</strong></span> <span class='ocrx_word' id='word_1_164' title='bbox 824 2034 835 2051; x_wconf 78' lang='grc'>,</span> <span class='ocrx_word' id='word_1_165' title='bbox 880 2014 957 2040; x_wconf 88' lang='lat' dir='ltr'><strong>non</strong></span> <span class='ocrx_word' id='word_1_166' title='bbox 979 2002 1051 2041; x_wconf 87' lang='lat' dir='ltr'><strong>du-</strong></span> 
     </span>
     <span class='ocr_line' id='line_1_30' title="bbox 74 2064 1051 2117; baseline -0.003 -10"><span class='ocrx_word' id='word_1_167' title='bbox 74 2067 176 2117; x_wconf 73' lang='lat' dir='ltr'><strong>bito,</strong></span> <span class='ocrx_word' id='word_1_168' title='bbox 207 2065 338 2115; x_wconf 88' lang='lat' dir='ltr'><strong>inquit</strong></span> <span class='ocrx_word' id='word_1_169' title='bbox 368 2064 567 2103; x_wconf 89' lang='lat' dir='ltr'><strong>Seldenus</strong></span> <span class='ocrx_word' id='word_1_170' title='bbox 600 2066 639 2102; x_wconf 93' lang='lat' dir='ltr'><strong>in</strong></span> <span class='ocrx_word' id='word_1_171' title='bbox 686 2066 791 2102; x_wconf 90' lang='lat' dir='ltr'><strong>notis</strong></span> <span class='ocrx_word' id='word_1_172' title='bbox 833 2065 882 2104; x_wconf 90' lang='lat' dir='ltr'><strong>ad</strong></span> <span class='ocrx_word' id='word_1_173' title='bbox 921 2066 1051 2115; x_wconf 74' lang='lat' dir='ltr'><strong>Euty-</strong></span> 
     </span>
     <span class='ocr_line' id='line_1_31' title="bbox 71 2126 1048 2179; baseline -0.002 -9"><span class='ocrx_word' id='word_1_174' title='bbox 71 2131 206 2171; x_wconf 88' lang='lat' dir='ltr'><strong>chium</strong></span> <span class='ocrx_word' id='word_1_175' title='bbox 230 2139 318 2179; x_wconf 86' lang='lat' dir='ltr'><strong>pag.</strong></span> <span class='ocrx_word' id='word_1_176' title='bbox 341 2126 418 2166; x_wconf 80' lang='grc'><strong>475</strong></span> <span class='ocrx_word' id='word_1_177' title='bbox 441 2128 506 2166; x_wconf 91' lang='lat' dir='ltr'><strong>cui</strong></span> <span class='ocrx_word' id='word_1_178' title='bbox 543 2127 787 2176; x_wconf 84' lang='lat' dir='ltr'><strong>suffragatur</strong></span> <span class='ocrx_word' id='word_1_179' title='bbox 816 2127 1048 2178; x_wconf 84' lang='lat' dir='ltr'><strong>Stephanus</strong></span> 
     </span>
     <span class='ocr_line' id='line_1_32' title="bbox 69 2188 1047 2242; baseline -0.004 -8"><span class='ocrx_word' id='word_1_180' title='bbox 69 2195 107 2234; x_wconf 88' lang='lat' dir='ltr'><strong>le</strong></span> <span class='ocrx_word' id='word_1_181' title='bbox 146 2193 289 2242; x_wconf 81' lang='lat' dir='ltr'><strong>Moyne</strong></span> <span class='ocrx_word' id='word_1_182' title='bbox 333 2188 384 2228; x_wconf 91' lang='lat' dir='ltr'><strong>ad</strong></span> <span class='ocrx_word' id='word_1_183' title='bbox 427 2190 544 2228; x_wconf 85' lang='lat' dir='ltr'><strong>Varia</strong></span> <span class='ocrx_word' id='word_1_184' title='bbox 581 2190 703 2228; x_wconf 86' lang='lat' dir='ltr'><strong>Sacra</strong></span> <span class='ocrx_word' id='word_1_185' title='bbox 731 2201 819 2241; x_wconf 86' lang='lat' dir='ltr'><strong>pag.</strong></span> <span class='ocrx_word' id='word_1_186' title='bbox 855 2191 960 2230; x_wconf 89' lang='grc'><strong>4409</strong></span> <span class='ocrx_word' id='word_1_187' title='bbox 1006 2197 1047 2230; x_wconf 88' lang='lat' dir='ltr'><strong>et</strong></span> 
     </span>
     <span class='ocr_line' id='line_1_33' title="bbox 71 2253 1045 2304; baseline -0.001 -10"><span class='ocrx_word' id='word_1_188' title='bbox 71 2254 350 2294; x_wconf 88' lang='lat' dir='ltr'><strong>Tillemontius</strong></span> <span class='ocrx_word' id='word_1_189' title='bbox 369 2257 466 2291; x_wconf 89' lang='lat' dir='ltr'><strong>tom.</strong></span> <span class='ocrx_word' id='word_1_190' title='bbox 484 2253 520 2291; x_wconf 90' lang='lat'><strong>3.</strong></span> <span class='ocrx_word' id='word_1_191' title='bbox 538 2254 732 2292; x_wconf 84' lang='lat' dir='ltr'><strong>Historiae</strong></span> <span class='ocrx_word' id='word_1_192' title='bbox 749 2254 1045 2304; x_wconf 86' lang='lat' dir='ltr'><strong>Imperatorum</strong></span> 
     </span>
     <span class='ocr_line' id='line_1_34' title="bbox 69 2315 1046 2371; baseline -0.001 -13"><span class='ocrx_word' id='word_1_193' title='bbox 69 2330 157 2371; x_wconf 90' lang='lat' dir='ltr'><strong>pag.</strong></span> <span class='ocrx_word' id='word_1_194' title='bbox 188 2315 279 2355; x_wconf 90' lang='lat'><strong>373.</strong></span> <span class='ocrx_word' id='word_1_195' title='bbox 319 2316 372 2355; x_wconf 90' lang='lat' dir='ltr'><strong>At</strong></span> <span class='ocrx_word' id='word_1_196' title='bbox 407 2315 489 2354; x_wconf 92' lang='lat' dir='ltr'><strong>Viri</strong></span> <span class='ocrx_word' id='word_1_197' title='bbox 529 2316 751 2355; x_wconf 89' lang='lat' dir='ltr'><strong>Clarissimi</strong></span> <span class='ocrx_word' id='word_1_198' title='bbox 802 2317 1046 2357; x_wconf 87' lang='lat' dir='ltr'><strong>Wilhelmus</strong></span> 
     </span>
     <span class='ocr_line' id='line_1_35' title="bbox 70 2379 1046 2421; baseline -0.002 0"><span class='ocrx_word' id='word_1_199' title='bbox 70 2382 238 2421; x_wconf 89' lang='lat' dir='ltr'><strong>Wotton</strong></span> <span class='ocrx_word' id='word_1_200' title='bbox 282 2379 323 2417; x_wconf 90' lang='lat' dir='ltr'><strong>in</strong></span> <span class='ocrx_word' id='word_1_201' title='bbox 363 2379 537 2418; x_wconf 89' lang='lat' dir='ltr'><strong>Historia</strong></span> <span class='ocrx_word' id='word_1_202' title='bbox 577 2379 755 2417; x_wconf 87' lang='lat' dir='ltr'><strong>Romana</strong></span> <span class='ocrx_word' id='word_1_203' title='bbox 791 2379 839 2417; x_wconf 91' lang='lat' dir='ltr'><strong>ab</strong></span> <span class='ocrx_word' id='word_1_204' title='bbox 873 2390 1046 2419; x_wconf 85' lang='lat' dir='ltr'><strong>excessu</strong></span> 
     </span>
    </p>
   </div>
   <div class='ocr_carea' id='block_1_3' title="bbox 0 2441 1043 2486">
    <p class='ocr_par' dir='ltr' id='par_1_4' title="bbox 0 2441 1043 2486">
     <span class='ocr_line' id='line_1_36' title="bbox 0 2441 1043 2486; baseline -0.002 -3"><span class='ocrx_word' id='word_1_205' title='bbox 0 2456 2 2463; x_wconf 85' lang='grc'><em>·</em></span> <span class='ocrx_word' id='word_1_206' title='bbox 69 2443 260 2483; x_wconf 87' lang='lat' dir='ltr'><strong>Antonini</strong></span> <span class='ocrx_word' id='word_1_207' title='bbox 287 2442 341 2481; x_wconf 92' lang='lat' dir='ltr'><strong>Pii</strong></span> <span class='ocrx_word' id='word_1_208' title='bbox 365 2441 414 2481; x_wconf 91' lang='lat' dir='ltr'><strong>ad</strong></span> <span class='ocrx_word' id='word_1_209' title='bbox 440 2445 613 2480; x_wconf 90' lang='lat' dir='ltr'><strong>mortem</strong></span> <span class='ocrx_word' id='word_1_210' title='bbox 643 2441 861 2480; x_wconf 82' lang='lat' dir='ltr'><strong>Alexandri</strong></span> <span class='ocrx_word' id='word_1_211' title='bbox 891 2443 1043 2486; x_wconf 82' lang='lat' dir='ltr'><strong>Severi,</strong></span> 
     </span>
    </p>
   </div>
   <div class='ocr_carea' id='block_1_4' title="bbox 21 2503 1049 3178">
    <p class='ocr_par' dir='ltr' id='par_1_5' title="bbox 21 2503 1049 3178">
     <span class='ocr_line' id='line_1_37' title="bbox 71 2503 1045 2557; baseline -0.002 -12"><span class='ocrx_word' id='word_1_212' title='bbox 71 2506 220 2557; x_wconf 87' lang='lat' dir='ltr'><strong>scripta</strong></span> <span class='ocrx_word' id='word_1_213' title='bbox 245 2503 412 2555; x_wconf 89' lang='lat' dir='ltr'><strong>Anglice</strong></span> <span class='ocrx_word' id='word_1_214' title='bbox 433 2503 621 2554; x_wconf 86' lang='lat' dir='ltr'><strong>editaque</strong></span> <span class='ocrx_word' id='word_1_215' title='bbox 647 2504 813 2543; x_wconf 86' lang='lat' dir='ltr'><strong>Londini</strong></span> <span class='ocrx_word' id='word_1_216' title='bbox 855 2504 950 2543; x_wconf 90' lang='grc'><strong>4704</strong></span> <span class='ocrx_word' id='word_1_217' title='bbox 974 2534 982 2552; x_wconf 82' lang='lat'>,</span> <span class='ocrx_word' id='word_1_218' title='bbox 1008 2506 1045 2543; x_wconf 88' lang='grc'><strong>8.</strong></span> 
     </span>
     <span class='ocr_line' id='line_1_38' title="bbox 70 2567 1048 2620; baseline -0.002 -13"><span class='ocrx_word' id='word_1_219' title='bbox 70 2579 160 2620; x_wconf 87' lang='lat' dir='ltr'><strong>pag.</strong></span> <span class='ocrx_word' id='word_1_220' title='bbox 191 2567 283 2616; x_wconf 77' lang='lat'>533,</span> <span class='ocrx_word' id='word_1_221' title='bbox 308 2578 369 2618; x_wconf 91' lang='lat' dir='ltr'><strong>sq.</strong></span> <span class='ocrx_word' id='word_1_222' title='bbox 395 2578 573 2618; x_wconf 87' lang='lat' dir='ltr'><strong>eumque</strong></span> <span class='ocrx_word' id='word_1_223' title='bbox 598 2571 767 2606; x_wconf 85' lang='lat' dir='ltr'><strong>secutus</strong></span> <span class='ocrx_word' id='word_1_224' title='bbox 788 2568 929 2605; x_wconf 88' lang='lat' dir='ltr'><strong>Petrus</strong></span> <span class='ocrx_word' id='word_1_225' title='bbox 951 2568 1048 2605; x_wconf 89' lang='lat' dir='ltr'><strong>Bae-</strong></span> 
     </span>
     <span class='ocr_line' id='line_1_39' title="bbox 73 2627 1045 2680; baseline -0.002 -12"><span class='ocrx_word' id='word_1_226' title='bbox 73 2630 151 2669; x_wconf 89' lang='lat' dir='ltr'><strong>lius</strong></span> <span class='ocrx_word' id='word_1_227' title='bbox 175 2630 214 2667; x_wconf 90' lang='lat' dir='ltr'><strong>in</strong></span> <span class='ocrx_word' id='word_1_228' title='bbox 236 2629 520 2680; x_wconf 89' lang='lat' dir='ltr'><strong>supplemento</strong></span> <span class='ocrx_word' id='word_1_229' title='bbox 546 2630 681 2668; x_wconf 81' lang='lat' dir='ltr'><strong>Lexici</strong></span> <span class='ocrx_word' id='word_1_230' title='bbox 700 2640 801 2667; x_wconf 87' lang='lat' dir='ltr'><strong>voce</strong></span> <span class='ocrx_word' id='word_1_231' title='bbox 819 2627 1045 2680; x_wconf 75' lang='lat' dir='ltr'><strong>Encolpius,</strong></span> 
     </span>
     <span class='ocr_line' id='line_1_40' title="bbox 70 2690 1048 2741; baseline -0.002 -10"><span class='ocrx_word' id='word_1_232' title='bbox 70 2696 113 2731; x_wconf 86' lang='lat' dir='ltr'><strong>et·</strong></span> <span class='ocrx_word' id='word_1_233' title='bbox 147 2690 394 2731; x_wconf 84' lang='lat' dir='ltr'><strong>Humfredus</strong></span> <span class='ocrx_word' id='word_1_234' title='bbox 432 2690 546 2741; x_wconf 81' lang='lat' dir='ltr'><strong>Hody</strong></span> <span class='ocrx_word' id='word_1_235' title='bbox 576 2692 625 2730; x_wconf 90' lang='lat' dir='ltr'><strong>ab</strong></span> <span class='ocrx_word' id='word_1_236' title='bbox 665 2692 749 2741; x_wconf 89' lang='lat' dir='ltr'><strong>ipso</strong></span> <span class='ocrx_word' id='word_1_237' title='bbox 772 2691 921 2738; x_wconf 82' lang='lat' dir='ltr'><strong>Elioto,</strong></span> <span class='ocrx_word' id='word_1_238' title='bbox 944 2691 1048 2729; x_wconf 80' lang='lat' dir='ltr'><strong>inter</strong></span> 
     </span>
     <span class='ocr_line' id='line_1_41' title="bbox 73 2751 1049 2806; baseline -0.004 -12"><span class='ocrx_word' id='word_1_239' title='bbox 73 2753 191 2805; x_wconf 85' lang='lat' dir='ltr'><strong>eujus</strong></span> <span class='ocrx_word' id='word_1_240' title='bbox 213 2754 362 2806; x_wconf 88' lang='lat' dir='ltr'><strong>ingenii</strong></span> <span class='ocrx_word' id='word_1_241' title='bbox 387 2757 651 2792; x_wconf 89' lang='lat' dir='ltr'><strong>monumenta</strong></span> <span class='ocrx_word' id='word_1_242' title='bbox 668 2753 788 2791; x_wconf 75' lang='lat' dir='ltr'><strong>etiam</strong></span> <span class='ocrx_word' id='word_1_243' title='bbox 807 2752 903 2791; x_wconf 91' lang='lat' dir='ltr'><strong>illud</strong></span> <span class='ocrx_word' id='word_1_244' title='bbox 927 2751 1049 2791; x_wconf 80' lang='lat' dir='ltr'><strong>refert</strong></span> 
     </span>
     <span class='ocr_line' id='line_1_42' title="bbox 72 2815 1048 2864; baseline -0.002 -10"><span class='ocrx_word' id='word_1_245' title='bbox 72 2817 249 2854; x_wconf 87' lang='lat' dir='ltr'><strong>Joannes</strong></span> <span class='ocrx_word' id='word_1_246' title='bbox 279 2815 451 2863; x_wconf 85' lang='lat' dir='ltr'><strong>Baleus,</strong></span> <span class='ocrx_word' id='word_1_247' title='bbox 487 2819 618 2852; x_wconf 90' lang='lat' dir='ltr'><strong>totum</strong></span> <span class='ocrx_word' id='word_1_248' title='bbox 660 2815 855 2864; x_wconf 89' lang='lat' dir='ltr'><strong>scriptum</strong></span> <span class='ocrx_word' id='word_1_249' title='bbox 885 2818 1048 2852; x_wconf 86' lang='lat' dir='ltr'><strong>conten-</strong></span> 
     </span>
     <span class='ocr_line' id='line_1_43' title="bbox 72 2875 1047 2928; baseline -0.003 -12"><span class='ocrx_word' id='word_1_250' title='bbox 72 2877 174 2916; x_wconf 85' lang='lat' dir='ltr'><strong>dunt</strong></span> <span class='ocrx_word' id='word_1_251' title='bbox 190 2878 444 2928; x_wconf 89' lang='lat' dir='ltr'><strong>suppositum</strong></span> <span class='ocrx_word' id='word_1_252' title='bbox 460 2881 500 2915; x_wconf 90' lang='lat' dir='ltr'><strong>et</strong></span> <span class='ocrx_word' id='word_1_253' title='bbox 518 2875 735 2914; x_wconf 85' lang='lat' dir='ltr'><strong>confictum</strong></span> <span class='ocrx_word' id='word_1_254' title='bbox 759 2876 896 2915; x_wconf 82' lang='lat' dir='ltr'><strong>fuisse.</strong></span> <span class='ocrx_word' id='word_1_255' title='bbox 915 2875 1047 2926; x_wconf 85' lang='lat' dir='ltr'><strong>Atque</strong></span> 
     </span>
     <span class='ocr_line' id='line_1_44' title="bbox 75 2938 1047 2989; baseline -0.004 -10"><span class='ocrx_word' id='word_1_256' title='bbox 75 2939 227 2979; x_wconf 83' lang='lat' dir='ltr'><strong>Humfr.</strong></span> <span class='ocrx_word' id='word_1_257' title='bbox 266 2938 416 2977; x_wconf 89' lang='lat' dir='ltr'><strong>llodius</strong></span> <span class='ocrx_word' id='word_1_258' title='bbox 458 2938 621 2989; x_wconf 88' lang='lat' dir='ltr'><strong>quidem</strong></span> <span class='ocrx_word' id='word_1_259' title='bbox 659 2939 712 2976; x_wconf 94' lang='lat' dir='ltr'><strong>lib</strong></span> <span class='ocrx_word' id='word_1_260' title='bbox 760 2938 882 2986; x_wconf 77' lang='lat' dir='ltr'><strong>l‚de</strong></span> <span class='ocrx_word' id='word_1_261' title='bbox 912 2939 1047 2978; x_wconf 76' lang='lat' dir='ltr'><strong>Bibliis</strong></span> 
     </span>
     <span class='ocr_line' id='line_1_45' title="bbox 73 3000 1048 3054; baseline -0.003 -12"><span class='ocrx_word' id='word_1_262' title='bbox 73 3001 344 3054; x_wconf 81' lang='lat' dir='ltr'><strong>originalibus</strong></span> <span class='ocrx_word' id='word_1_263' title='bbox 377 3013 414 3052; x_wconf 90' lang='lat' dir='ltr'><strong>p.</strong></span> <span class='ocrx_word' id='word_1_264' title='bbox 443 3002 531 3041; x_wconf 88' lang='grc'><strong>408.</strong></span> <span class='ocrx_word' id='word_1_265' title='bbox 561 3001 743 3040; x_wconf 80' lang='lat' dir='ltr'><strong>Historia</strong></span> <span class='ocrx_word' id='word_1_266' title='bbox 765 3000 964 3053; x_wconf 77' lang='lat' dir='ltr'><strong>Encolpii7</strong></span> <span class='ocrx_word' id='word_1_267' title='bbox 990 3002 1048 3039; x_wconf 92' lang='lat' dir='ltr'><strong>in-</strong></span> 
     </span>
     <span class='ocr_line' id='line_1_46' title="bbox 21 3063 1049 3115; baseline -0.001 -12"><span class='ocrx_word' id='word_1_268' title='bbox 21 3082 25 3089; x_wconf 83' lang='lat'><strong>.</strong></span> <span class='ocrx_word' id='word_1_269' title='bbox 75 3066 334 3115; x_wconf 82' lang='lat' dir='ltr'><strong>quit,quam</strong></span> <span class='ocrx_word' id='word_1_270' title='bbox 370 3063 567 3112; x_wconf 83' lang='lat' dir='ltr'><strong>citamus,</strong></span> <span class='ocrx_word' id='word_1_271' title='bbox 602 3075 776 3115; x_wconf 81' lang='lat' dir='ltr'><strong>prorsus</strong></span> <span class='ocrx_word' id='word_1_272' title='bbox 819 3063 950 3113; x_wconf 71' lang='lat' dir='ltr'><strong>iqnota</strong></span> <span class='ocrx_word' id='word_1_273' title='bbox 990 3066 1049 3102; x_wconf 86' lang='lat' dir='ltr'><strong>est</strong></span> 
     </span>
     <span class='ocr_line' id='line_1_47' title="bbox 74 3125 1049 3178; baseline -0.004 -12"><span class='ocrx_word' id='word_1_274' title='bbox 74 3126 176 3166; x_wconf 85' lang='lat' dir='ltr'><strong>viris</strong></span> <span class='ocrx_word' id='word_1_275' title='bbox 197 3126 408 3175; x_wconf 85' lang='lat' dir='ltr'><strong>litteratis,</strong></span> <span class='ocrx_word' id='word_1_276' title='bbox 435 3137 562 3178; x_wconf 84' lang='lat' dir='ltr'><strong>neque</strong></span> <span class='ocrx_word' id='word_1_277' title='bbox 586 3125 723 3164; x_wconf 79' lang='lat' dir='ltr'><strong>multis</strong></span> <span class='ocrx_word' id='word_1_278' title='bbox 762 3125 865 3164; x_wconf 82' lang='lat' dir='ltr'><strong>inter</strong></span> <span class='ocrx_word' id='word_1_279' title='bbox 888 3128 1049 3163; x_wconf 86' lang='lat' dir='ltr'><strong>nostra-</strong></span> 
     </span>
    </p>
   </div>
   <div class='ocr_carea' id='block_1_5' title="bbox 9 3186 1046 3241">
    <p class='ocr_par' dir='ltr' id='par_1_6' title="bbox 9 3186 1046 3241">
     <span class='ocr_line' id='line_1_48' title="bbox 9 3186 1046 3241; baseline -0.006 -10"><span class='ocrx_word' id='word_1_280' title='bbox 9 3222 12 3231; x_wconf 67' lang='lat'><em>,</em></span> <span class='ocrx_word' id='word_1_281' title='bbox 78 3192 133 3228; x_wconf 86' lang='lat' dir='ltr'><strong>tes</strong></span> <span class='ocrx_word' id='word_1_282' title='bbox 162 3189 336 3240; x_wconf 88' lang='lat' dir='ltr'><strong>(Anglos)</strong></span> <span class='ocrx_word' id='word_1_283' title='bbox 367 3200 539 3241; x_wconf 85' lang='lat' dir='ltr'><strong>quorum</strong></span> <span class='ocrx_word' id='word_1_284' title='bbox 569 3187 706 3239; x_wconf 68' lang='lat' dir='ltr'><strong>linqua</strong></span> <span class='ocrx_word' id='word_1_285' title='bbox 736 3187 821 3227; x_wconf 84' lang='lat' dir='ltr'><strong>sola</strong></span> <span class='ocrx_word' id='word_1_286' title='bbox 851 3186 1046 3234; x_wconf 68' lang='lat' dir='ltr'><strong>liabetur,</strong></span> 
     </span>
    </p>
   </div>
   <div class='ocr_carea' id='block_1_6' title="bbox 74 3267 1052 3352">
    <p class='ocr_par' dir='ltr' id='par_1_7' title="bbox 74 3267 1052 3352">
     <span class='ocr_line' id='line_1_49' title="bbox 132 3267 1052 3308; baseline -0.004 -7"><span class='ocrx_word' id='word_1_287' title='bbox 132 3267 166 3308; x_wconf 82' lang='lat' dir='ltr'><strong>a)</strong></span> <span class='ocrx_word' id='word_1_288' title='bbox 191 3271 237 3301; x_wconf 83' lang='lat' dir='ltr'><strong>De</strong></span> <span class='ocrx_word' id='word_1_289' title='bbox 258 3269 323 3301; x_wconf 87' lang='lat' dir='ltr'><strong>hoc</strong></span> <span class='ocrx_word' id='word_1_290' title='bbox 342 3269 453 3300; x_wconf 86' lang='lat' dir='ltr'><strong>Elioto</strong></span> <span class='ocrx_word' id='word_1_291' title='bbox 478 3270 553 3300; x_wconf 75' lang='lat' dir='ltr'><strong>virle</strong></span> <span class='ocrx_word' id='word_1_292' title='bbox 577 3269 761 3300; x_wconf 81' lang='lat' dir='ltr'><strong>Johannein</strong></span> <span class='ocrx_word' id='word_1_293' title='bbox 796 3268 931 3299; x_wconf 69' lang='lat' dir='ltr'><strong>Iialcuin</strong></span> <span class='ocrx_word' id='word_1_294' title='bbox 966 3268 1052 3298; x_wconf 83' lang='lat' dir='ltr'><strong>Ccn-</strong></span> 
     </span>
     <span class='ocr_line' id='line_1_50' title="bbox 74 3317 1049 3352; baseline 0 -2"><span class='ocrx_word' id='word_1_295' title='bbox 74 3322 144 3351; x_wconf 81' lang='lat' dir='ltr'><strong>tur.</strong></span> <span class='ocrx_word' id='word_1_296' title='bbox 167 3321 251 3352; x_wconf 83' lang='lat' dir='ltr'><strong>vni.</strong></span> <span class='ocrx_word' id='word_1_297' title='bbox 277 3320 329 3351; x_wconf 89' lang='grc'><strong>77.</strong></span> <span class='ocrx_word' id='word_1_298' title='bbox 355 3319 543 3351; x_wconf 83' lang='lat' dir='ltr'><strong>Johannem</strong></span> <span class='ocrx_word' id='word_1_299' title='bbox 560 3321 707 3351; x_wconf 83' lang='lat' dir='ltr'><strong>Pitseum</strong></span> <span class='ocrx_word' id='word_1_300' title='bbox 731 3317 772 3349; x_wconf 86' lang='lat' dir='ltr'><strong>ad</strong></span> <span class='ocrx_word' id='word_1_301' title='bbox 796 3322 927 3349; x_wconf 72' lang='lat' dir='ltr'><strong>Annum</strong></span> <span class='ocrx_word' id='word_1_302' title='bbox 958 3317 1049 3350; x_wconf 73' lang='lat'><strong>1545.</strong></span> 
     </span>
    </p>
   </div>
   <div class='ocr_carea' id='block_1_7' title="bbox 75 3369 251 3410">
    <p class='ocr_par' dir='ltr' id='par_1_8' title="bbox 75 3369 251 3410">
     <span class='ocr_line' id='line_1_51' title="bbox 75 3369 251 3410; baseline -0.017 -7"><span class='ocrx_word' id='word_1_303' title='bbox 75 3379 151 3410; x_wconf 78' lang='lat' dir='ltr'><strong>pag.</strong></span> <span class='ocrx_word' id='word_1_304' title='bbox 176 3369 251 3401; x_wconf 73' lang='lat'><strong>754.</strong></span> 
     </span>
    </p>
   </div>
   <div class='ocr_carea' id='block_1_8' title="bbox 1116 245 2100 3233">
    <p class='ocr_par' dir='ltr' id='par_1_9' title="bbox 1116 245 2100 3233">
     <span class='ocr_line' id='line_1_52' title="bbox 2014 245 2092 283; baseline -0.013 0"><span class='ocrx_word' id='word_1_305' title='bbox 2014 245 2092 283; x_wconf 72' lang='lat'><strong>507</strong></span> 
     </span>
     <span class='ocr_line' id='line_1_53' title="bbox 1118 312 2092 366; baseline 0.004 -15"><span class='ocrx_word' id='word_1_306' title='bbox 1118 318 1211 352; x_wconf 85' lang='lat' dir='ltr'><strong>nota</strong></span> <span class='ocrx_word' id='word_1_307' title='bbox 1230 345 1240 362; x_wconf 88' lang='lat'><em>‚</em></span> <span class='ocrx_word' id='word_1_308' title='bbox 1270 312 1412 366; x_wconf 81' lang='lat' dir='ltr'><strong>forsan</strong></span> <span class='ocrx_word' id='word_1_309' title='bbox 1440 313 1514 352; x_wconf 85' lang='lat' dir='ltr'><strong>uni</strong></span> <span class='ocrx_word' id='word_1_310' title='bbox 1541 317 1694 353; x_wconf 82' lang='lat' dir='ltr'><strong>tantum</strong></span> <span class='ocrx_word' id='word_1_311' title='bbox 1735 319 1809 354; x_wconf 80' lang='lat' dir='ltr'><strong>aut</strong></span> <span class='ocrx_word' id='word_1_312' title='bbox 1847 315 1979 354; x_wconf 77' lang='lat' dir='ltr'><strong>alteri.</strong></span> <span class='ocrx_word' id='word_1_313' title='bbox 2022 317 2092 355; x_wconf 59' lang='lat' dir='ltr'><strong>Ea?</strong></span> 
     </span>
     <span class='ocr_line' id='line_1_54' title="bbox 1124 376 2095 429; baseline 0.003 -14"><span class='ocrx_word' id='word_1_314' title='bbox 1124 378 1277 415; x_wconf 88' lang='lat' dir='ltr'><strong>Graeco</strong></span> <span class='ocrx_word' id='word_1_315' title='bbox 1324 389 1420 416; x_wconf 82' lang='lat' dir='ltr'><strong>vero</strong></span> <span class='ocrx_word' id='word_1_316' title='bbox 1465 377 1507 415; x_wconf 81' lang='lat' dir='ltr'><strong>in</strong></span> <span class='ocrx_word' id='word_1_317' title='bbox 1558 389 1780 417; x_wconf 86' lang='lat' dir='ltr'><strong>sermonem</strong></span> <span class='ocrx_word' id='word_1_318' title='bbox 1828 376 2095 429; x_wconf 71' lang='lat' dir='ltr'><strong>Anylc&#39;canum</strong></span> 
     </span>
     <span class='ocr_line' id='line_1_55' title="bbox 1126 439 2095 492; baseline 0.004 -15"><span class='ocrx_word' id='word_1_319' title='bbox 1126 439 1299 478; x_wconf 88' lang='lat' dir='ltr'><strong>traslata</strong></span> <span class='ocrx_word' id='word_1_320' title='bbox 1327 443 1386 479; x_wconf 85' lang='lat' dir='ltr'><strong>est</strong></span> <span class='ocrx_word' id='word_1_321' title='bbox 1414 439 1468 489; x_wconf 81' lang='lat' dir='ltr'><strong>(si</strong></span> <span class='ocrx_word' id='word_1_322' title='bbox 1493 440 1570 491; x_wconf 80' lang='lat' dir='ltr'><strong>ipsi</strong></span> <span class='ocrx_word' id='word_1_323' title='bbox 1601 440 1712 480; x_wconf 85' lang='lat' dir='ltr'><strong>titulo</strong></span> <span class='ocrx_word' id='word_1_324' title='bbox 1738 440 1850 492; x_wconf 71' lang='lat' dir='ltr'><strong>fides)</strong></span> <span class='ocrx_word' id='word_1_325' title='bbox 1882 453 1908 479; x_wconf 94' lang='lat' dir='ltr'><strong>a</strong></span> <span class='ocrx_word' id='word_1_326' title='bbox 1950 441 2095 481; x_wconf 80' lang='lat' dir='ltr'><strong>Tlioma</strong></span> 
     </span>
     <span class='ocr_line' id='line_1_56' title="bbox 1125 500 2096 551; baseline 0.005 -13"><span class='ocrx_word' id='word_1_327' title='bbox 1125 500 1263 551; x_wconf 76' lang='lat' dir='ltr'><strong>Elyoto</strong></span> <span class='ocrx_word' id='word_1_328' title='bbox 1286 501 1436 541; x_wconf 80' lang='lat' dir='ltr'><strong>Medico</strong></span> <span class='ocrx_word' id='word_1_329' title='bbox 1456 534 1465 550; x_wconf 87' lang='lat'><em>,</em></span> <span class='ocrx_word' id='word_1_330' title='bbox 1488 507 1527 540; x_wconf 91' lang='lat' dir='ltr'><strong>et</strong></span> <span class='ocrx_word' id='word_1_331' title='bbox 1553 502 1659 542; x_wconf 78' lang='lat' dir='ltr'><strong>edita</strong></span> <span class='ocrx_word' id='word_1_332' title='bbox 1680 504 1753 542; x_wconf 76' lang='lat' dir='ltr'><strong>An.</strong></span> <span class='ocrx_word' id='word_1_333' title='bbox 1778 504 1893 543; x_wconf 67' lang='lat'><strong>⁴549.</strong></span> <span class='ocrx_word' id='word_1_334' title='bbox 1918 504 1999 544; x_wconf 80' lang='lat' dir='ltr'><strong>Sed</strong></span> <span class='ocrx_word' id='word_1_335' title='bbox 2020 517 2096 543; x_wconf 83' lang='lat' dir='ltr'><strong>non</strong></span> 
     </span>
     <span class='ocr_line' id='line_1_57' title="bbox 1126 563 2096 616; baseline 0.005 -15"><span class='ocrx_word' id='word_1_336' title='bbox 1126 567 1195 612; x_wconf 78' lang='lat' dir='ltr'><strong>est,</strong></span> <span class='ocrx_word' id='word_1_337' title='bbox 1225 575 1300 602; x_wconf 84' lang='lat' dir='ltr'><strong>cur</strong></span> <span class='ocrx_word' id='word_1_338' title='bbox 1329 563 1489 603; x_wconf 77' lang='lat' dir='ltr'><strong>doleant</strong></span> <span class='ocrx_word' id='word_1_339' title='bbox 1514 565 1600 604; x_wconf 87' lang='lat' dir='ltr'><strong>viri</strong></span> <span class='ocrx_word' id='word_1_340' title='bbox 1626 565 1786 613; x_wconf 84' lang='lat' dir='ltr'><strong>eruditi,</strong></span> <span class='ocrx_word' id='word_1_341' title='bbox 1811 565 1947 616; x_wconf 72' lang='lat' dir='ltr'><strong>linqua</strong></span> <span class='ocrx_word' id='word_1_342' title='bbox 1967 566 2096 606; x_wconf 88' lang='lat' dir='ltr'><strong>solum</strong></span> 
     </span>
     <span class='ocr_line' id='line_1_58' title="bbox 1127 624 2098 678; baseline 0.006 -16"><span class='ocrx_word' id='word_1_343' title='bbox 1127 624 1349 675; x_wconf 72' lang='lat' dir='ltr'><strong>Anqlicana</strong></span> <span class='ocrx_word' id='word_1_344' title='bbox 1368 626 1590 665; x_wconf 80' lang='lat' dir='ltr'><strong>Historiam</strong></span> <span class='ocrx_word' id='word_1_345' title='bbox 1613 627 1731 666; x_wconf 87' lang='lat' dir='ltr'><strong>istam</strong></span> <span class='ocrx_word' id='word_1_346' title='bbox 1751 631 1932 667; x_wconf 73' lang='lat' dir='ltr'><strong>eoestare.</strong></span> <span class='ocrx_word' id='word_1_347' title='bbox 1951 630 2098 678; x_wconf 80' lang='lat' dir='ltr'><strong>Quam-</strong></span> 
     </span>
     <span class='ocr_line' id='line_1_59' title="bbox 1127 688 2096 742; baseline 0.005 -16"><span class='ocrx_word' id='word_1_348' title='bbox 1127 688 1190 726; x_wconf 83' lang='lat' dir='ltr'><strong>vis</strong></span> <span class='ocrx_word' id='word_1_349' title='bbox 1206 688 1309 726; x_wconf 85' lang='lat' dir='ltr'><strong>enim</strong></span> <span class='ocrx_word' id='word_1_350' title='bbox 1333 700 1390 727; x_wconf 75' lang='lat' dir='ltr'><strong>eac</strong></span> <span class='ocrx_word' id='word_1_351' title='bbox 1412 688 1640 740; x_wconf 81' lang='lat' dir='ltr'><strong>Lampridio</strong></span> <span class='ocrx_word' id='word_1_352' title='bbox 1659 696 1868 742; x_wconf 81' lang='lat' dir='ltr'><strong>appareat,</strong></span> <span class='ocrx_word' id='word_1_353' title='bbox 1892 691 2096 732; x_wconf 63' lang='lat' dir='ltr'><strong>exstitisse</strong></span> 
     </span>
     <span class='ocr_line' id='line_1_60' title="bbox 1127 750 2095 794; baseline 0.007 -7"><span class='ocrx_word' id='word_1_354' title='bbox 1127 750 1219 789; x_wconf 85' lang='lat' dir='ltr'><strong>olim</strong></span> <span class='ocrx_word' id='word_1_355' title='bbox 1250 750 1472 790; x_wconf 81' lang='lat' dir='ltr'><strong>Historiam</strong></span> <span class='ocrx_word' id='word_1_356' title='bbox 1501 752 1610 790; x_wconf 80' lang='lat' dir='ltr'><strong>Vitae</strong></span> <span class='ocrx_word' id='word_1_357' title='bbox 1632 752 1662 789; x_wconf 83' lang='grc' dir='ltr'><strong><em>Α</em></strong></span> <span class='ocrx_word' id='word_1_358' title='bbox 1671 751 1865 792; x_wconf 70' lang='lat' dir='ltr'><strong>lemandri</strong></span> <span class='ocrx_word' id='word_1_359' title='bbox 1881 755 2024 794; x_wconf 85' lang='lat' dir='ltr'><strong>Severi</strong></span> <span class='ocrx_word' id='word_1_360' title='bbox 2046 753 2095 794; x_wconf 82' lang='lat' dir='ltr'><strong>ab</strong></span> 
     </span>
     <span class='ocr_line' id='line_1_61' title="bbox 1130 811 2094 867; baseline 0.007 -17"><span class='ocrx_word' id='word_1_361' title='bbox 1130 811 1316 864; x_wconf 83' lang='lat' dir='ltr'><strong>Encolpio</strong></span> <span class='ocrx_word' id='word_1_362' title='bbox 1342 812 1560 865; x_wconf 83' lang='lat' dir='ltr'><strong>scriptam,</strong></span> <span class='ocrx_word' id='word_1_363' title='bbox 1588 817 1717 852; x_wconf 80' lang='lat' dir='ltr'><strong>tamen</strong></span> <span class='ocrx_word' id='word_1_364' title='bbox 1744 815 1861 865; x_wconf 82' lang='lat' dir='ltr'><strong>sidem</strong></span> <span class='ocrx_word' id='word_1_365' title='bbox 1888 817 2065 856; x_wconf 84' lang='lat' dir='ltr'><strong>dederim</strong></span> <span class='ocrx_word' id='word_1_366' title='bbox 2085 851 2094 867; x_wconf 61' lang='lat'><strong>⁷</strong></span> 
     </span>
     <span class='ocr_line' id='line_1_62' title="bbox 1129 873 2096 930; baseline 0.009 -19"><span class='ocrx_word' id='word_1_367' title='bbox 1129 886 1206 912; x_wconf 83' lang='lat' dir='ltr'><strong>non</strong></span> <span class='ocrx_word' id='word_1_368' title='bbox 1238 873 1346 913; x_wconf 87' lang='lat' dir='ltr'><strong>illius</strong></span> <span class='ocrx_word' id='word_1_369' title='bbox 1370 874 1470 913; x_wconf 82' lang='lat' dir='ltr'><strong>hanc</strong></span> <span class='ocrx_word' id='word_1_370' title='bbox 1506 887 1591 915; x_wconf 86' lang='lat' dir='ltr'><strong>esse</strong></span> <span class='ocrx_word' id='word_1_371' title='bbox 1609 907 1620 924; x_wconf 83' lang='lat'><em>,</em></span> <span class='ocrx_word' id='word_1_372' title='bbox 1647 877 1718 915; x_wconf 86' lang='lat' dir='ltr'><strong>sed</strong></span> <span class='ocrx_word' id='word_1_373' title='bbox 1745 876 1797 915; x_wconf 82' lang='lat' dir='ltr'><strong>ab</strong></span> <span class='ocrx_word' id='word_1_374' title='bbox 1821 877 1954 930; x_wconf 80' lang='lat' dir='ltr'><strong>ali&#39;quo</strong></span> <span class='ocrx_word' id='word_1_375' title='bbox 1980 880 2096 920; x_wconf 79' lang='lat' dir='ltr'><strong>Chri-</strong></span> 
     </span>
     <span class='ocr_line' id='line_1_63' title="bbox 1130 936 2097 992; baseline 0.008 -18"><span class='ocrx_word' id='word_1_376' title='bbox 1130 936 1270 984; x_wconf 79' lang='lat' dir='ltr'><strong>stian0,</strong></span> <span class='ocrx_word' id='word_1_377' title='bbox 1288 937 1374 988; x_wconf 86' lang='lat' dir='ltr'><strong>ejus</strong></span> <span class='ocrx_word' id='word_1_378' title='bbox 1395 938 1546 976; x_wconf 81' lang='lat' dir='ltr'><strong>nomini</strong></span> <span class='ocrx_word' id='word_1_379' title='bbox 1566 939 1825 990; x_wconf 84' lang='lat' dir='ltr'><strong>suppositam.</strong></span> <span class='ocrx_word' id='word_1_380' title='bbox 1844 941 1977 992; x_wconf 75' lang='lat' dir='ltr'><strong>Neque</strong></span> <span class='ocrx_word' id='word_1_381' title='bbox 1996 944 2097 982; x_wconf 88' lang='lat' dir='ltr'><strong>Ora-</strong></span> 
     </span>
     <span class='ocr_line' id='line_1_64' title="bbox 1132 999 2097 1051; baseline 0.007 -14"><span class='ocrx_word' id='word_1_382' title='bbox 1132 999 1254 1038; x_wconf 83' lang='lat' dir='ltr'><strong>tiones</strong></span> <span class='ocrx_word' id='word_1_383' title='bbox 1265 1000 1423 1051; x_wconf 81' lang='lat' dir='ltr'><strong>quaein</strong></span> <span class='ocrx_word' id='word_1_384' title='bbox 1439 1012 1486 1039; x_wconf 90' lang='lat' dir='ltr'><strong>ea</strong></span> <span class='ocrx_word' id='word_1_385' title='bbox 1501 999 1648 1039; x_wconf 84' lang='lat' dir='ltr'><strong>multae</strong></span> <span class='ocrx_word' id='word_1_386' title='bbox 1663 1000 1872 1050; x_wconf 78' lang='lat' dir='ltr'><strong>habentur,</strong></span> <span class='ocrx_word' id='word_1_387' title='bbox 1885 1015 1940 1042; x_wconf 63' lang='lat' dir='ltr'><strong>eat</strong></span> <span class='ocrx_word' id='word_1_388' title='bbox 1958 1004 2097 1044; x_wconf 84' lang='lat' dir='ltr'><strong>Codice</strong></span> 
     </span>
     <span class='ocr_line' id='line_1_65' title="bbox 1134 1062 2096 1116; baseline 0.006 -17"><span class='ocrx_word' id='word_1_389' title='bbox 1134 1062 1286 1100; x_wconf 89' lang='lat' dir='ltr'><strong>Graeco</strong></span> <span class='ocrx_word' id='word_1_390' title='bbox 1310 1073 1524 1101; x_wconf 89' lang='lat' dir='ltr'><strong>conversae</strong></span> <span class='ocrx_word' id='word_1_391' title='bbox 1548 1067 1662 1111; x_wconf 84' lang='lat' dir='ltr'><strong>sunt,</strong></span> <span class='ocrx_word' id='word_1_392' title='bbox 1694 1063 1765 1102; x_wconf 89' lang='lat' dir='ltr'><strong>sed</strong></span> <span class='ocrx_word' id='word_1_393' title='bbox 1777 1062 1828 1102; x_wconf 84' lang='lat' dir='ltr'><strong>ab</strong></span> <span class='ocrx_word' id='word_1_394' title='bbox 1854 1064 1956 1116; x_wconf 75' lang='lat' dir='ltr'><strong>ipso7</strong></span> <span class='ocrx_word' id='word_1_395' title='bbox 1981 1067 2096 1105; x_wconf 85' lang='lat' dir='ltr'><strong>crede</strong></span> 
     </span>
     <span class='ocr_line' id='line_1_66' title="bbox 1133 1123 2099 1177; baseline 0.006 -14"><span class='ocrx_word' id='word_1_396' title='bbox 1133 1124 1255 1173; x_wconf 79' lang='lat' dir='ltr'><strong>mihi,</strong></span> <span class='ocrx_word' id='word_1_397' title='bbox 1287 1123 1424 1176; x_wconf 72' lang='lat' dir='ltr'><strong>Elyoto</strong></span> <span class='ocrx_word' id='word_1_398' title='bbox 1460 1125 1709 1175; x_wconf 82' lang='lat' dir='ltr'><strong>compositae.</strong></span> <span class='ocrx_word' id='word_1_399' title='bbox 1731 1126 1821 1165; x_wconf 86' lang='lat' dir='ltr'><strong>Scio</strong></span> <span class='ocrx_word' id='word_1_400' title='bbox 1845 1137 1913 1177; x_wconf 71' lang='lat' dir='ltr'><strong>eqo</strong></span> <span class='ocrx_word' id='word_1_401' title='bbox 1932 1127 2099 1169; x_wconf 76' lang='lat' dir='ltr'><strong>hominis</strong></span> 
     </span>
     <span class='ocr_line' id='line_1_67' title="bbox 1133 1186 2097 1240; baseline 0.006 -16"><span class='ocrx_word' id='word_1_402' title='bbox 1133 1186 1332 1238; x_wconf 71' lang='lat' dir='ltr'><strong>ingyenium</strong></span> <span class='ocrx_word' id='word_1_403' title='bbox 1347 1219 1358 1236; x_wconf 81' lang='lat'><em>,</em></span> <span class='ocrx_word' id='word_1_404' title='bbox 1383 1190 1421 1225; x_wconf 88' lang='lat' dir='ltr'><strong>et</strong></span> <span class='ocrx_word' id='word_1_405' title='bbox 1444 1186 1652 1226; x_wconf 83' lang='lat' dir='ltr'><strong>Orationes</strong></span> <span class='ocrx_word' id='word_1_406' title='bbox 1676 1188 1920 1240; x_wconf 70' lang='lat' dir='ltr'><strong>confinqendi</strong></span> <span class='ocrx_word' id='word_1_407' title='bbox 1946 1202 2097 1230; x_wconf 84' lang='lat' dir='ltr'><strong>morem</strong></span> 
     </span>
     <span class='ocr_line' id='line_1_68' title="bbox 1132 1248 2096 1300; baseline 0.004 -12"><span class='ocrx_word' id='word_1_408' title='bbox 1132 1261 1187 1288; x_wconf 63' lang='lat' dir='ltr'><strong>ea)</strong></span> <span class='ocrx_word' id='word_1_409' title='bbox 1214 1248 1306 1288; x_wconf 83' lang='lat' dir='ltr'><strong>aliis</strong></span> <span class='ocrx_word' id='word_1_410' title='bbox 1344 1249 1430 1300; x_wconf 87' lang='lat' dir='ltr'><strong>ejus</strong></span> <span class='ocrx_word' id='word_1_411' title='bbox 1459 1249 1633 1300; x_wconf 82' lang='lat' dir='ltr'><strong>scriptis.</strong></span> <span class='ocrx_word' id='word_1_412' title='bbox 1676 1251 1759 1289; x_wconf 88' lang='lat' dir='ltr'><strong>Imo</strong></span> <span class='ocrx_word' id='word_1_413' title='bbox 1788 1255 1910 1291; x_wconf 86' lang='lat' dir='ltr'><strong>totum</strong></span> <span class='ocrx_word' id='word_1_414' title='bbox 1949 1252 2096 1292; x_wconf 85' lang='lat' dir='ltr'><strong>librum</strong></span> 
     </span>
     <span class='ocr_line' id='line_1_69' title="bbox 1129 1311 2096 1368; baseline 0.003 -17"><span class='ocrx_word' id='word_1_415' title='bbox 1129 1311 1181 1351; x_wconf 85' lang='lat' dir='ltr'><strong>ab</strong></span> <span class='ocrx_word' id='word_1_416' title='bbox 1201 1312 1284 1363; x_wconf 83' lang='lat' dir='ltr'><strong>ipso</strong></span> <span class='ocrx_word' id='word_1_417' title='bbox 1308 1311 1446 1363; x_wconf 66' lang='lat' dir='ltr'><strong>Elyoto</strong></span> <span class='ocrx_word' id='word_1_418' title='bbox 1470 1312 1725 1364; x_wconf 80' lang='lat' dir='ltr'><strong>compositum</strong></span> <span class='ocrx_word' id='word_1_419' title='bbox 1746 1312 1888 1366; x_wconf 70' lang='lat' dir='ltr'><strong>fuisse.</strong></span> <span class='ocrx_word' id='word_1_420' title='bbox 1910 1315 2010 1354; x_wconf 76' lang='lat' dir='ltr'><strong>milii</strong></span> <span class='ocrx_word' id='word_1_421' title='bbox 2028 1328 2096 1368; x_wconf 68' lang='lat' dir='ltr'><strong>eqo</strong></span> 
     </span>
     <span class='ocr_line' id='line_1_70' title="bbox 1127 1374 2099 1428; baseline 0.002 -14"><span class='ocrx_word' id='word_1_422' title='bbox 1127 1374 1247 1428; x_wconf 82' lang='lat' dir='ltr'><strong>facile</strong></span> <span class='ocrx_word' id='word_1_423' title='bbox 1282 1374 1533 1426; x_wconf 64' lang='lat' dir='ltr'><strong>persuadeO,</strong></span> <span class='ocrx_word' id='word_1_424' title='bbox 1572 1376 1756 1426; x_wconf 80' lang='lat' dir='ltr'><strong>quamvis</strong></span> <span class='ocrx_word' id='word_1_425' title='bbox 1791 1377 2033 1427; x_wconf 83' lang='lat' dir='ltr'><strong>praetendat</strong></span> <span class='ocrx_word' id='word_1_426' title='bbox 2072 1391 2099 1417; x_wconf 88' lang='lat' dir='ltr'><strong>a</strong></span> 
     </span>
     <span class='ocr_line' id='line_1_71' title="bbox 1127 1436 2099 1490; baseline 0.004 -14"><span class='ocrx_word' id='word_1_427' title='bbox 1127 1436 1252 1477; x_wconf 79' lang='lat' dir='ltr'><strong>nobili</strong></span> <span class='ocrx_word' id='word_1_428' title='bbox 1264 1437 1437 1489; x_wconf 82' lang='lat' dir='ltr'><strong>quodam</strong></span> <span class='ocrx_word' id='word_1_429' title='bbox 1460 1437 1718 1489; x_wconf 84' lang='lat' dir='ltr'><strong>Neapolitano</strong></span> <span class='ocrx_word' id='word_1_430' title='bbox 1734 1439 1947 1490; x_wconf 78' lang='lat' dir='ltr'><strong>eoeemplar</strong></span> <span class='ocrx_word' id='word_1_431' title='bbox 1973 1442 2099 1480; x_wconf 89' lang='lat' dir='ltr'><strong>Grae-</strong></span> 
     </span>
     <span class='ocr_line' id='line_1_72' title="bbox 1127 1500 2097 1551; baseline 0.003 -12"><span class='ocrx_word' id='word_1_432' title='bbox 1127 1511 1216 1539; x_wconf 84' lang='lat' dir='ltr'><strong>cum</strong></span> <span class='ocrx_word' id='word_1_433' title='bbox 1245 1512 1287 1540; x_wconf 88' lang='lat' dir='ltr'><strong>se</strong></span> <span class='ocrx_word' id='word_1_434' title='bbox 1309 1504 1445 1539; x_wconf 85' lang='lat' dir='ltr'><strong>mutuo</strong></span> <span class='ocrx_word' id='word_1_435' title='bbox 1482 1500 1695 1551; x_wconf 78' lang='lat' dir='ltr'><strong>accepisse.</strong></span> <span class='ocrx_word' id='word_1_436' title='bbox 1728 1501 1785 1540; x_wconf 90' lang='lat' dir='ltr'><strong>De</strong></span> <span class='ocrx_word' id='word_1_437' title='bbox 1820 1502 2003 1541; x_wconf 84' lang='lat' dir='ltr'><strong>Historia</strong></span> <span class='ocrx_word' id='word_1_438' title='bbox 2023 1502 2097 1542; x_wconf 80' lang='lat' dir='ltr'><strong>hac</strong></span> 
     </span>
     <span class='ocr_line' id='line_1_73' title="bbox 1121 1561 2098 1615; baseline 0.003 -14"><span class='ocrx_word' id='word_1_439' title='bbox 1121 1562 1236 1615; x_wconf 84' lang='lat' dir='ltr'><strong>plene</strong></span> <span class='ocrx_word' id='word_1_440' title='bbox 1257 1574 1326 1602; x_wconf 90' lang='lat' dir='ltr'><strong>nos</strong></span> <span class='ocrx_word' id='word_1_441' title='bbox 1345 1561 1456 1601; x_wconf 85' lang='lat' dir='ltr'><strong>alibi.</strong></span> <span class='ocrx_word' id='word_1_442' title='bbox 1473 1563 1548 1602; x_wconf 82' lang='lat' dir='ltr'><strong>Sed</strong></span> <span class='ocrx_word' id='word_1_443' title='bbox 1568 1564 1667 1601; x_wconf 88' lang='lat' dir='ltr'><strong>satis</strong></span> <span class='ocrx_word' id='word_1_444' title='bbox 1683 1565 1801 1601; x_wconf 88' lang='lat' dir='ltr'><strong>citius</strong></span> <span class='ocrx_word' id='word_1_445' title='bbox 1821 1567 2020 1604; x_wconf 87' lang='lat' dir='ltr'><strong>concessit</strong></span> <span class='ocrx_word' id='word_1_446' title='bbox 2036 1568 2098 1604; x_wconf 87' lang='lat' dir='ltr'><strong>vir</strong></span> 
     </span>
     <span class='ocr_line' id='line_1_74' title="bbox 1128 1625 2096 1677; baseline 0.002 -13"><span class='ocrx_word' id='word_1_447' title='bbox 1128 1627 1302 1677; x_wconf 89' lang='lat' dir='ltr'><strong>longiore</strong></span> <span class='ocrx_word' id='word_1_448' title='bbox 1331 1627 1415 1664; x_wconf 90' lang='lat' dir='ltr'><strong>vita</strong></span> <span class='ocrx_word' id='word_1_449' title='bbox 1451 1625 1714 1676; x_wconf 81' lang='lat' dir='ltr'><strong>dignissimus</strong></span> <span class='ocrx_word' id='word_1_450' title='bbox 1747 1625 1829 1675; x_wconf 89' lang='lat' dir='ltr'><strong>jam</strong></span> <span class='ocrx_word' id='word_1_451' title='bbox 1866 1626 1942 1665; x_wconf 81' lang='lat' dir='ltr'><strong>An.</strong></span> <span class='ocrx_word' id='word_1_452' title='bbox 1982 1627 2096 1666; x_wconf 83' lang='grc'><strong>4707.</strong></span> 
     </span>
     <span class='ocr_line' id='line_1_75' title="bbox 1130 1687 2099 1739; baseline 0.001 -12"><span class='ocrx_word' id='word_1_453' title='bbox 1130 1690 1268 1739; x_wconf 85' lang='lat' dir='ltr'><strong>Itaque</strong></span> <span class='ocrx_word' id='word_1_454' title='bbox 1303 1688 1577 1739; x_wconf 84' lang='lat' dir='ltr'><strong>Antiquitates</strong></span> <span class='ocrx_word' id='word_1_455' title='bbox 1607 1687 1696 1739; x_wconf 80' lang='lat' dir='ltr'><strong>ejus</strong></span> <span class='ocrx_word' id='word_1_456' title='bbox 1725 1687 2018 1729; x_wconf 84' lang='lat' dir='ltr'><strong>Alexandrinas</strong></span> <span class='ocrx_word' id='word_1_457' title='bbox 2059 1696 2099 1728; x_wconf 81' lang='lat' dir='ltr'><strong>et</strong></span> 
     </span>
     <span class='ocr_line' id='line_1_76' title="bbox 1128 1751 2098 1801; baseline 0.002 -12"><span class='ocrx_word' id='word_1_458' title='bbox 1128 1752 1202 1789; x_wconf 91' lang='lat' dir='ltr'><strong>alia</strong></span> <span class='ocrx_word' id='word_1_459' title='bbox 1222 1751 1424 1801; x_wconf 86' lang='lat' dir='ltr'><strong>praeclara</strong></span> <span class='ocrx_word' id='word_1_460' title='bbox 1448 1752 1595 1800; x_wconf 87' lang='lat' dir='ltr'><strong>ingenii</strong></span> <span class='ocrx_word' id='word_1_461' title='bbox 1618 1755 1877 1790; x_wconf 83' lang='lat' dir='ltr'><strong>monumenta</strong></span> <span class='ocrx_word' id='word_1_462' title='bbox 1893 1753 2098 1791; x_wconf 86' lang='lat' dir='ltr'><strong>incassum</strong></span> 
     </span>
     <span class='ocr_line' id='line_1_77' title="bbox 1124 1813 2097 1863; baseline 0 -11"><span class='ocrx_word' id='word_1_463' title='bbox 1124 1814 1292 1852; x_wconf 90' lang='lat' dir='ltr'><strong>fortasse</strong></span> <span class='ocrx_word' id='word_1_464' title='bbox 1307 1817 1604 1863; x_wconf 79' lang='lat' dir='ltr'><strong>exspectamus.</strong></span> <span class='ocrx_word' id='word_1_465' title='bbox 1622 1814 1678 1851; x_wconf 92' lang='lat' dir='ltr'><strong>De</strong></span> <span class='ocrx_word' id='word_1_466' title='bbox 1695 1813 1874 1851; x_wconf 85' lang='lat' dir='ltr'><strong>Wottoni</strong></span> <span class='ocrx_word' id='word_1_467' title='bbox 1898 1816 2097 1853; x_wconf 82' lang='lat' dir='ltr'><strong>sententia</strong></span> 
     </span>
     <span class='ocr_line' id='line_1_78' title="bbox 1122 1875 2095 1926; baseline 0 -12"><span class='ocrx_word' id='word_1_468' title='bbox 1122 1876 1214 1915; x_wconf 86' lang='lat' dir='ltr'><strong>vide</strong></span> <span class='ocrx_word' id='word_1_469' title='bbox 1239 1876 1294 1914; x_wconf 85' lang='lat' dir='ltr'><strong>sis</strong></span> <span class='ocrx_word' id='word_1_470' title='bbox 1318 1875 1419 1914; x_wconf 87' lang='lat' dir='ltr'><strong>Acta</strong></span> <span class='ocrx_word' id='word_1_471' title='bbox 1451 1875 1713 1914; x_wconf 88' lang='lat' dir='ltr'><strong>Eruditorum</strong></span> <span class='ocrx_word' id='word_1_472' title='bbox 1749 1877 1854 1926; x_wconf 87' lang='lat' dir='ltr'><strong>Lips.</strong></span> <span class='ocrx_word' id='word_1_473' title='bbox 1885 1876 1959 1914; x_wconf 88' lang='lat' dir='ltr'><strong>An.</strong></span> <span class='ocrx_word' id='word_1_474' title='bbox 1994 1876 2095 1915; x_wconf 83' lang='grc' dir='ltr'><strong>47οΞ</strong></span> 
     </span>
     <span class='ocr_line' id='line_1_79' title="bbox 1124 1936 2096 1990; baseline -0.002 -12"><span class='ocrx_word' id='word_1_475' title='bbox 1124 1951 1211 1990; x_wconf 83' lang='lat' dir='ltr'><strong>pag.</strong></span> <span class='ocrx_word' id='word_1_476' title='bbox 1248 1939 1336 1976; x_wconf 77' lang='grc'><strong>489.</strong></span> <span class='ocrx_word' id='word_1_477' title='bbox 1370 1937 1480 1976; x_wconf 82' lang='lat' dir='ltr'><strong>Idem</strong></span> <span class='ocrx_word' id='word_1_478' title='bbox 1507 1936 1703 1987; x_wconf 87' lang='lat' dir='ltr'><strong>judicium</strong></span> <span class='ocrx_word' id='word_1_479' title='bbox 1729 1938 1833 1976; x_wconf 85' lang='lat' dir='ltr'><strong>feras</strong></span> <span class='ocrx_word' id='word_1_480' title='bbox 1857 1938 1906 1976; x_wconf 90' lang='lat' dir='ltr'><strong>de</strong></span> <span class='ocrx_word' id='word_1_481' title='bbox 1931 1938 2096 1976; x_wconf 69' lang='lat' dir='ltr'><strong>historia</strong></span> 
     </span>
     <span class='ocr_line' id='line_1_80' title="bbox 1123 1999 2093 2050; baseline -0.004 -10"><span class='ocrx_word' id='word_1_482' title='bbox 1123 2001 1293 2041; x_wconf 76' lang='lat' dir='ltr'><strong>conficta</strong></span> <span class='ocrx_word' id='word_1_483' title='bbox 1313 2011 1357 2039; x_wconf 87' lang='lat' dir='ltr'><strong>ac</strong></span> <span class='ocrx_word' id='word_1_484' title='bbox 1383 2001 1635 2050; x_wconf 85' lang='lat' dir='ltr'><strong>supposititia</strong></span> <span class='ocrx_word' id='word_1_485' title='bbox 1656 2000 1704 2038; x_wconf 88' lang='lat' dir='ltr'><strong>de</strong></span> <span class='ocrx_word' id='word_1_486' title='bbox 1728 2001 1909 2050; x_wconf 85' lang='lat' dir='ltr'><strong>Principe</strong></span> <span class='ocrx_word' id='word_1_487' title='bbox 1932 1999 2093 2045; x_wconf 83' lang='lat' dir='ltr'><strong>Erasto‚</strong></span> 
     </span>
     <span class='ocr_line' id='line_1_81' title="bbox 1125 2062 2097 2112; baseline -0.002 -10"><span class='ocrx_word' id='word_1_488' title='bbox 1125 2064 1204 2102; x_wconf 83' lang='lat' dir='ltr'><strong>filio</strong></span> <span class='ocrx_word' id='word_1_489' title='bbox 1227 2063 1459 2101; x_wconf 87' lang='lat' dir='ltr'><strong>Diocletiani</strong></span> <span class='ocrx_word' id='word_1_490' title='bbox 1486 2062 1766 2112; x_wconf 88' lang='lat' dir='ltr'><strong>Imperatoris,</strong></span> <span class='ocrx_word' id='word_1_491' title='bbox 1792 2066 1832 2100; x_wconf 83' lang='lat' dir='ltr'><strong>et</strong></span> <span class='ocrx_word' id='word_1_492' title='bbox 1855 2063 1936 2101; x_wconf 89' lang='lat' dir='ltr'><strong>VII.</strong></span> <span class='ocrx_word' id='word_1_493' title='bbox 1968 2062 2097 2101; x_wconf 87' lang='lat' dir='ltr'><strong>Philo-</strong></span> 
     </span>
     <span class='ocr_line' id='line_1_82' title="bbox 1126 2124 2096 2177; baseline -0.001 -13"><span class='ocrx_word' id='word_1_494' title='bbox 1126 2126 1385 2177; x_wconf 82' lang='lat' dir='ltr'><strong>sophis‚quae</strong></span> <span class='ocrx_word' id='word_1_495' title='bbox 1400 2125 1512 2163; x_wconf 89' lang='lat' dir='ltr'><strong>velut</strong></span> <span class='ocrx_word' id='word_1_496' title='bbox 1536 2136 1557 2162; x_wconf 95' lang='lat' dir='ltr'><strong>e</strong></span> <span class='ocrx_word' id='word_1_497' title='bbox 1574 2124 1724 2163; x_wconf 87' lang='lat' dir='ltr'><strong>Graeco</strong></span> <span class='ocrx_word' id='word_1_498' title='bbox 1740 2125 1934 2163; x_wconf 85' lang='lat' dir='ltr'><strong>translata</strong></span> <span class='ocrx_word' id='word_1_499' title='bbox 1948 2125 2096 2164; x_wconf 89' lang='lat' dir='ltr'><strong>Gallice</strong></span> 
     </span>
     <span class='ocr_line' id='line_1_83' title="bbox 1121 2186 2098 2240; baseline -0.001 -13"><span class='ocrx_word' id='word_1_500' title='bbox 1121 2188 1266 2240; x_wconf 89' lang='lat' dir='ltr'><strong>prodiit</strong></span> <span class='ocrx_word' id='word_1_501' title='bbox 1289 2188 1449 2225; x_wconf 89' lang='lat' dir='ltr'><strong>Parisiis</strong></span> <span class='ocrx_word' id='word_1_502' title='bbox 1475 2186 1602 2234; x_wconf 79' lang='grc'><strong>4709,</strong></span> <span class='ocrx_word' id='word_1_503' title='bbox 1630 2188 1692 2227; x_wconf 77' lang='grc'><strong>42.</strong></span> <span class='ocrx_word' id='word_1_504' title='bbox 1719 2188 1761 2225; x_wconf 95' lang='lat' dir='ltr'><strong>In</strong></span> <span class='ocrx_word' id='word_1_505' title='bbox 1787 2187 1953 2238; x_wconf 82' lang='lat' dir='ltr'><strong>praefat.</strong></span> <span class='ocrx_word' id='word_1_506' title='bbox 1985 2199 2098 2226; x_wconf 90' lang='lat' dir='ltr'><strong>men-</strong></span> 
     </span>
     <span class='ocr_line' id='line_1_84' title="bbox 1121 2250 2098 2300; baseline 0 -11"><span class='ocrx_word' id='word_1_507' title='bbox 1121 2253 1175 2290; x_wconf 88' lang='lat' dir='ltr'><strong>tio</strong></span> <span class='ocrx_word' id='word_1_508' title='bbox 1199 2251 1396 2288; x_wconf 89' lang='lat' dir='ltr'><strong>versionis</strong></span> <span class='ocrx_word' id='word_1_509' title='bbox 1416 2250 1589 2297; x_wconf 83' lang='lat' dir='ltr'><strong>Italicae,</strong></span> <span class='ocrx_word' id='word_1_510' title='bbox 1610 2251 1857 2300; x_wconf 81' lang='lat' dir='ltr'><strong>Hispanicae,</strong></span> <span class='ocrx_word' id='word_1_511' title='bbox 1883 2255 1923 2288; x_wconf 83' lang='lat' dir='ltr'><strong>et</strong></span> <span class='ocrx_word' id='word_1_512' title='bbox 1946 2251 2098 2289; x_wconf 87' lang='lat' dir='ltr'><strong>veteris</strong></span> 
     </span>
     <span class='ocr_line' id='line_1_85' title="bbox 1120 2312 2100 2365; baseline -0.001 -13"><span class='ocrx_word' id='word_1_513' title='bbox 1120 2313 1253 2365; x_wconf 87' lang='lat' dir='ltr'><strong>paullo</strong></span> <span class='ocrx_word' id='word_1_514' title='bbox 1290 2312 1514 2363; x_wconf 77' lang='lat' dir='ltr'><strong>prolixioris</strong></span> <span class='ocrx_word' id='word_1_515' title='bbox 1538 2312 1722 2351; x_wconf 86' lang='lat' dir='ltr'><strong>Gallicae.</strong></span> <span class='ocrx_word' id='word_1_516' title='bbox 1748 2313 1804 2350; x_wconf 86' lang='lat' dir='ltr'><strong>De</strong></span> <span class='ocrx_word' id='word_1_517' title='bbox 1831 2313 1967 2351; x_wconf 90' lang='lat' dir='ltr'><strong>Latina</strong></span> <span class='ocrx_word' id='word_1_518' title='bbox 1983 2345 1993 2360; x_wconf 89' lang='lat'><em>‚</em></span> <span class='ocrx_word' id='word_1_519' title='bbox 2018 2312 2100 2351; x_wconf 90' lang='lat' dir='ltr'><strong>An-</strong></span> 
     </span>
     <span class='ocr_line' id='line_1_86' title="bbox 1120 2374 2093 2426; baseline 0.001 -13"><span class='ocrx_word' id='word_1_520' title='bbox 1120 2376 1218 2426; x_wconf 84' lang='lat' dir='ltr'><strong>glica</strong></span> <span class='ocrx_word' id='word_1_521' title='bbox 1245 2378 1285 2413; x_wconf 89' lang='lat' dir='ltr'><strong>et</strong></span> <span class='ocrx_word' id='word_1_522' title='bbox 1308 2375 1548 2413; x_wconf 82' lang='lat' dir='ltr'><strong>Germanica</strong></span> <span class='ocrx_word' id='word_1_523' title='bbox 1569 2375 1695 2412; x_wconf 85' lang='lat' dir='ltr'><strong>veteri</strong></span> <span class='ocrx_word' id='word_1_524' title='bbox 1717 2406 1728 2423; x_wconf 64' lang='lat'><em>7</em></span> <span class='ocrx_word' id='word_1_525' title='bbox 1753 2374 1845 2413; x_wconf 87' lang='lat' dir='ltr'><strong>vide</strong></span> <span class='ocrx_word' id='word_1_526' title='bbox 1865 2375 2093 2414; x_wconf 85' lang='lat' dir='ltr'><strong>Erhardum</strong></span> 
     </span>
     <span class='ocr_line' id='line_1_87' title="bbox 1120 2436 2097 2487; baseline 0 -12"><span class='ocrx_word' id='word_1_527' title='bbox 1120 2439 1206 2476; x_wconf 80' lang='lat' dir='ltr'><strong>sive</strong></span> <span class='ocrx_word' id='word_1_528' title='bbox 1227 2436 1467 2475; x_wconf 87' lang='lat' dir='ltr'><strong>Goldastum</strong></span> <span class='ocrx_word' id='word_1_529' title='bbox 1484 2437 1533 2475; x_wconf 91' lang='lat' dir='ltr'><strong>ad</strong></span> <span class='ocrx_word' id='word_1_530' title='bbox 1549 2438 1779 2475; x_wconf 90' lang='lat' dir='ltr'><strong>Petronium</strong></span> <span class='ocrx_word' id='word_1_531' title='bbox 1804 2448 1890 2487; x_wconf 87' lang='lat' dir='ltr'><strong>pag.</strong></span> <span class='ocrx_word' id='word_1_532' title='bbox 1914 2438 1990 2475; x_wconf 80' lang='lat'><strong>509</strong></span> <span class='ocrx_word' id='word_1_533' title='bbox 2015 2437 2097 2476; x_wconf 91' lang='lat' dir='ltr'><strong>edi-</strong></span> 
     </span>
     <span class='ocr_line' id='line_1_88' title="bbox 1120 2499 1746 2538; baseline -0.003 -1"><span class='ocrx_word' id='word_1_534' title='bbox 1120 2501 1240 2538; x_wconf 90' lang='lat' dir='ltr'><strong>tionis</strong></span> <span class='ocrx_word' id='word_1_535' title='bbox 1265 2499 1490 2537; x_wconf 84' lang='lat' dir='ltr'><strong>Clarissimi</strong></span> <span class='ocrx_word' id='word_1_536' title='bbox 1513 2499 1746 2537; x_wconf 87' lang='lat' dir='ltr'><strong>Burmanni.</strong></span> 
     </span>
     <span class='ocr_line' id='line_1_89' title="bbox 1174 2559 1998 2608; baseline -0.002 -9"><span class='ocrx_word' id='word_1_537' title='bbox 1174 2560 1505 2608; x_wconf 82' lang='lat' dir='ltr'><strong>ENERANDUS,</strong></span> <span class='ocrx_word' id='word_1_538' title='bbox 1531 2561 1632 2598; x_wconf 86' lang='lat' dir='ltr'><strong>infra</strong></span> <span class='ocrx_word' id='word_1_539' title='bbox 1651 2588 1657 2607; x_wconf 84' lang='lat'>‚</span> <span class='ocrx_word' id='word_1_540' title='bbox 1684 2559 1998 2598; x_wconf 83' lang='lat' dir='ltr'><strong>ENTRANDUS.</strong></span> 
     </span>
     <span class='ocr_line' id='line_1_90' title="bbox 1174 2622 1962 2669; baseline -0.003 -8"><span class='ocrx_word' id='word_1_541' title='bbox 1174 2622 1489 2669; x_wconf 83' lang='lat' dir='ltr'><strong>ENERVINUS,</strong></span> <span class='ocrx_word' id='word_1_542' title='bbox 1515 2622 1634 2669; x_wconf 87' lang='lat' dir='ltr'><strong>infra,</strong></span> <span class='ocrx_word' id='word_1_543' title='bbox 1659 2622 1962 2660; x_wconf 82' lang='lat' dir='ltr'><strong>EVERVINUS.</strong></span> 
     </span>
     <span class='ocr_line' id='line_1_91' title="bbox 1177 2682 2094 2732; baseline -0.001 -9"><span class='ocrx_word' id='word_1_544' title='bbox 1177 2683 1546 2723; x_wconf 77' lang='lat' dir='ltr'><strong>ENGELBERTUS</strong></span> <span class='ocrx_word' id='word_1_545' title='bbox 1568 2714 1575 2732; x_wconf 88' lang='lat'>‚</span> <span class='ocrx_word' id='word_1_546' title='bbox 1598 2683 1732 2721; x_wconf 89' lang='lat' dir='ltr'><strong>Abbas</strong></span> <span class='ocrx_word' id='word_1_547' title='bbox 1755 2682 2031 2722; x_wconf 81' lang='lat' dir='ltr'><strong>Admontensis</strong></span> <span class='ocrx_word' id='word_1_548' title='bbox 2055 2685 2094 2722; x_wconf 89' lang='lat' dir='ltr'><strong>in</strong></span> 
     </span>
     <span class='ocr_line' id='line_1_92' title="bbox 1122 2744 2094 2785; baseline -0.002 -1"><span class='ocrx_word' id='word_1_549' title='bbox 1122 2747 1240 2785; x_wconf 86' lang='lat' dir='ltr'><strong>Stiria</strong></span> <span class='ocrx_word' id='word_1_550' title='bbox 1256 2744 1306 2784; x_wconf 86' lang='lat' dir='ltr'><strong>ad</strong></span> <span class='ocrx_word' id='word_1_551' title='bbox 1326 2744 1509 2784; x_wconf 87' lang='lat' dir='ltr'><strong>Anasum</strong></span> <span class='ocrx_word' id='word_1_552' title='bbox 1530 2746 1699 2784; x_wconf 88' lang='lat' dir='ltr'><strong>fluvium</strong></span> <span class='ocrx_word' id='word_1_553' title='bbox 1719 2758 1727 2783; x_wconf 93' lang='lat'>:</span> <span class='ocrx_word' id='word_1_554' title='bbox 1747 2744 1909 2783; x_wconf 88' lang='lat' dir='ltr'><strong>Ordinis</strong></span> <span class='ocrx_word' id='word_1_555' title='bbox 1926 2745 2094 2784; x_wconf 77' lang='lat' dir='ltr'><strong>Benedi-</strong></span> 
     </span>
     <span class='ocr_line' id='line_1_93' title="bbox 1122 2807 2093 2858; baseline 0 -12"><span class='ocrx_word' id='word_1_556' title='bbox 1122 2808 1217 2846; x_wconf 87' lang='lat' dir='ltr'><strong>ctini</strong></span> <span class='ocrx_word' id='word_1_557' title='bbox 1235 2808 1268 2856; x_wconf 85' lang='lat' dir='ltr'><strong>a)</strong></span> <span class='ocrx_word' id='word_1_558' title='bbox 1292 2807 1341 2846; x_wconf 91' lang='lat' dir='ltr'><strong>ab</strong></span> <span class='ocrx_word' id='word_1_559' title='bbox 1364 2807 1438 2846; x_wconf 90' lang='lat' dir='ltr'><strong>An.</strong></span> <span class='ocrx_word' id='word_1_560' title='bbox 1459 2807 1562 2846; x_wconf 71' lang='lat'><strong>4297</strong></span> <span class='ocrx_word' id='word_1_561' title='bbox 1587 2808 1682 2846; x_wconf 89' lang='lat' dir='ltr'><strong>obiit</strong></span> <span class='ocrx_word' id='word_1_562' title='bbox 1701 2807 1774 2846; x_wconf 86' lang='lat' dir='ltr'><strong>An.</strong></span> <span class='ocrx_word' id='word_1_563' title='bbox 1795 2808 1890 2846; x_wconf 82' lang='grc'><strong>4331</strong></span> <span class='ocrx_word' id='word_1_564' title='bbox 1923 2809 2093 2858; x_wconf 79' lang='lat' dir='ltr'><strong>scriptor</strong></span> 
     </span>
     <span class='ocr_line' id='line_1_94' title="bbox 1123 2868 2094 2920; baseline 0 -13"><span class='ocrx_word' id='word_1_565' title='bbox 1123 2870 1208 2908; x_wconf 84' lang='lat' dir='ltr'><strong>libri</strong></span> <span class='ocrx_word' id='word_1_566' title='bbox 1229 2868 1276 2908; x_wconf 88' lang='lat' dir='ltr'><strong>de</strong></span> <span class='ocrx_word' id='word_1_567' title='bbox 1295 2872 1399 2918; x_wconf 85' lang='lat' dir='ltr'><strong>ortu⁷</strong></span> <span class='ocrx_word' id='word_1_568' title='bbox 1416 2868 1638 2920; x_wconf 70' lang='lat' dir='ltr'><strong>proyressz‘t</strong></span> <span class='ocrx_word' id='word_1_569' title='bbox 1661 2872 1698 2908; x_wconf 90' lang='lat' dir='ltr'><strong>et</strong></span> <span class='ocrx_word' id='word_1_570' title='bbox 1716 2869 1793 2920; x_wconf 81' lang='lat' dir='ltr'><strong>fine</strong></span> <span class='ocrx_word' id='word_1_571' title='bbox 1818 2870 1988 2908; x_wconf 83' lang='lat' dir='ltr'><strong>Romani</strong></span> <span class='ocrx_word' id='word_1_572' title='bbox 2010 2869 2094 2908; x_wconf 87' lang='lat' dir='ltr'><strong>Im—</strong></span> 
     </span>
     <span class='ocr_line' id='line_1_95' title="bbox 1116 2931 2095 2983; baseline 0.002 -14"><span class='ocrx_word' id='word_1_573' title='bbox 1116 2931 1247 2982; x_wconf 77' lang='lat' dir='ltr'><strong>perii,</strong></span> <span class='ocrx_word' id='word_1_574' title='bbox 1273 2943 1393 2981; x_wconf 88' lang='lat' dir='ltr'><strong>quem</strong></span> <span class='ocrx_word' id='word_1_575' title='bbox 1419 2931 1553 2971; x_wconf 87' lang='lat' dir='ltr'><strong>Mundi</strong></span> <span class='ocrx_word' id='word_1_576' title='bbox 1579 2932 1669 2970; x_wconf 86' lang='lat' dir='ltr'><strong>linis</strong></span> <span class='ocrx_word' id='word_1_577' title='bbox 1688 2934 1868 2983; x_wconf 78' lang='lat' dir='ltr'><strong>proxime</strong></span> <span class='ocrx_word' id='word_1_578' title='bbox 1902 2937 1966 2970; x_wconf 73' lang='lat' dir='ltr'><strong>est</strong></span> <span class='ocrx_word' id='word_1_579' title='bbox 1990 2933 2095 2971; x_wconf 83' lang='lat' dir='ltr'><strong>inse—</strong></span> 
     </span>
     <span class='ocr_line' id='line_1_96' title="bbox 1121 2994 2093 3045; baseline 0.001 -14"><span class='ocrx_word' id='word_1_580' title='bbox 1121 2999 1303 3032; x_wconf 85' lang='lat' dir='ltr'><strong>cuturus.</strong></span> <span class='ocrx_word' id='word_1_581' title='bbox 1353 2995 1466 3032; x_wconf 86' lang='lat' dir='ltr'><strong>Hunc</strong></span> <span class='ocrx_word' id='word_1_582' title='bbox 1514 2999 1605 3045; x_wconf 90' lang='lat' dir='ltr'><strong>post</strong></span> <span class='ocrx_word' id='word_1_583' title='bbox 1649 2994 1863 3032; x_wconf 70' lang='lat' dir='ltr'><strong>editionem</strong></span> <span class='ocrx_word' id='word_1_584' title='bbox 1908 2995 2093 3044; x_wconf 82' lang='lat' dir='ltr'><strong>Casparis</strong></span> 
     </span>
     <span class='ocr_line' id='line_1_97' title="bbox 1121 3056 2093 3107; baseline 0.001 -13"><span class='ocrx_word' id='word_1_585' title='bbox 1121 3056 1300 3094; x_wconf 75' lang='lat' dir='ltr'><strong>Bruscliii</strong></span> <span class='ocrx_word' id='word_1_586' title='bbox 1325 3087 1333 3106; x_wconf 82' lang='grc'>,</span> <span class='ocrx_word' id='word_1_587' title='bbox 1358 3058 1424 3106; x_wconf 88' lang='lat' dir='ltr'><strong>qui</strong></span> <span class='ocrx_word' id='word_1_588' title='bbox 1450 3068 1542 3095; x_wconf 85' lang='lat' dir='ltr'><strong>cum</strong></span> <span class='ocrx_word' id='word_1_589' title='bbox 1573 3057 1833 3107; x_wconf 70' lang='lat' dir='ltr'><strong>hodoeporico</strong></span> <span class='ocrx_word' id='word_1_590' title='bbox 1863 3068 1935 3095; x_wconf 86' lang='lat' dir='ltr'><strong>suo</strong></span> <span class='ocrx_word' id='word_1_591' title='bbox 1970 3058 2093 3095; x_wconf 84' lang='lat' dir='ltr'><strong>Bava-</strong></span> 
     </span>
     <span class='ocr_line' id='line_1_98' title="bbox 1122 3117 2090 3168; baseline 0.001 -14"><span class='ocrx_word' id='word_1_592' title='bbox 1122 3118 1201 3155; x_wconf 84' lang='lat' dir='ltr'><strong>ri(·o</strong></span> <span class='ocrx_word' id='word_1_593' title='bbox 1227 3117 1332 3156; x_wconf 86' lang='lat' dir='ltr'><strong>illam</strong></span> <span class='ocrx_word' id='word_1_594' title='bbox 1371 3119 1577 3168; x_wconf 79' lang='lat' dir='ltr'><strong>vulgavit.</strong></span> <span class='ocrx_word' id='word_1_595' title='bbox 1611 3119 1787 3157; x_wconf 79' lang='lat' dir='ltr'><strong>Basilcac</strong></span> <span class='ocrx_word' id='word_1_596' title='bbox 1826 3119 1953 3165; x_wconf 71' lang='lat'>4553,</span> <span class='ocrx_word' id='word_1_597' title='bbox 1978 3118 2013 3156; x_wconf 89' lang='grc'><strong>8.</strong></span> <span class='ocrx_word' id='word_1_598' title='bbox 2050 3123 2090 3155; x_wconf 81' lang='lat' dir='ltr'><strong>et</strong></span> 
     </span>
     <span class='ocr_line' id='line_1_99' title="bbox 1122 3179 2090 3233; baseline 0.002 -17"><span class='ocrx_word' id='word_1_599' title='bbox 1122 3179 1314 3218; x_wconf 65' lang='lat' dir='ltr'><strong>joachimi</strong></span> <span class='ocrx_word' id='word_1_600' title='bbox 1341 3180 1532 3227; x_wconf 72' lang='lat' dir='ltr'><strong>Clutonii,</strong></span> <span class='ocrx_word' id='word_1_601' title='bbox 1563 3180 1763 3233; x_wconf 70' lang='lat' dir='ltr'><strong>Olionbari</strong></span> <span class='ocrx_word' id='word_1_602' title='bbox 1794 3181 1920 3220; x_wconf 84' lang='grc'><strong>4640,</strong></span> <span class='ocrx_word' id='word_1_603' title='bbox 1959 3181 1994 3218; x_wconf 89' lang='grc'><strong>8.</strong></span> <span class='ocrx_word' id='word_1_604' title='bbox 2030 3191 2090 3218; x_wconf 87' lang='lat' dir='ltr'><strong>re-</strong></span> 
     </span>
    </p>
   </div>
   <div class='ocr_carea' id='block_1_9' title="bbox 1110 3310 2093 3398">
    <p class='ocr_par' dir='ltr' id='par_1_10' title="bbox 1110 3310 2093 3398">
     <span class='ocr_line' id='line_1_100' title="bbox 1173 3310 2093 3352; baseline -0.002 -7"><span class='ocrx_word' id='word_1_605' title='bbox 1173 3316 1205 3345; x_wconf 58' lang='lat' dir='ltr'><strong>al</strong></span> <span class='ocrx_word' id='word_1_606' title='bbox 1230 3314 1389 3345; x_wconf 65' lang='lat' dir='ltr'><strong>Trunci-n.</strong></span> <span class='ocrx_word' id='word_1_607' title='bbox 1415 3321 1488 3352; x_wconf 77' lang='lat' dir='ltr'><strong>cap.</strong></span> <span class='ocrx_word' id='word_1_608' title='bbox 1513 3312 1585 3343; x_wconf 81' lang='grc'><strong>579.</strong></span> <span class='ocrx_word' id='word_1_609' title='bbox 1610 3310 1650 3343; x_wconf 86' lang='lat' dir='ltr'><strong>dc</strong></span> <span class='ocrx_word' id='word_1_610' title='bbox 1672 3313 1703 3342; x_wconf 85' lang='lat' dir='ltr'><strong>S.</strong></span> <span class='ocrx_word' id='word_1_611' title='bbox 1727 3313 1762 3342; x_wconf 85' lang='lat' dir='ltr'><strong>E.</strong></span> <span class='ocrx_word' id='word_1_612' title='bbox 1787 3315 1818 3343; x_wconf 80' lang='lat' dir='ltr'><strong>et</strong></span> <span class='ocrx_word' id='word_1_613' title='bbox 1843 3311 1964 3345; x_wconf 83' lang='lat' dir='ltr'><strong>illustr.</strong></span> <span class='ocrx_word' id='word_1_614' title='bbox 1993 3315 2093 3345; x_wconf 84' lang='lat' dir='ltr'><strong>Bene-</strong></span> 
     </span>
     <span class='ocr_line' id='line_1_101' title="bbox 1110 3365 1399 3398; baseline -0.007 0"><span class='ocrx_word' id='word_1_615' title='bbox 1110 3366 1232 3398; x_wconf 78' lang='lat' dir='ltr'><strong>dictio.</strong></span> <span class='ocrx_word' id='word_1_616' title='bbox 1260 3366 1303 3396; x_wconf 86' lang='lat' dir='ltr'><strong>ll.</strong></span> <span class='ocrx_word' id='word_1_617' title='bbox 1329 3365 1399 3396; x_wconf 84' lang='grc'><strong>100.</strong></span> 
     </span>
    </p>
   </div>
  </div>
 </body>
</html>
