2500 4009
410 201 462 239 70
863 206 865 208 ’
1177 203 1617 246 ALPHONSUS

410 271 544 322 majori
572 280 797 326 excerptam
826 285 959 325 opere:
981 285 1082 324 quae
1105 264 1194 326 post
1222 274 1358 314 editio-

413 346 503 373 nein
519 335 803 374 Granatensem
818 335 891 374 An.
912 336 1014 374 1545
1036 336 1098 375 fol.
1114 347 1271 383 recusa,
1288 349 1357 376 ex-

409 401 488 434 stat
512 398 548 434 in
573 398 726 434 Roberti
746 397 826 434 Beli
851 398 1113 448 Scriptoribus
1135 409 1268 438 rerum
1291 400 1356 438 Hi-

409 459 919 507 spanicarum,Francofurti
932 460 1025 499 1581
1048 464 1153 499 tomo
1169 460 1355 511 secundo,

408 524 447 556 et
476 520 512 556 in
544 518 732 557 :Andreae
763 520 914 559 Schotti
944 522 1129 573 Hispania
1162 522 1354 562 illustrata

408 586 499 617 tom.
525 580 559 627 Ι,
583 591 669 631 pag.
695 581 783 620 247.
809 584 983 622 Francos.
1013 585 1124 623 1603.

457 641 747 683 ALPHONSUS
770 645 833 683 III.
854 645 1018 697 Magnus
1041 646 1089 685 ab
1108 645 1222 685 Anno
1238 647 1355 686 CHri-

406 705 455 741 sti
481 704 568 743 856.
583 706 665 744 Rex
688 705 949 755 Ovetensium,
975 708 1139 758 (Oviedo
1159 711 1198 747 in
1217 710 1355 761 Hispa-

406 766 491 813 nia)
517 766 690 818 Scriptor
712 773 832 807 vetus
865 768 1054 809 Chronici
1077 770 1294 809 desinentis
1315 773 1353 809 in

404 838 508 866 anno
530 828 666 868 eodem
687 830 763 869 856
786 835 826 870 01
845 831 894 870 31)
909 832 972 870 1110
994 836 1190 883 tempore,
1207 833 1272 871 ubi
1288 832 1355 871 de-

405 889 470 927 siit
491 889 664 930 Isidorus
687 893 950 943 Hispalensis,
971 906 1035 933 res
1058 894 1275 933 Gothorum
1291 895 1356 933 Hi-

405 962 697 1003 spanorumque
708 957 983 1005 persequentis
994 968 1063 1007 per
1073 956 1355 1007 sesquisaeculi

407 1014 527 1053 ferme
543 1016 841 1067 spatium‚quod
859 1018 933 1057 sub
946 1016 1358 1063 SebastianiSalman-

405 1077 567 1115 ticensis
596 1079 753 1118 nomine
782 1080 962 1130 vulgavit
999 1080 1237 1119 Prudentius
1260 1080 1358 1119 San-

404 1137 610 1187 dovallius,
620 1141 930 1191 pampilonensis
938 1142 1167 1192 Episcopus,
1171 1140 1355 1191 junctum

404 1201 610 1241 Chronicis
624 1202 752 1250 Idacii,
775 1203 911 1242 Isidori
926 1204 1128 1253 Pacensis,
1150 1202 1354 1252 (Badajos)

404 1263 570 1314 Sampiri
584 1264 866 1313 Asturicensis,
880 1265 1021 1316 Pelagii
1036 1266 1248 1305 Ovetensis
1263 1265 1357 1315 Epi-

406 1336 631 1376 scoporum,
656 1327 914 1377 Pampelonae
944 1328 1046 1367 1615
1080 1331 1121 1366 et
1159 1327 1259 1366 1634
1290 1327 1351 1365 fol.

404 1386 499 1426 vide
514 1387 715 1427 Nicolaum
731 1387 948 1428 Antonium
964 1389 1354 1428 lib.VlBibliothecae

402 1451 550 1488 veteris
587 1451 781 1501 Hispanae
815 1461 898 1502 cap.
945 1451 992 1490 10
1036 1455 1128 1490 tom.
1174 1452 1188 1490 I
1207 1480 1215 1500 ,
1261 1462 1347 1502 pag.

406 1512 483 1551 362
507 1523 588 1563 seq.
609 1517 650 1551 et
667 1517 762 1552 tom.
788 1514 820 1552 11
845 1524 930 1564 pag.
955 1513 1044 1553 272.

454 1575 598 1613 Petrus
630 1574 938 1621 ALPHONSUS,
962 1577 1078 1626 cujus
1106 1574 1262 1626 Dialoqi
1281 1575 1358 1615 XII

401 1647 494 1675 cum
509 1638 642 1687 Moyse
655 1638 674 1675 J
681 1637 822 1685 udan,
847 1649 925 1688 quo
940 1638 1095 1676 nomine
1113 1642 1250 1676 auctor
1269 1639 1351 1688 ipse

400 1703 492 1737 ante
515 1699 755 1750 baptismum
778 1699 1008 1747 vocabatur,
1033 1699 1260 1750 prodierunt
1283 1699 1354 1738 Co-

404 1761 528 1800 loniae
554 1762 675 1809 1536,
699 1762 723 1799 8
745 1763 877 1800 recusi
902 1763 1020 1800 etiam
1045 1763 1082 1799 in
1106 1761 1354 1801 Bibliothecis

405 1824 580 1873 Patrum,
604 1827 644 1861 et
672 1825 710 1861 in
741 1825 957 1862 novissima
989 1823 1157 1862 editione
1198 1823 1355 1874 Lugdu-

402 1886 515 1924 nensi
535 1889 627 1923 tom.
653 1886 746 1924 XXI
770 1896 856 1937 pag.
883 1884 969 1925 173.
995 1883 1089 1923 Fuit
1107 1887 1263 1934 autem,
1294 1886 1353 1924 in-

399 1948 485 1996 quit
508 1948 546 1984 in
572 1948 813 1986 Praefatione
830 1976 838 1995 ,
859 1948 979 1986 Pater
999 1957 1110 1986 meus
1131 1946 1349 1999 spiritalis,

397 2007 624 2059 Alphunsus
647 2008 845 2059 qloriosus
864 2009 1080 2060 Hispaniae
1101 2009 1346 2060 Imperator,

398 2069 470 2119 qui
487 2081 546 2108 me
562 2069 608 2108 de
623 2081 738 2109 sacro
752 2070 855 2123 fonte
869 2070 1054 2121 suscepit,
1071 2082 1198 2121 quare
1213 2081 1350 2109 nomen

398 2128 496 2181 ejus,
509 2131 618 2169 Petri
630 2132 776 2170 nomini
786 2143 993 2184 apponens,
1007 2133 1147 2171 Petrus
1161 2131 1353 2183 Alplzonsi

398 2191 496 2229 milii
530 2192 707 2243 imposui.
737 2194 839 2232 Petri
876 2204 1020 2232 nomen
1043 2198 1247 2244 cooptasse
1276 2195 1349 2233 sibi

399 2258 585 2301 testatur,
609 2256 699 2304 quia
722 2255 910 2306 baptizari
941 2256 1070 2306 ipsum
1099 2256 1262 2306 contigit
1289 2255 1351 2295 die

400 2316 517 2354 natali
534 2316 810 2367 Apostolorum
831 2318 935 2356 Petri
957 2321 996 2355 et
1019 2317 1127 2356 Pauli
1143 2317 1217 2356 An.
1236 2318 1353 2356 CHri-

398 2379 449 2415 sti
475 2379 576 2417 1106
608 2381 748 2418 aetatis
774 2379 821 2417 44
845 2390 923 2429 quo
946 2383 1122 2430 tempore
1158 2380 1352 2419 Castellae

397 2444 437 2477 et
462 2441 619 2489 Legioni
643 2445 824 2492 praeerat
845 2441 1074 2492 Alphonsus
1098 2442 1160 2480 VI.

454 2501 472 2523 ἦ
491 2501 551 2540 An
575 2503 670 2541 liber
698 2503 945 2554 Dialogorum
977 2502 1078 2541 idem
1109 2504 1160 2541 sit
1187 2513 1278 2542 cum
1308 2503 1351 2541 li-

400 2565 466 2603 bro
495 2563 711 2615 Disciplina
732 2567 941 2616 inscripto,
964 2565 1107 2616 ignoro.
1128 2565 1249 2603 Extat
1275 2565 1349 2603 sub

400 2627 471 2665 hae
503 2628 755 2678 inscriptione
788 2627 884 2666 liber
930 2628 968 2665 in
1000 2627 1132 2666 codice
1163 2627 1348 2666 Vaticano

401 2690 494 2728 4161
525 2689 773 2728 Montfaucon
797 2689 977 2728 Biblioth.
1006 2690 1111 2728 MSS.
1142 2701 1226 2740 pag.
1259 2689 1346 2728 115.

401 2750 525 2789 Credo
553 2756 686 2789 tamen
715 2752 815 2791 hanc
844 2753 969 2803 ipsam
997 2762 1086 2790 esse
1117 2748 1348 2791 Clericalem

400 2812 644 2865 disciplinam
660 2845 670 2862 ,
701 2825 821 2864 quam
859 2815 896 2851 in
939 2813 1070 2852 codice
1114 2813 1348 2863 Sangerma-

402 2877 514 2914 nensi
543 2876 740 2914 evolvisse
769 2886 811 2913 se
841 2876 1032 2926 Cangium
1061 2875 1123 2914 hic
1151 2874 1253 2926 apud
1278 2876 1348 2913 Fa-

402 2937 565 2975 bricium
594 2936 791 2975 admonet.

453 2999 743 3038 ALPHONSUS
759 2999 1027 3049 Philosophus,
1042 2998 1104 3049 cuj
1113 3009 1159 3038 us
1176 2997 1349 3038 Clerica-

402 3060 474 3098 lem
497 3059 753 3111 Disciplinam
772 3061 920 3099 evolvit
943 3062 1113 3111 Cangius
1135 3062 1283 3100 MStam
1308 3062 1347 3099 in

403 3124 638 3162 Bibliotheca
661 3124 700 3162 S.
735 3123 919 3161 Germani
952 3123 1000 3161 de
1042 3125 1182 3172 Pratis,
1207 3123 1348 3162 Codice

404 3184 478 3222 798
503 3185 602 3223 idern
618 3197 709 3224 cum
729 3186 928 3239 superiore
950 3185 1108 3224 videtur
1123 3197 1212 3224 esse
1229 3185 1351 3225 Oudi-

404 3247 442 3283 ni
463 3244 620 3294 judicic,
645 3251 737 3286 tom.
759 3248 791 3286 II
815 3259 852 3298 p.
877 3248 952 3285 993
977 3247 1047 3286 sed
1063 3248 1209 3286 fallitur
1230 3247 1351 3287 Oudi-

405 3318 503 3356 005,
527 3318 617 3346 cum
641 3310 742 3347 Petri
770 3310 930 3361 Hispani
954 3311 1134 3361 Logicam
1161 3307 1210 3350 ad
1243 3309 1349 3349 hunc

1432 279 1590 319 Petrum
1605 279 1849 333 Alphonsum
1865 283 1996 328 refert,
2020 286 2064 322 ut
2087 283 2185 324 infra
2202 285 2240 323 in
2261 285 2375 325 Petro

1429 343 1600 393 Hispano
1618 344 1770 384 dicendi
1794 346 1902 385 locus
1921 347 2005 385 erit.

1480 403 1786 458 ALPHONSUS,
1810 409 2016 459 utriusque
2038 408 2194 450 Siciliae
2215 414 2255 450 et
2274 409 2377 450 Ara-

1426 465 1566 516 yom'ae
1583 468 1663 507 Rex
1680 499 1689 518 ,
1709 469 1920 510 defunctus
1939 469 2053 509 Anno
2076 472 2178 511 1458
2197 471 2245 511 de
2259 471 2376 523 cujus

1429 528 1544 567 dictis
1567 534 1606 569 et
1629 531 1739 570 factis
1758 532 1875 571 libros
1891 533 1941 570 IV
1957 531 2115 572 Antonii
2130 534 2375 573 Panormitae

1430 593 1578 631 AEneas
1601 593 1764 644 Sylvius
1788 596 1896 633 misit.
1919 596 1957 632 in
1981 594 2268 645 compendium.
2284 596 2378 646 Epi-

1430 651 1551 693 stolas
1574 655 1763 705 quasdam
1801 655 1921 706 hujus
1944 660 1985 695 et
2015 655 2219 696 Orationes
2241 657 2377 695 Latine

1430 717 1598 767 scriptas
1632 716 1766 757 laudat
1788 718 1968 757 Nicolaus
1989 717 2184 758 Antonius
2215 722 2321 757 tomo
2343 718 2378 757 II

1429 777 1688 818 Bibliothecae
1710 779 1857 818 veteris
1879 781 2072 831 Hispanae
2101 792 2139 832 p.
2158 780 2260 830 178,
2283 793 2384 832 quae

1428 839 1613 890 leguntur
1629 842 1667 879 in
1686 842 1792 880 Lucii
1808 842 1989 881 Marinaei
2011 842 2130 881 Siculi
2148 842 2382 895 Genealogia

1426 902 1578 953 Regum
1593 901 1828 953 Aragoniae,
1843 907 1933 954 post
1951 903 2142 944 editiones
2165 903 2380 945 Caesarau-

1429 968 1638 1014 gustanam
1664 965 1765 1004 1509
1787 968 1828 1003 et
1851 964 2172 1016 complutensem
2191 967 2290 1007 1533
2318 979 2379 1006 re—

1429 1036 1524 1065 cusa
1553 1027 1591 1064 in
1613 1027 1769 1066 Robora
1792 1027 1874 1066 Ben
1897 1017 2054 1079 sininge
2079 1031 2186 1067 tomo
2213 1029 2247 1068 11
2273 1033 2316 1069 et
2338 1031 2376 1069 in

1431 1088 1616 1139 Hispania
1640 1089 1833 1128 illustrata
1857 1087 1978 1128 Andr.
2004 1089 2153 1129 Schotti
2177 1094 2271 1130 tom.
2295 1091 2324 1130 Ι.

1483 1149 1771 1190 ALPHONSUS
1789 1150 1836 1189 de
1850 1151 1951 1200 8080,
1968 1151 2224 1192 Civitatensis
2242 1152 2378 1204 JCtus,

1430 1212 1533 1251 circa
1554 1211 1715 1251 Annum
1740 1213 1855 1259 1490,
1870 1211 1985 1263 cujus
2009 1213 2154 1265 scripta
2175 1214 2295 1253 refert
2315 1215 2380 1254 Ni-

1427 1273 1560 1312 colaus
1583 1272 1778 1313 Antonius
1797 1278 1903 1312 tomo
1928 1274 1961 1313 ΙΙ
1984 1274 2245 1315 Bibliothecae
2268 1280 2378 1315 vete-

1429 1335 1482 1372 ris
1504 1336 1697 1385 Hispanae
1725 1346 1810 1387 pag.
1841 1336 1918 1375 228
1941 1336 1980 1374 in
2000 1336 2144 1387 quibus
2171 1337 2378 1377 'tractatus

1426 1394 1608 1446 Jubz’laei,
1620 1401 1660 1435 et
1679 1397 1994 1448 Camerariatus,
2009 1401 2050 1438 et
2063 1397 2110 1437 de
2123 1396 2261 1452 futuro
2277 1398 2378 1440 Gon-

1426 1457 1514 1497 cilio
1537 1459 1585 1498 ad
1610 1459 1765 1498 Sixtum
1789 1461 1851 1500 IV.

1478 1519 1768 1561 ALPHONSUS
1783 1521 1830 1560 cle
1851 1521 1986 1574 Spina,
2005 1522 2162 1562 Ordinis
2170 1522 2375 1573 Minorum,

1425 1583 1528 1622 cirea
1549 1582 1709 1623 Annum
1729 1584 1880 1625 CHristi
1905 1584 2006 1624 1458
2035 1585 2074 1622 in
2097 1584 2191 1623 villa
2212 1583 2377 1624 Valliso-

1425 1644 1555 1684 letana
1577 1646 1733 1696 scripsit
1755 1646 1907 1685 celebre
1927 1645 2021 1685 illud
2043 1643 2293 1685 Forcalitium
2310 1646 2345 1684 F
2347 1644 2377 1684 i-

1426 1705 1491 1745 dei
1524 1711 1661 1746 contra
1699 1707 1886 1756 Judaeos,
1933 1709 2174 1755 Saracenos,
2201 1708 2377 1758 aliosque

1427 1768 1672 1808 Christianae
1695 1769 1802 1808 Fidei
1832 1770 2026 1820 inimicos,
2049 1769 2305 1809 distributum
2334 1770 2373 1808 in

1425 1830 1542 1869 libros
1561 1831 1736 1881 quinque
1755 1842 1800 1870 ac
1822 1832 1995 1882 primum
2014 1830 2163 1870 editum
2188 1831 2273 1870 sine
2301 1831 2376 1870 loci

1423 1896 1515 1931 nota
1539 1891 1613 1932 An.
1640 1891 1740 1932 1487
1760 1903 1806 1932 30
1826 1892 1966 1931 deinde
1981 1893 2153 1944 saepius,
2177 1895 2222 1932 ut
2235 1892 2316 1931 dixi
2335 1893 2376 1931 in

1421 1954 1517 1993 libro
1540 1954 1589 1993 de
1610 1954 1782 1994 Veritate
1795 1954 2006 2005 Religionis
2025 1953 2269 1994 Christianae
2283 1965 2370 2004 pag.

1422 2016 1510 2055 574.
1531 2016 1672 2056 Confer
1703 2015 1958 2055 eruditissimi
1986 2013 2117 2054 Wolfii
2157 2016 2281 2053 nostri
2308 2015 2372 2054 Bi-

1421 2077 1653 2117 bliothecam
1681 2078 1895 2116 Hebraeam
1918 2080 1999 2115 tom
2019 2077 2035 2116 I
2059 2087 2144 2127 pag.
2171 2076 2245 2116 193
2273 2080 2368 2116 tom.

1423 2140 1455 2178 ll
1479 2150 1564 2190 pag.
1590 2140 1690 2179 1116
1713 2143 1753 2177 et
1775 2143 1868 2177 tom.
1889 2138 1939 2178 IV
1962 2149 2048 2189 pag.
2074 2134 2151 2178 545
2174 2149 2256 2189 seq.

1476 2199 1766 2240 ALPIIONSUS
1782 2200 1970 2238 Testatus.
1982 2199 2092 2248 infra,
2101 2197 2373 2240 TOSTATUS.

1477 2261 1766 2302 ALPIIONSUS
1780 2261 2013 2313 Buryensis,
2030 2262 2114 2300 sive
2137 2259 2377 2301 Vallisoletm

1428 2334 1502 2362 mis
1521 2325 1582 2363 Ex
1616 2323 1809 2373 JudaeuS,
1833 2321 1948 2373 cujus
1971 2321 2068 2362 libri
2091 2322 2138 2362 de
2161 2321 2272 2362 bellis
2298 2323 2374 2362 Do-

1424 2385 1522 2423 mini
1538 2387 1573 2422 in
1596 2385 1776 2424 fortalitio
1797 2384 1885 2424 fidei
1908 2386 2098 2433 citantur,
2122 2384 2213 2424 hinc
2235 2384 2284 2424 ab
2306 2383 2374 2423 Al-

1423 2447 1573 2498 phonso
1594 2447 1642 2486 de
1682 2448 1819 2498 Spina,
1843 2447 1891 2486 de
1914 2458 1991 2498 quo
2013 2457 2147 2499 supra,
2188 2446 2373 2485 diversus

1422 2520 1509 2547 esse
1528 2510 1787 2559 cognoscitur.
1812 2509 2003 2559 Opposuit
2025 2511 2158 2547 autem
2182 2508 2247 2546 illa
2268 2507 2371 2546 bella

1422 2572 1592 2620 Domini,
1617 2571 1802 2610 Hebraice
1825 2574 1866 2609 et
1893 2570 2098 2622 Hispanice
2133 2569 2372 2620 composita,

1420 2644 1497 2671 non
1519 2635 1671 2682 Latine,
1692 2633 1861 2684 Josepho
1880 2632 2033 2671 Kimchi
2067 2631 2239 2681 Judan,
2268 2642 2369 2681 quae

1420 2696 1523 2733 MSta
1540 2699 1697 2734 exstare
1722 2695 1903 2734 feruntur
1919 2695 1956 2732 in
1972 2693 2223 2733 Bibliothecis
2232 2693 2372 2730 Roma-

1420 2757 1500 2806 nis,
1524 2760 1748 2808 oppugnata
1770 2757 1890 2796 etiam
1912 2766 1934 2795 a
1954 2757 1998 2795 R.
2021 2754 2160 2795 Schem
2191 2752 2266 2792 Του
2291 2753 2368 2791 ben

1418 2819 1461 2856 R.
1487 2819 1595 2857 Isaac
1610 2819 1743 2870 Sprot,
1767 2817 1995 2866 Tudelensi,
2019 2817 2085 2867 qui
2105 2814 2272 2866 lapidem
2291 2813 2370 2852 illis

1422 2880 1588 2930 Lydium
1612 2881 1802 2931 opposuit.
1823 2879 1919 2919 Vide
1939 2879 2137 2918 Nicolaum
2153 2874 2369 2914 Antonium

1419 2946 1524 2980 tomo
1547 2943 1580 2980 H
1622 2942 1882 2981 Bibliothecae
1917 2940 2065 2979 veteris
2099 2939 2292 2987 Hispanae
2329 2948 2366 2987 p.

1424 3004 1498 3043 192
1520 3008 1560 3042 et
1582 3003 1782 3042 laudatum
1802 3002 1989 3041 Wolfium
2012 3002 2191 3038 nostrum
2219 3001 2326 3036 tomo
2349 2998 2366 3037 I

1421 3065 1678 3104 Bibliothecae
1693 3063 1887 3102 Hebraeae
1902 3073 1987 3113 pag.
2003 3059 2202 3110 192,1126
2219 3061 2259 3098 et
2271 3062 2366 3098 tom.

1421 3127 1471 3166 IV
1494 3138 1578 3177 pag.
1602 3123 1678 3164 786
1701 3124 1766 3163 ubi
1807 3123 1912 3162 Pauli
1941 3122 2155 3172 Burgensis
2190 3121 2371 3160 testimo-

1421 3189 1543 3236 nium,
1559 3188 1625 3237 qui
1641 3190 1814 3236 tempore
1822 3184 1937 3234 Regis
1954 3183 2160 3233 Hispaniae
2176 3179 2365 3232 Alphonsi

1421 3250 1458 3288 X
1481 3249 1602 3288 refert
1630 3247 1735 3287 hunc
1762 3244 2006 3296 Alphonsum
2025 3255 2127 3284 anno
2149 3242 2290 3284 aetatis
2308 3251 2371 3280 50·

1422 3312 1622 3362 xagesimo
1644 3308 1883 3360 baptismum
1906 3306 2141 3358 suscepisse.
