2500 3841
895 222 1378 273 {wicrammus
2044 242 2121 282 615

139 305 316 357 periuris
340 305 474 345 Seculi
499 316 600 342 atino
641 305 823 356 Luqduni
844 305 1089 357 publicavit,

143 367 214 409 sed
229 367 340 421 foede
364 366 558 419 decipitur
572 399 583 417 ,
608 367 702 406 dum
723 367 860 408 Codex
884 368 944 407 hic
973 368 1092 420 impo-

142 435 302 472 sturam
335 429 501 479 deteyz't,
527 433 565 468 et
583 430 752 479 Salvagii
783 442 905 468 manu
936 429 1090 478 omnia,

141 504 246 546 quae
267 490 394 530 Aulae
420 490 594 530 Gallicae
624 490 907 543 displicebant,
938 490 1090 539 deleta,

140 554 294 605 vimque
308 552 499 591 decimam
515 553 716 592 Historiae
726 557 886 604 partem
900 553 1092 603 inleqram

140 615 321 655 relictam
358 626 461 663 esse,
499 614 754 668 manifestum
782 614 925 654 reddit.
950 616 1094 654 Simili-

140 683 200 717 ter
217 678 391 717 Joannes
408 677 634 726 Sleidanus‚
650 678 766 728 cujus
783 679 953 728 epitome
972 677 1094 714 histo-

138 741 288 780 riarum
311 739 512 779 Frossardi
541 739 675 778 Latine
703 740 921 790 composita
945 739 1093 788 saepis—

138 803 238 841 sime
260 813 353 842 cum
377 801 554 852 Philippo
579 803 791 841 Cominaeo
815 812 865 840 ex
890 799 979 850 ejus
1004 811 1092 838 ver-

139 865 250 902 sione
293 863 424 914 praela
469 865 674 912 exercuit,
705 865 864 902 Parisiis
908 861 1023 902 4537.
1054 862 1091 899 8.

141 925 257 965 4562.
292 925 355 965 42.
394 925 674 975 Heidelbergae
699 927 712 963 4
725 924 814 963 587.
846 924 909 962 fol.
940 925 1090 962 HanOV.

141 987 256 1027 4606.
282 987 345 1026 42.
369 985 656 1025 Amstelodami
689 987 804 1026 4640.
826 986 942 1025 4656.
971 986 1091 1023 etiam

140 1049 225 1099 ipse
266 1048 448 1097 arguitur
490 1048 623 1085 minus
662 1058 815 1098 aequus
857 1046 1023 1097 Anglis,
1053 1050 1093 1085 et

140 1109 268 1148 multa
290 1109 410 1160 digna
441 1113 664 1147 memoratu
706 1109 829 1147 fuisse
866 1112 1093 1158 praeterve—

139 1175 244 1210 ctus.
285 1170 347 1209 Ex
383 1170 568 1209 Sleidano
609 1180 800 1220 expressa
839 1168 1006 1220 Anylica
1052 1171 1093 1207 P.

137 1231 318 1282 Goldingi
342 1232 514 1282 epitome
532 1261 541 1269 .
567 1231 687 1270 Lond.
714 1232 829 1271 4608.
862 1232 898 1270 4.

190 1292 506 1334 FROTHARIUS
535 1305 586 1332 ex
623 1293 775 1332 Abbate
815 1294 853 1332 S.
877 1293 972 1343 Apri
1000 1293 1094 1343 Epi-

139 1367 284 1408 scopus
306 1356 356 1395 ab
376 1354 494 1395 Anno
517 1356 608 1395 843.
638 1355 838 1395 Tullensis
867 1356 907 1393 in
937 1355 1061 1393 Gallia
1082 1383 1090 1402 ‚

137 1419 351 1459 defunctus
372 1422 462 1470 post
484 1418 646 1458 Annum
672 1417 762 1456 837.
793 1417 910 1468 cujus
938 1417 1092 1469 Episto-

139 1480 200 1520 las
222 1482 346 1521 XXV.
370 1492 421 1520 ex
441 1482 605 1531 antiquo
619 1481 728 1520 MSto
748 1481 982 1520 Carnotensi
1004 1480 1092 1519 vul-

139 1544 250 1594 gavit
282 1541 464 1582 Andreas
487 1542 542 1582 du
565 1543 722 1582 Chesne
747 1547 855 1580 tomo
879 1542 903 1581 2
927 1542 1092 1591 scripto-

137 1617 228 1644 rum
269 1616 404 1644 rerum
446 1606 727 1644 Francicarum
765 1615 852 1654 pag.
899 1602 1089 1643 742-723.

133 1668 304 1717 scriptas
319 1665 369 1705 ad
391 1667 677 1717 Imperatorem
703 1664 946 1705 Ludovicum
965 1665 1090 1714 Pium,

135 1728 185 1767 ad
207 1727 413 1767 Juditham
436 1726 524 1778 ejus
544 1727 786 1779 Conjugem,
808 1727 855 1766 ad
881 1726 1091 1777 Anylema-

133 1801 227 1829 rum
262 1791 484 1838 Abbatem,
521 1790 763 1840 Droyonem,
808 1788 1085 1837 Einhardum,

136 1845 370 1904 Gerunqum
410 1863 617 1891 summum
654 1853 754 1889 sacri
796 1851 928 1901 palatii
972 1852 1090 1889 ostia-

134 1915 263 1954 rium:
293 1913 342 1952 ad
371 1912 480 1952 Hetti
499 1912 1089 1963 Archiepiscopum,Hz·ttonem

133 1976 401 2027 Episcopum,
443 1973 677 2014 Hilduinum
716 1975 875 2012 Patrem
904 1978 945 2012 et
974 1975 1072 2025 Magi

134 2041 292 2086 strum,
321 2038 546 2088 Huyonem,
579 2033 822 2075 Sichardum
857 2036 1089 2086 Magistrum

136 2097 409 2138 Teutdericum
438 2102 478 2136 et
515 2097 798 2148 Rayenardum
837 2098 1087 2136 venerabiles

133 2161 257 2208 viros,
281 2164 323 2198 et
345 2159 394 2199 ad
417 2158 688 2210 AEzyharclum
710 2158 930 2197 Abbatem:
952 2157 1092 2208 adjun-

131 2223 208 2261 ctis
232 2233 306 2260 sex
325 2221 515 2273 Epistolis
535 2220 584 2259 ad
611 2220 861 2258 Frotharium
886 2221 1046 2270 scriptis
1070 2231 1092 2258 a

138 2282 327 2325 wicardo
362 2284 448 2322 sive
492 2281 707 2333 Wiyhardo
737 2281 917 2330 Abbate‚
947 2282 995 2321 ab
1023 2281 1093 2321 Al-

133 2344 245 2384 drico
286 2345 373 2384 sive
408 2342 612 2391 Alberico,
636 2342 860 2391 Hieremia,
885 2343 995 2382 Hetti
1019 2343 1093 2382 Ar-

136 2407 387 2458 chiepiscopo
402 2436 411 2454 ,
435 2410 476 2445 et
495 2406 545 2445 ab
567 2407 763 2458 Episcopo
785 2404 1030 2456 Linyonensi.

189 2468 522 2508 FRUCTUOSUS
543 2468 663 2518 Regio
683 2471 796 2506 ortus
820 2467 1013 2515 sanguine
1031 2466 1093 2504 Hi-

137 2540 315 2582 spanuS,
344 2542 393 2570 ex
425 2530 634 2570 Dumiensi
664 2529 858 2580 Episcopo
891 2527 1094 2577 Archiepl-

139 2603 284 2644 scopus
312 2591 388 2632 An.
426 2593 515 2632 656.
561 2591 844 2638 BracarensiS,
887 2599 1094 2628 successor

136 2655 320 2703 Potamii,
336 2654 553 2693 defunctus
576 2652 621 2692 A.
642 2653 729 2690 665.
756 2651 1091 2701 Augustinianum

134 2716 226 2766 alii,
250 2716 314 2755 alii
340 2715 644 2756 Benedictinum
671 2715 842 2760 faciunt,
864 2713 993 2750 neutri
1013 2711 1092 2749 ido-

134 2779 222 2817 neis
251 2778 436 2818 instructi
458 2777 717 2827 argumentis,
757 2773 853 2813 Vide
891 2772 1092 2811 llensche-

137 2840 246 2880 nium
272 2844 380 2878 tomo
399 2840 435 2879 2.
460 2839 649 2878 Actorum
676 2838 913 2876 Sanctorum
945 2834 1090 2884 Aprilis

136 2903 198 2942 46.
235 2913 321 2954 pag.
349 2902 437 2941 430.
481 2912 564 2951 seq.
589 2904 629 2939 et
652 2898 853 2938 Nicolaum
871 2896 1087 2934 Antonium

133 2963 399 3002 Bibliothecae
425 2964 574 3001 veteris
600 2963 792 3010 Hispanae
818 2958 913 2996 libro
937 2958 977 2995 V.
1003 2968 1091 3007 cap.

135 3027 171 3064 5.
196 3036 282 3076 pag.
302 3025 392 3064 283.
419 3035 502 3074 seq.
528 3025 650 3062 Extat
674 3020 761 3070 ejus
786 3017 936 3069 Requla
957 3018 1091 3056 Mona-

132 3086 235 3126 slica
263 3086 438 3137 duplex,
469 3087 554 3124 sive
580 3096 657 3124 una
682 3083 837 3134 potius,
869 3080 1016 3118 tributa
1050 3080 1086 3116 in

133 3148 234 3188 duas
260 3153 419 3199 partes,
449 3158 620 3199 quarum
645 3146 750 3196 prior
779 3141 974 3193 capitibus
999 3152 1091 3179 con-

137 3214 217 3250 stat
236 3210 360 3250 XXV.
383 3211 533 3257 altera,
563 3219 664 3258 quae.
690 3202 839 3253 Requla
871 3201 1091 3241 Monastica

136 3271 354 3312 communis
381 3271 620 3315 inscribitur2
636 3269 723 3306 XX.
744 3265 959 3316 Capitibus.
981 3263 1091 3302 Utra-

142 3345 218 3383 que
241 3338 374 3373 exstat
399 3336 435 3372 in
462 3332 604 3373 Codice
629 3329 866 3377 Regularum
907 3328 946 3363 S.
970 3327 1093 3365 Boni·-

1167 306 1259 345 dicti
1284 307 1526 346 Anianensis
1550 308 1803 349 Holsteniano
1826 316 1938 362 parte
1966 313 2003 352 2.
2033 325 2118 364 pag.

1168 368 1257 407 437.
1282 373 1322 407 et
1346 369 1434 408 447.
1459 369 1530 408 sed
1554 371 1694 421 prioris
1716 373 1846 423 capita
1870 373 2010 414 ultima
2039 375 2117 415 duo

1167 428 1214 468 de
1236 428 1405 469 Senibus
1427 436 1468 469 et
1491 430 1537 470 de
1560 431 1623 471 die
1651 433 1852 474 Dominzco
1889 435 2119 476 desideran-

1168 495 1243 529 tur.
1270 492 1378 542 [lugo
1400 492 1610 532 Menardus
1628 495 1664 531 in
1689 496 1930 545 praefatione
1952 497 2000 537 ad
2017 499 2118 538 Con—

1167 551 1339 591 cordiam
1363 554 1563 592 Benedicti
1588 555 1827 596 Anianensis
1850 569 1936 609 pag.
1964 560 2028 599 62.
2052 572 2119 612 po-

1167 614 1373 652 steriorem
1425 620 1577 665 partem
1620 617 1668 655 ab
1705 619 1779 656 alio
1821 625 1983 659 auctore
2027 632 2117 661 esse

1166 678 1295 725 putat:
1314 674 1452 713 Altera
1474 676 1632 725 requla,
1659 679 1808 729 inquit,
1826 684 1887 720 est
1906 682 2115 733 cujusdam

1166 735 1334 775 alterius
1362 738 1668 786 F'RUCTL'OSI,
1692 741 1762 791 qui
1783 741 1823 780 in
1851 742 1924 782 hac
1950 745 2120 784 Concor-

1166 796 1234 835 dia
1271 804 1369 849 (pag.
1397 797 1484 837 4-ἰο.
1524 800 1611 838 479.
1650 801 1738 841 732.
1777 803 1865 842 793.
1907 806 1996 845 958.
2025 807 2116 845 960.

1167 860 1269 907 964.)
1293 871 1319 897 a
1340 860 1543 910 superiori
1573 860 1856 912 dz'slinquitur.
1890 867 1967 905 etsi
1998 867 2118 906 inter-

1166 919 1260 959 dum
1283 920 1326 958 hi
1346 920 1422 959 duo
1446 922 1671 970 Fructuosi,
1689 935 1743 963 esc
1765 926 1973 978 scriptoris
2007 929 2117 968 incu-

1165 981 1232 1019 ria
1254 980 1558 1033 confundantur.
1584 984 1683 1033 Quis
1705 989 1836 1024 autem
1856 988 1909 1026 sit
1925 987 2028 1027 aller
2057 989 2117 1028 hic

1166 1043 1515 1091 chtuosusmon
1537 1045 1637 1084 mihi
1651 1046 1771 1097 plane
1791 1054 2031 1099 compertum
2048 1055 2116 1090 esc.

1167 1105 1214 1142 In
1235 1104 1427 1144 Chronico
1456 1108 1495 1147 S.
1526 1108 1717 1157 Maximi,
1745 1110 2119 1162 Caesarauyustam‘

1166 1166 1370 1219 Episcopi,
1393 1168 1447 1207 ad
1460 1168 1617 1208 Annum
1641 1171 1733 1211 569.
1755 1171 1801 1223 fit
1820 1173 1962 1211 mentio
1983 1173 2115 1225 cujzas-

1167 1227 1259 1267 dam
1296 1231 1602 1281 FRUCTUOSI,
1640 1232 1804 1272 Abbatis
1838 1235 2117 1280 Constantiae.

1168 1290 1208 1328 in
1229 1302 1327 1342 aqro
1350 1293 1637 1333 Braccarensi.
1664 1326 1670 1332 .
1695 1323 1704 1332 .
1730 1294 1825 1342 Sed,
1850 1307 1897 1333 ne
1914 1295 2010 1347 quid
2037 1295 2119 1335 dis-

1166 1352 1373 1401 simulem,
1398 1354 1466 1394 hoc
1506 1355 1749 1405 Chronicon,
1780 1361 1826 1395 ut
1863 1357 1963 1395 inte-r
1994 1357 2118 1408 leyen-

1166 1415 1258 1454 dum
1277 1416 1556 1465 animadverti,
1581 1417 1706 1456 multa
1729 1419 1896 1458 continet
1913 1418 2112 1467 absurda,

1166 1480 1204 1516 et
1223 1479 1263 1517 S.
1288 1478 1468 1518 Maximo
1502 1490 1672 1530 prorsus
1706 1480 1879 1531 indzqna.
1915 1481 1989 1520 Est
2015 1481 2116 1520 enim

1166 1539 1301 1579 multis
1325 1539 1532 1580 erroribus
1552 1541 1793 1580 maculatum
1816 1554 1843 1580 a
1865 1542 2035 1594 quodam
2050 1555 2116 1581 ne-

1168 1600 1328 1651 bulone,
1354 1602 1426 1653 qui
1453 1603 1608 1654 passim
1642 1603 1730 1642 huic
1769 1603 1960 1643 Chronico
1994 1604 2118 1643 multa

1167 1664 1298 1716 inepta
1336 1664 1484 1717 adjecit
1513 1676 1590 1716 pro
1626 1675 1702 1704 sua
1726 1664 1883 1705 libidine
1914 1697 1920 1704 .
1944 1697 1983 1705 ..
2013 1668 2119 1706 Haec

1166 1730 1296 1765 tamen
1315 1726 1481 1778 Requla,
1509 1731 1555 1766 uc
1576 1726 1674 1765 mz'ln·
1690 1727 1861 1775 videtur,
1882 1729 2014 1780 potius
2043 1728 2115 1766 tri-

1166 1787 1320 1827 buenda
1340 1792 1399 1828 esc
1411 1790 1640 1836 Fructuoso,
1652 1789 1793 1828 Abbati
1812 1791 2095 1830 Constantinae
2112 1805 2119 1829 :

1163 1850 1248 1903 fere
1283 1850 1465 1903 sequitur
1505 1849 1695 1901 Requlam
1729 1852 1769 1890 S.
1799 1851 2006 1890 Benedicti.
2039 1852 2114 1892 Sed

1165 1913 1315 1951 nullam
1339 1912 1456 1951 fidem
1480 1912 1612 1950 deberi
1638 1910 1991 1962 Pseudo-Maximo,
2012 1918 2118 1953 recte

1167 1975 1318 2013 notavit
1330 1977 1419 2024 post
1438 1974 1668 2013 Menardum
1688 1975 1818 2025 ipsum
1833 1976 2016 2014 Nicolaus
2037 1976 2117 2015 An-

1164 2037 1297 2075 tonius
1318 2047 1405 2087 pag.
1426 2036 1518 2074 284.
1541 2040 1582 2074 et
1601 2036 1859 2079 Benedictum
1897 2036 2113 2075 Aniensem

1165 2108 1340 2145 errasse,
1365 2108 1456 2136 cum
1481 2097 1580 2136 duos
1602 2099 1842 2136 Fructuosos
1867 2098 2005 2146 finxit,
2033 2107 2128 2149 pro-·

1164 2159 1301 2197 batum
1327 2170 1349 2197 a
1370 2158 1613 2198 Mabillonio:
1638 2161 1700 2198 cui
1731 2160 2006 2199 Henschenius
2036 2172 2117 2198 me-

1166 2221 1240 2258 rito
1281 2220 1531 2270 suffragatur.
1571 2222 1742 2272 Regulae
1788 2222 1993 2260 Fructuosi
2039 2226 2121 2260 tres

1166 2280 1332 2320 Codices
1371 2283 1501 2320 MStos
1539 2282 1673 2320 laudat
1714 2281 1913 2321 Antonius
1941 2283 2124 2332 Jepesius

1166 2343 1269 2392 apud
1293 2344 1480 2382 Miraeum
1507 2345 1544 2381 in
1569 2343 1713 2382 Codice
1742 2344 1980 2395 Regularum
2007 2349 2117 2394 parte

1166 2405 1202 2443 2.
1228 2415 1314 2455 pag.
1341 2405 1428 2443 430.
1453 2403 1637 2444 Codicem
1662 2407 1971 2451 Treverensem,
2007 2406 2121 2444 Colo-

1165 2466 1345 2503 niensem
1365 2470 1405 2503 et
1427 2467 1652 2504 monasterii
1671 2466 1838 2505 Arlanza
1860 2467 1896 2503 in
1919 2467 2122 2517 Hispania,

1165 2539 1213 2566 ex
1239 2538 1408 2577 quorum
1450 2538 1526 2566 uno
1564 2528 1730 2566 fortasse
1762 2527 1934 2577 suppleri
1967 2529 2119 2577 possint

1165 2590 1292 2640 capita
1330 2588 1408 2628 duo
1451 2593 1670 2639 postrema,
1700 2599 1802 2638 quae
1829 2589 1865 2625 in
1891 2589 2018 2638 priore
2047 2590 2121 2627 Re-

1165 2651 1256 2701 gula
1279 2649 1568 2688 desiderantur.
1594 2650 1763 2688 Priorem
1790 2649 1978 2699 Regulam
2004 2651 2121 2689 Com-

1164 2713 1337 2763 plutensi
1376 2711 1572 2750 duntaxat
1601 2712 1854 2757 Monasterio,
1885 2709 2002 2759 qu'us
2032 2712 2115 2761 ipse

1164 2773 1343 2812 conditor
1372 2777 1480 2821 erat,
1498 2773 1663 2811 alteram
1688 2783 1757 2822 pro
1786 2772 1872 2810 aliis
1895 2773 2014 2810 etiam
2039 2772 2117 2810 Mo-

1167 2837 1374 2882 nasteriis,
1408 2836 1444 2872 in
1476 2835 1580 2873 villis
1610 2835 1843 2885 praesertim
1870 2838 1988 2883 atque
2011 2834 2118 2883 agris

1164 2896 1389 2936 condidisse
1415 2898 1704 2942 Fructuosum,
1729 2895 1828 2933 bene
1867 2894 2026 2933 videtur
2053 2905 2122 2932 an-

1166 2964 1326 2997 notasse
1350 2957 1532 2997 Oudinus
1557 2962 1662 2996 tomo
1688 2959 1720 3002 l,
1746 2968 1831 3007 pag.
1864 2957 1974 2995 ¹624.
1999 2955 2116 3006 Apud

1165 3019 1372 3060 Canisium
1413 3020 1448 3057 T.
1492 3020 1528 3057 1⁷.
1562 3019 1772 3070 Autiquar.
1820 3020 1919 3057 Lect.
1959 3020 2115 3055 notante

1163 3081 1313 3120 Miraeo
1337 3084 1474 3119 coeslal
1493 3080 1762 3132 frawnentum
1785 3079 1890 3131 quod
1908 3079 1946 3117 in
1969 3077 2118 3129 requlis

1164 3142 1372 3180 nominatis
1393 3154 1466 3180 non
1492 3142 1691 3193 reperitur
1730 3144 1804 3179 lloc
1829 3146 1889 3178 est
1915 3140 1960 3178 dc
1983 3140 2119 3179 ‹liver-

1164 3204 1278 3243 silalc
1305 3202 1515 3253 cullmrum
1551 3215 1673 3253 super
1704 3201 1891 3251 Reqeclam
1920 3204 1959 3242 S.
1992 3203 2111 3240 Bene—

1165 3264 1274 3311 dicti,
1305 3265 1408 3314 qnnd
1444 3266 1658 3303 {fructuoso
1690 3265 1893 3311 indignum
1939 3275 2028 3303 esse
2055 3263 2118 3312 ju—

1167 3326 1313 3363 ‹lu-avit
1337 3327 1453 3363 vilain
1481 3327 1736 3364 Mabillonius
