2500 3841
813 233 1323 273 FLODOARDUS

127 300 306 339 Historia
320 299 523 338 Ecclesiae
542 301 758 348 minensis,
781 303 885 351 sive,
907 308 951 341 ut
968 304 1026 342 Si-

75 360 264 411 gebertus
287 372 371 411 cap.
399 361 486 400 432.
513 366 646 409 vocat⁷
661 365 774 411 qesta
796 363 1027 414 Pontificum

75 420 346 470 Remensium‚
376 421 485 477 libris
526 421 587 459 lV.
630 432 760 471 usque
789 423 837 461 ad
867 424 1027 462 Annum

75 483 167 520 948.
191 493 360 532 quorum
387 483 611 520 versionem
636 483 826 522 Gallicam
851 485 921 523 sed
943 486 1028 535 plu—

74 544 185 582 ribus
231 544 381 594 passIm
423 544 583 581 omissis
626 545 803 584 ediderat
847 547 1029 585 Nicolaus

75 604 286 644 Chesneau
306 633 314 652 ,
350 606 436 642 sive
478 605 727 652 Querculus,
751 607 936 644 Decanus
960 607 1032 644 Re-

74 666 252 712 mensiS‚
283 666 418 703 Remis
463 665 578 704 4580.
620 667 654 703 4.
685 667 865 716 Integros
897 669 1031 705 Latine

74 727 230 776 primus
259 727 441 776 vulgavit
469 727 640 765 Jacobus
670 727 906 766 sirmondus
931 729 1034 765 Pari-

75 788 145 825 siis
175 789 290 827 4644.
323 789 359 826 8.
389 800 482 827 cum
525 788 747 839 appendice
776 788 1033 835 ANONYM1‚

73 847 263 886 Canonici
286 850 496 887 Remensis
519 850 623 888 circa
647 848 809 888 Annum
832 850 946 889 4440.
968 850 1034 898 qui

74 908 337 948 Flodoardum
368 910 645 955 breviaverat‚
669 910 837 960 aliisque
867 921 1037 960 opuscu-

73 970 122 1008 lis
166 970 214 1009 ad
257 970 426 1009 eandem
470 971 694 1010 Ecclesiam
733 971 1034 1021 spectantibus:

74 1032 168 1069 Post
210 1032 466 1070 Sirmondum
511 1032 706 1083 Georgius
748 1031 1034 1079 Colvenerius,

73 1094 140 1142 qui
166 1093 309 1133 Codice
333 1095 496 1141 Latino,
517 1105 567 1131 ex
591 1105 669 1143 quo
691 1094 925 1133 Chesnaeus
947 1093 1037 1131 Gal-

74 1153 191 1192 licam
220 1156 449 1193 versionem
479 1165 594 1194 suam
624 1155 915 1203 adornaverat,
946 1165 1038 1192 con-

74 1214 215 1253 tulisse
244 1226 287 1254 se
315 1219 513 1263 testatur,
544 1226 590 1253 ac
630 1220 790 1265 praeter
820 1216 968 1254 scholia
996 1220 1036 1253 et

72 1286 219 1314 vocum
248 1277 510 1315 obscurarum
540 1278 850 1327 explicationem
883 1277 1035 1315 addidit

72 1337 332 1387 appendicem
363 1338 518 1376 Sonacii
562 1337 610 1376 de
655 1339 821 1376 statutis
858 1338 1037 1388 Synoda—

75 1398 179 1437 libus
207 1399 412 1437 Ecclesiae
456 1400 696 1447 Remensis,
727 1404 767 1437 et
805 1400 1036 1450 Catalogum

75 1459 475 1510 Archiepiscoporum
491 1461 764 1499 Remensium.
784 1462 904 1499 Duaci
922 1461 989 1499 464
1000 1459 1036 1497 7.

74 1521 110 1558 8.
141 1521 366 1560 Colvenerii
394 1521 611 1560 editionem
650 1525 941 1571 expresserunt
977 1522 1039 1558 Bi—

71 1581 290 1620 bliothecae
332 1583 494 1620 Patrum
524 1583 649 1621 Paris.
685 1583 802 1621 4639.
830 1586 871 1620 et
901 1583 1037 1619 novis-

73 1643 174 1681 sima
202 1642 482 1694 Lugdunensis
511 1647 613 1681 tom.
641 1643 712 1681 XV
743 1655 779 1693 p.
813 1644 905 1682 500.

125 1705 183 1743 De
217 1704 404 1744 Romanis
435 1703 688 1756 Pontificibus
717 1716 739 1743 a
767 1707 811 1743 B.
840 1707 955 1743 Petro
985 1705 1033 1742 ad

70 1771 245 1808 Leonem
281 1767 363 1806 VII.
404 1766 587 1817 poemate
616 1766 775 1804 herolco
812 1766 921 1804 libris
949 1766 1033 1804 XV.

71 1829 176 1881 quod
206 1828 460 1868 Anastasiani
504 1828 634 1878 operis
664 1827 713 1865 de
743 1828 838 1864 vitis
877 1826 1033 1864 Pontifi-

72 1903 165 1931 cum
195 1890 454 1941 paraphrasin
485 1899 575 1927 esse
604 1892 716 1926 notat
742 1887 1033 1938 Papebrochius

73 1957 113 1993 in
129 1953 241 1992 Actis
261 1953 498 1991 Sanctorum
513 1954 609 1988 tom.
626 1949 696 1987 VII
719 1950 809 2000 Maji
830 1960 916 1999 pag.
942 1948 1031 1986 773.

72 2017 149 2054 nisi
178 2013 284 2065 quod
306 2014 509 2052 variorum
535 2012 774 2050 Sanctorum
799 2011 924 2061 elogia
945 2021 1035 2060 pas-

76 2078 151 2115 sim
189 2077 433 2125 interspersa
461 2073 591 2111 habet.
630 2073 831 2121 Insignem
879 2076 1032 2121 partem

75 2137 196 2187 hujus
224 2137 354 2187 operis
396 2147 419 2173 a
460 2134 649 2184 Gregorio
690 2135 739 2171 II.
785 2132 831 2170 A.
863 2133 954 2172 71¹5.
984 2132 1032 2171 ad

75 2201 247 2238 Leonem
269 2198 352 2236 VII.
377 2195 423 2234 A.
445 2195 534 2233 935.
560 2205 610 2232 ex
635 2194 780 2232 Codice
803 2193 1036 2232 Carmelita-

75 2272 165 2300 rum
193 2259 511 2298 excalceatorum
556 2255 919 2294 San-Germanensi
949 2254 1037 2292 vul-

5 2358 16 2363 ,,
75 2319 186 2372 gavit
212 2319 463 2359 Mabillonius
501 2316 798 2356 Sec-Benedict.
830 2316 893 2353 ΙΙΙ,
925 2320 1036 2365 parte

76 2385 115 2424 2.
144 2394 230 2433 pag.
262 2382 351 2420 596.
381 2381 514 2419 Etiam
556 2390 606 2417 ex
648 2379 884 2416 Sanctorum
917 2377 1039 2413 inter-

75 2445 225 2495 spersis
253 2443 390 2493 elogiis
419 2452 498 2480 non
527 2451 655 2495 pauca
684 2438 808 2478 edidit
831 2437 935 2475 idem
960 2439 1039 2475 Ma-

76 2506 291 2552 billonius,
315 2508 361 2542 ut
384 2515 406 2542 a
431 2502 780 2554 praestantissimo
805 2500 937 2538 Caveo
955 2497 1036 2547 jam

78 2571 289 2614 notatum,
320 2566 360 2604 S.
391 2562 630 2605 Columbani
663 2561 830 2601 Abbatis
860 2560 946 2597 Sec,
991 2560 1037 2597 ll.

78 2640 168 2679 pag.
192 2627 255 2666 30.
276 2628 317 2665 S.
331 2624 488 2664 Attalae
503 2636 592 2676 pag.
613 2624 700 2663 427.
722 2623 761 2660 S.
779 2618 943 2670 Bertulfi
962 2619 1041 2657 Ab·

79 2690 184 2728 batis
207 2687 437 2726 Bobiensis:
469 2691 509 2725 et
538 2697 589 2724 ex
618 2685 715 2722 libro
744 2681 849 2721 XIII.
879 2691 1039 2717 carmen

77 2755 267 2789 octavum
296 2748 346 2787 de
375 2749 418 2788 S.
439 2745 648 2786 Benedicto
670 2743 838 2793 ejusque
869 2742 1041 2778 miracu-

71 2813 152 2860 lis,
182 2813 219 2849 in
245 2811 525 2861 supplemento
548 2808 598 2847 ad
623 2806 707 2844 Sec.
747 2805 775 2842 Ι.
807 2801 855 2841 ad
892 2802 1040 2839 calcem

81 2873 212 2913 Seculi
241 2871 404 2910 secundi
423 2883 509 2922 pag.
533 2870 651 2909 4095.
670 2868 731 2905 Ex
751 2863 889 2902 eodem
913 2861 1046 2900 Mabil-

81 2935 183 2973 lonio
202 2937 412 2972 mutuatus
426 2930 719 2982 Papebrochius
734 2923 939 2965 Flodoardi
961 2933 1046 2960 car-

82 3006 174 3033 men
203 2994 252 3032 de
294 2992 482 3032 Paschali
510 2995 638 3042 Papa,
670 2986 774 3039 quod
812 2984 975 3023 exhibet
1006 2984 1042 3020 in

9 3071 12 3077 ’
82 3057 194 3096 Actis
210 3055 280 3094 SS.
299 3054 516 3106 appendice
535 3053 582 3092 ad
597 3051 700 3091 XIV.
717 3047 804 3096 Maji
822 3051 847 3083 t.
866 3045 889 3082 7
906 3057 941 3094 p.
962 3043 1051 3082 773.

131 3117 220 3157 Non
248 3115 416 3154 dubium
442 3115 578 3154 haberi
595 3112 724 3156 debet,
743 3107 846 3145 idem
866 3106 938 3143 hoc
959 3117 1047 3143 esse

84 3188 186 3229 opus
219 3176 427 3216 Flodoardi
450 3206 458 3225 ,
488 3175 593 3226 quod
620 3170 795 3210 Treviris
820 3169 856 3204 in
888 3177 1045 3205 summo

86 3239 234 3290 templo
277 3239 478 3277 asservari
522 3238 695 3273 testatus
737 3233 799 3267 cst
839 3228 944 3278 apud
979 3228 1046 3266 Mi-

88 3310 223 3339 raeum
256 3299 303 3338 ad
335 3298 632 3349 sigerbertum,
678 3291 944 3338 Vossiumquc
982 3290 1045 3326 Jo-

1978 238 2054 276 577

1100 305 1253 343 liannes
1277 306 1499 344 Bonderius
1528 306 1604 345 An.
1629 310 1732 347 4555
1764 311 1802 347 in
1826 310 1959 349 Indice
1984 312 2059 350 Co-

1101 366 1234 405 dicum
1272 368 1380 405 MSS.
1419 379 1488 417 per
1527 369 1723 419 Belgicam
1744 400 1751 419 ‚
1790 370 1836 409 de
1861 371 2058 423 triunphis

1102 426 1254 466 Italicis
1275 429 1504 480 Martyrum
1543 434 1581 468 et
1621 431 1902 483 Confessorum
1945 432 2056 472 liber.

1102 489 1173 536 XI⁷
1206 494 1332 527 metro
1375 493 1554 541 scriptos.
1600 493 1714 532 Clare
1757 495 1830 533 hoc
1864 500 1972 546 patet
2008 508 2059 534 ex

1104 550 1333 588 Theodorici
1358 553 1535 590 Ruinarti
1567 554 1843 594 observatione
1874 557 1922 595 de
1952 558 2058 596 MSS.

1104 612 1407 650 Carmelitarum
1429 614 1762 663 Sangermanensi
1782 648 1789 665 ‚
1815 629 1934 666 quam
1960 620 2056 657 infra

1106 670 1343 721 subjungam
1364 701 1372 717 7
1393 684 1485 711 cum
1506 676 1617 723 prius
1642 680 1832 715 notavero
1857 679 1895 716 in
1919 679 2057 718 eadem

1106 731 1363 771 Bibliotheca*
1393 735 1647 783 Trevirensi‚
1686 738 1879 777 Bonderio
1927 745 2056 787 teste,

1108 794 1228 830 etiam
1253 798 1480 832 asservatos
1507 793 1628 834 libros
1667 798 1733 834 III
1747 830 1757 846 7
1780 798 1826 837 de
1851 800 2060 853 triumphis

1111 852 1277 891 CHristi
1290 858 1329 891 et
1341 856 1579 893 Sanctorum
1595 857 1862 907 Palaestinae,
1880 865 1918 898 et
1936 860 2059 900 libros

1110 914 1155 951 II
1172 945 1180 962 ,
1204 914 1251 952 de
1274 915 1485 966 triumphis
1511 917 1676 956 CHristt¹
1697 922 1735 956 et
1751 917 1977 960 Antiochiae
1995 935 2060 973 qe-

1109 975 1193 1023 stis‘,
1220 975 1353 1014 itidem
1379 978 1554 1016 carmine
1579 981 1688 1030 epleo
1712 1011 1721 1026 ‚
1743 991 1763 1018 a
1794 983 1921 1030 priore
1944 994 2060 1033 opere

1110 1035 1299 1075 diversos.
1323 1038 1455 1076 Etiam
1486 1039 1550 1077 lib.
1581 1041 1617 1078 3.
1653 1042 1750 1080 Hist.
1786 1043 1937 1081 Eccles.
1976 1055 2058 1094 cap.

1111 1098 1145 1135 6.
1171 1098 1412 1138 Flodoardus
1437 1102 1624 1140 miracula
1651 1104 1686 1140 in
1712 1103 1871 1143 basilica
1896 1106 1937 1143 B.
1978 1107 2061 1144 Vir-

1108 1161 1211 1209 ginis
1246 1161 1455 1199 Remensis
1484 1163 1633 1201 eredita
1657 1165 1834 1203 referens
1857 1198 1867 1214 ,
1891 1177 2061 1217 quorum

1102 1220 1294 1271 plurima,
1312 1224 1452 1271 inquit,
1467 1235 1570 1274 quae
1584 1229 1674 1262 ante
1689 1228 1868 1264 nostram
1891 1231 2059 1266 aetatem

1108 1286 1202 1319 sunt
1218 1287 1330 1332 qesta
1346 1314 1355 1331 ‚
1381 1283 1493 1323 uobis
1518 1284 1712 1324 habentur
1750 1287 1957 1337 incoynita.
1982 1289 2061 1328 Nos

1111 1346 1240 1381 tamen
1263 1356 1310 1382 ea
1331 1374 1338 1392 ,
1361 1357 1464 1396 quae
1486 1358 1620 1384 coram
1644 1348 1768 1397 positi
1792 1348 1976 1397 vidimus,
2001 1349 2064 1388 vel

1104 1406 1288 1455 personis
1320 1418 1421 1457 quae
1449 1407 1635 1446 viderant
1652 1409 1919 1460 referentibus
1943 1422 2063 1461 ayno-

1109 1466 1252 1515 vimus,
1273 1466 1425 1505 silentio
1444 1468 1504 1506 luc
1521 1480 1674 1520 quoque
1687 1472 1914 1521 praeterire
1935 1472 2063 1510 incon-

1106 1539 1255 1578 qiuum
1283 1530 1368 1567 rati
1388 1541 1527 1569 sumus
1543 1562 1553 1578 ‚
1586 1530 1675 1569 lieet
1697 1543 1743 1569 ea
1767 1534 1952 1572 versibus
1972 1533 2061 1572 olim

1108 1590 1385 1628 eoearavimus.
1408 1592 1485 1629 Sed
1515 1593 1749 1631 Ruinartum
1788 1594 1919 1644 lingua
1962 1606 2059 1642 sua,

1111 1651 1311 1701 plerisque
1335 1653 1501 1691 eruditis
1526 1653 1640 1692 hodie
1665 1654 1868 1703 familiari,
1888 1667 1990 1705 quae
2021 1658 2058 1694 in

1108 1712 1217 1750 MSto
1255 1713 1318 1750 illo
1343 1713 1486 1752 Codice
1511 1715 1739 1753 observavit
1762 1746 1770 1765 7
1794 1723 2058 1767 exponentem

1109 1773 1330 1813 audiamus.

1173 1881 1242 1922 ,at
1274 1881 1462 1919 examine
1481 1892 1523 1919 ce
1543 1883 1777 1930 Manuscrit,
1799 1883 1891 1921 dont
1904 1883 1937 1920 le
1960 1894 2061 1920 com-

1238 1946 1476 1980 mencement
1511 1946 1568 1980 est
1604 1943 1762 1982 cle'chz're'
1779 1957 1790 1991 ,·
1828 1943 1850 1981 l'
1875 1945 2058 1994 Ouvraye

1107 2014 1324 2041 eommence
1338 2015 1420 2053 par
1449 2003 1488 2041 la
1507 2004 1563 2054 sin
1585 2003 1639 2042 du
1664 2005 1841 2056 premier
1871 2004 2060 2054 Chapitre

1109 2063 1163 2101 clu
1187 2064 1383 2103 troisie'me
1397 2064 1526 2103 Livre.
1547 2064 1582 2102 Il
1600 2078 1625 2116 y
1650 2070 1709 2103 est
1723 2065 1840 2116 parte
1862 2065 1929 2104 des
1953 2067 2062 2103 Mar-

1109 2127 1240 2175 tyres,
1263 2126 1334 2176 qui
1354 2129 1421 2163 ont
1436 2125 1602 2175 souffert
1616 2137 1709 2165 sous
1743 2126 1781 2164 la
1810 2127 2061 2176 persecution

1110 2185 1156 2223 cle
1183 2186 1378 2225 Valerien.

1164 2249 1215 2286 Le
1239 2248 1274 2286 Ιι.
1302 2248 1417 2287 Livre
1441 2259 1658 2286 commence
1695 2260 1778 2299 par
1814 2248 1847 2286 le
1877 2250 1982 2298 Pape
2022 2251 2061 2287 S.

1112 2308 1232 2347 Felioe
1251 2338 1261 2356 ‚
1282 2312 1319 2347 et
1342 2309 1459 2347 traite
1497 2309 1564 2348 cles
1595 2310 1867 2361 persecutions
1901 2308 2064 2347 d’Aure-

1114 2369 1214 2419 lien,
1259 2370 1305 2408 (le
1344 2369 1494 2410 Claude
1515 2402 1524 2418 ,
1569 2370 1614 2408 cle
1652 2370 1868 2409 Numeriem.
1888 2402 1897 2416 ‚
1942 2374 1980 2407 et
2018 2370 2063 2408 de

1113 2430 1337 2469 Diocletien.
1363 2431 1399 2469 Il
1418 2444 1442 2482 y
1461 2430 1580 2481 parte
1603 2431 1670 2469 cles
1708 2433 1835 2481 Papes
1855 2462 1862 2480 ‚
1893 2430 1998 2468 selon
2031 2430 2063 2467 le

1114 2496 1208 2531 tems
1230 2492 1345 2543 qu’ils
1369 2496 1434 2529 ont
1456 2494 1565 2530 ve'cu.

1167 2554 1218 2591 Le
1242 2555 1277 2592 5.
1303 2557 1340 2591 et
1362 2557 1395 2590 te
1420 2554 1455 2592 6.
1480 2553 1599 2591 Livre
1621 2565 1666 2590 ne
1686 2553 1741 2603 s'y
1766 2557 1946 2591 trouvent
1965 2565 2061 2603 pas.

1115 2612 1304 2665 quoiqu'il
1325 2612 1469 2652 semble
1485 2614 1546 2663 τίς]
1569 2613 1657 2650 rien
1678 2624 1870 2663 manquer
1885 2645 1895 2660 ‚

1168 2678 1219 2714 Le
1248 2676 1285 2713 7.
1314 2686 1360 2712 ue
1385 2674 1503 2712 traite
1526 2686 1600 2724 que
1620 2673 1665 2711 cle
1691 2674 1729 2712 la
1744 2678 1993 2725 persecutzon
2014 2674 2066 2724 {de

1117 2735 1336 2774 Diocletien.

1170 2799 1220 2836 Le
1249 2799 1284 2835 8.
1316 2801 1373 2835 est
1405 2796 1557 2834 intitule'
1573 2796 1621 2834 de
1646 2798 1919 2846 persecutione
1947 2798 2066 2834 Maxi—

1118 2861 1249 2898 miani.
1276 2858 1313 2896 Il
1347 2870 1564 2897 commence
1598 2870 1678 2909 par
1711 2857 1908 2896 l'Hz'stoi're
1944 2856 1990 2894 cle
2023 2858 2061 2895 S.

1119 2920 1269 2959 Marcel
1288 2950 1295 2968 ,
1318 2924 1355 2958 et
1376 2919 1422 2958 cle
1447 2923 1531 2957 tous
1559 2918 1612 2957 les
1637 2921 1863 2969 Martyres.
1887 2918 1958 2969 qui
1980 2922 2067 2956 sont

1119 2982 1218 3020 (lans
1247 2993 1308 3021 ses
1336 2981 1443 3032 Γαῖα·
1471 2981 1599 3020 Actes:
1629 2980 1777 3018 ensuite
1810 2979 1837 3017 zl
1859 2978 1976 3030 parle
1999 2979 2066 3017 cles

1120 3044 1252 3082 Saiuls
1281 3044 1458 3092 Μονίμης
1487 3042 1558 3092 qui
1583 3045 1669 3079 sont
1696 3053 1860 3079 reverez
1889 3039 1988 3078 (lans
2012 3039 2066 3078 les

1126 3104 1237 3143 I'z'lles
1266 3103 1430 3141 (stratio.
1452 3104 1501 3140 Le
1526 3102 1714 3151 Cliapare
1738 3104 1784 3139 45
1809 3105 1866 3138 est
1887 3100 1932 3138 de
1953 3101 2067 3139 Sain-

1121 3169 1154 3203 te
1173 3164 1270 3216 Afro
1287 3161 1548 3214 d'Auysburq.
1568 3164 1616 3200 Le
1635 3163 1682 3201 46
1707 3165 1764 3199 est
1785 3161 1830 3198 (le
1848 3162 1886 3199 S.
1913 3161 1946 3198 E
1950 3160 2064 3200 usebe

1123 3228 1237 3275 I'ape.

1174 3287 1221 3323 Le
1237 3288 1271 3323 9.
1301 3285 1414 3324 Livre
1436 3284 1550 3335 parle
1570 3283 1616 3321 (le
1637 3287 1734 3321 Saul
1763 3282 1935 3322 Valentia
1956 3285 2064 3322 Mar-

1721 3362 1772 3399 753
