2500 4009
445 239 520 278 580

498 301 831 345 Ftofflmut‘s.
862 298 927 345 qui
960 288 1149 332 motuis
1175 293 1385 330 Poetarum

443 369 491 406 de
516 364 729 403 virtutibus
758 364 797 396 et
835 358 943 394 vitiis
977 355 1143 403 digessit
1178 353 1286 391 libris
1323 352 1390 390 de-

443 441 546 466 cem:
573 426 620 461 de
659 421 840 470 superbia
862 447 869 456 .
899 417 947 454 dc
974 417 1074 453 bona
1100 415 1228 459 fama7
1254 413 1302 451 de
1335 415 1391 450 in-

443 489 570 525 vidia.
605 486 652 520 ‹le
679 485 745 519 ira.
776 481 824 517 (lc
849 479 1027 521 avaritia,
1051 476 1099 513 de
1125 476 1227 525 gula,
1254 474 1302 512 de
1333 475 1392 511 lu-

444 552 570 586 xuria.
588 545 635 581 de
652 539 1055 580 remediisluxuriae.
1081 537 1129 574 de
1153 537 1267 574 donis
1294 537 1392 573 Sau-

441 611 489 645 cti
514 606 694 655 Spiritus
726 604 810 639 sive
836 601 884 638 de
915 599 1144 644 virtutibuS,
1168 608 1260 635 cum
1295 596 1391 634 libro

441 670 617 705 decimo.
644 668 830 713 excerpto
866 674 913 699 ex
948 661 1057 698 Alani
1096 656 1392 697 Anti-Claudia-

445 742 502 766 no.
535 725 679 765 l’rodiit
710 725 894 763 Coloniae
927 723 1027 761 4505
1050 752 1058 766 ,
1099 721 1160 759 42.
1199 720 1278 757 Hos
1314 728 1392 755 mo-

442 801 532 827 rum
550 788 668 838 flores
696 786 733 824 si
754 784 968 836 carpseri's.
991 787 1035 820 ut
1056 793 1153 820 rosa
1172 780 1303 831 flores.
1331 781 1392 817 ln-

445 852 571 889 ‹licem
599 851 804 886 Poetarnm
827 876 833 883 .
858 856 1027 896 quorum
1053 854 1196 881 versus
1220 854 1242 879 a
1274 841 1394 879 Flori-

1250 221 1727 260 FLORlLEGUS

1470 292 1575 329 mine
1600 291 1841 339 hexametro,
1862 293 1966 342 quod
1992 294 2210 344 praemisso
2230 295 2416 334 versibus

1469 352 1678 402 Sapphicis
1719 351 1878 390 exordio
1917 359 2049 393 exstat
2073 383 2081 402 ,
2124 354 2214 393 sed‘
2238 359 2418 394 extrema

1469 418 1580 462 parte
1606 413 1789 452 mutilum
1817 414 1854 450 in
1879 416 2082 455 veteribus
2117 417 2323 466 poematiis
2347 417 2417 455 Pe-

1470 475 1518 511 tri
1548 474 1726 520 pithoei,
1755 478 1795 512 et
1827 475 1863 511 in
1894 475 2132 523 quibusdam
2163 477 2313 527 Virgilii
2336 477 2418 516 edi-

1469 535 1655 577 tionibus,
1679 545 1752 572 nec
1777 545 1856 572 non
1882 535 1920 572 in
1946 536 2157 576 Catalectis
2181 538 2417 588 virgilianis,

1468 601 1513 634 ut
1537 596 1574 633 in
1600 595 1840 634 Bibliotheca
1862 596 1998 634 Latina
2029 600 2163 636 notare
2188 609 2251 637 me
2276 598 2417 636 memi-

1469 658 1522 694 ni.
1545 658 1586 695 ln
1612 656 1750 695 eadem
1780 658 1882 694 Petri
1923 657 2072 695 Pithoei
2110 659 2260 710 sylloge
2295 660 2415 697 ctiam

1468 719 1641 757 occurrit
1665 719 1788 755 Focae
1817 716 2126 756 Dodecastickon
2151 719 2190 757 in
2217 731 2418 759 commen-

1467 780 1666 818 dationem
1691 777 1803 817 Artis
1833 789 1929 817 suae
1961 779 2255 819 Grammaticae
2273 810 2282 828 ‚
2311 780 2416 831 quod

1471 842 1610 889 incipit
1629 851 1635 876 ι

445 914 530 961 lego
567 910 781 949 laudantur
803 938 810 947 .
842 907 950 945 dedit
971 906 1162 945 Daumius
1185 904 1311 953 Epist.
1344 900 1390 939 ad
1462 913 1520 940 Ars
1543 916 1614 940 mea
1630 908 1813 939 multorum
1830 916 1864 939 es
1876 916 1959 948 quos
1975 909 2108 941 saecula
2127 910 2240 950 prisca
2253 909 2402 942 tulerunt
2420 932 2430 947 ‚

441 974 670 1012 Reinesium
703 971 854 1008 LXXV.
885 979 970 1018 pag.
1003 967 1106 1006 304,
1137 976 1222 1013 seq.

499 1035 669 1081 Magistri
709 1031 902 1069 FLORlNl
934 1028 1204 1077 Physiologus⁷
1235 1026 1319 1061 sive
1355 1023 1396 1059 li-

447 1098 516 1134 ber
546 1096 593 1132 de
626 1098 766 1131 natura
786 1090 1015 1128 animalium
1046 1088 1231 1126 versibus
1255 1085 1397 1133 elegia-

449 1161 505 1196 cis
547 1157 624 1194 MS.
657 1157 692 1191 in
724 1152 965 1191 Bibliotheca
997 1149 1189 1199 Lipsiensi
1235 1145 1396 1184 Paulina

450 1221 553 1257 inter
596 1216 715 1254 libros
759 1213 921 1262 Collegii
953 1210 1112 1259 majoris
1143 1208 1397 1256 Principum,

449 1286 552 1318 teste
581 1280 623 1316 B.
655 1276 804 1314 Fellero
833 1285 918 1324 pag.
950 1274 1044 1311 394.
1066 1271 1179 1309 Alius
1201 1268 1401 1318 Physiolo-

451 1352 525 1388 gus
555 1339 739 1377 versibus
769 1335 1020 1374 Hexametris
1045 1332 1225 1378 leoninis,
1251 1330 1300 1368 dc
1323 1339 1401 1378 quo

455 1404 580 1449 infra.
612 1397 946 1438 THEOBALDUS
973 1396 1207 1445 Episcopus.

506 1465 559 1501 De
590 1459 786 1511 Drepanio
823 1458 983 1496 FLORO
1014 1456 1165 1494 dictum
1205 1463 1324 1503 supra
1364 1464 1399 1501 p.

456 1524 530 1562 478
561 1527 822 1570 notatumque
842 1519 1015 1558 eundem
1047 1516 1171 1554 videri
1203 1525 1295 1552 cum
1319 1513 1402 1550 Μα-

449 1589 574 1636 ytstro
599 1583 770 1629 FLORQ
790 1582 957 1619 Diacono
988 1577 1242 1629 Lugdunensi
1274 1584 1307 1621 a)
1340 1574 1404 1611 Di-

453 1654 561 1686 ctum
593 1656 750 1694 quoque
775 1654 861 1692 pag.
889 1642 962 1679 479
988 1640 1036 1678 dc
1068 1638 1229 1677 FLORO
1249 1634 1385 1672 Tricas

455 1720 538 1747 smo
567 1709 786 1757 EpiscopO,
818 1708 857 1741 et
887 1703 935 1740 dc
965 1701 1124 1739 FLORO
1155 1696 1342 1736 Monaclzo
1363 1697 1402 1733 S.

460 1768 662 1810 Truslonis,
684 1777 802 1815 quem
820 1763 1066 1802 aTrithemio
1081 1759 1297 1798 confictum
1315 1767 1404 1795 esse

457 1843 532 1870 non
559 1831 656 1868 satis
685 1828 805 1865 certis
835 1824 1082 1874 argumentis
1112 1824 1261 1872 pugnat
1285 1817 1407 1857 Oudi-

459 1903 535 1931 nus
564 1897 659 1927 tom.
686 1891 721 1927 4.
745 1898 830 1938 pag.
865 1885 992 1932 4806,
1024 1894 1107 1932 seq.

508 1952 641 1990 Julius
680 1948 873 1988 FLORUS
910 1950 1047 1984 auctor
1090 1945 1176 1981 sive
1213 1941 1407 1981 Collector

462 2016 645 2052 Chronici
664 2042 673 2058 ,
699 2009 800 2060 quod
829 2008 947 2058 flores
968 2004 1240 2045 Historiarum
1269 2002 1407 2039 inscri-

459 2078 536 2125 psit
563 2077 605 2111 a'
627 2074 724 2111 Nino
763 2071 1018 2118 Assyriorum
1054 2067 1159 2115 Rege
1199 2074 1327 2112 usque
1358 2061 1406 2099 ad

462 2138 622 2174 Annum
658 2133 768 2171 ¹044.
799 2131 1004 2179 Prologum
1035 2133 1075 2165 et
1104 2130 1291 2174 excerpta
1330 2122 1409 2160 cdi-

461 2198 517 2233 ‹lit
540 2195 718 2232 Labbeus
749 2198 841 2229 tom.
872 2191 907 2229 2.
935 2188 1115 2228 Biblioth.
1146 2196 1272 2223 novae
1302 2184 1408 2223 MSS.

463 2269 546 2306 pag.
582 2255 669 2291 490.

518 2314 667 2354 Paulus
693 2313 896 2359 FLORL'S,
926 2312 992 2360 qui
1022 2308 1267 2359 temporibus
1288 2307 1409 2344 Justi—

462 2379 566 2415 niani
599 2374 852 2424 Imperatoris
881 2373 1007 2418 vixit‚
1038 2375 1078 2408 ct
1107 2381 1171 2407 res
1201 2368 1288 2418 ejus
1332 2368 1410 2404 lm-

463 2438 654 2489 peratoris
701 2436 837 2485 panxit
889 2434 1023 2471 Latino
1072 2432 1260 2469 carmine.
1314 2427 1410 2465 Vide

461 2501 646 2537 Vossium
678 2498 736 2544 ll,
770 2497 815 2534 49
845 2495 892 2533 dc
924 2496 1020 2533 llist.
1048 2495 1129 2531 Lat.
1154 2503 1240 2542 pag.
1266 2490 1355 2528 240.

516 2558 775 2598 FLOTILDAE
792 2557 960 2605 Virginis
979 2557 1014 2592 in
1038 2556 1224 2592 Lavcnna
1244 2552 1411 2589 Remen-

461 2624 515 2659 sis
535 2620 718 2658 territorii
745 2618 848 2665 villa,
879 2616 1051 2655 Visiones
1082 2625 1182 2665 quas
1212 2612 1312 2650 vidit
1336 2611 1412 2650 An·

465 2683 540 2721 940
563 2692 700 2721 mense.
725 2680 860 2718 Martio
887 2680 924 2715 in
947 2674 1284 2725 Quadragcsimali
1305 2671 1413 2720 Jeju-

466 2746 528 2782 nio
549 2773 555 2791 ,
583 2745 684 2780 inter
709 2742 809 2780 Petri
837 2740 983 2778 Pithoei
1006 2739 1219 2787 scriptores
1242 2735 1328 2780 Xll,
1349 2745 1393 2771 co

465 2811 663 2850 aetaneos,
690 2802 847 2841 Parisiis
864 2801 965 2839 4588
987 2804 1027 2837 ct
1045 2797 1288 2836 Francofurti
1309 2793 1411 2833 4594

466 2868 500 2904 8.
522 2877 607 2916 pag.
639 2862 814 2903 2021-207
839 2866 878 2900 ct
904 2863 940 2898 in
966 2859 1147 2898 Andreae
1178 2857 1230 2895 du
1255 2856 1412 2895 Chesnc

468 2926 725 2976 scriptoribus
748 2934 879 2961 rerum
902 2923 1138 2959 Francorum
1155 2922 1248 2955 tom.
1267 2917 1303 2954 2.
1325 2927 1409 2965 pag.

469 2989 546 3026 624
564 3019 573 3035 ,
604 2999 689 3036 seq,

521 3048 710 3094 FOCAS,
753 3056 826 3083 seu
866 3042 1078 3088 PHOCAS,
1121 3040 1414 3079 Grammaticus

473 3111 585 3147 ljrbis
614 3111 758 3147 Romae
776 3138 785 3154 ‚
817 3107 974 3154 scripsit
1003 3103 1126 3142 vitam
1159 3101 1312 3151 Vir-,qim
1332 3111 1416 3138 car-

524 3219 556 3255 a)
580 3222 623 3249 De
644 3219 707 3250 hoc
730 3218 940 3258 Lugdunensi
962 3217 1059 3247 Floro
1094 3222 1199 3254 nuper
1229 3213 1422 3243 Dominicus

465 3267 504 3297 de
528 3267 662 3297 Colonia
683 3270 716 3297 ln
732 3267 870 3297 historia
894 3266 1055 3296 litteraria
1073 3263 1282 3302 Lugdunensi
1306 3265 1386 3291 tom.
1403 3260 1422 3289 2

467 3324 543 3354 pag.
572 3315 640 3345 155.
663 3323 730 3353 seq.
755 3320 786 3345 et
811 3315 850 3345 de
873 3318 942 3354 ejus
967 3313 1174 3352 poematibus
1198 3320 1230 3349 p.
1250 3309 1319 3340 142.
1339 3316 1407 3347 ›eq.

1503 958 1563 989 sed
1580 966 1665 990 nova
1683 962 1714 989 te
1731 958 1875 990 brevitas
1892 960 2012 990 asserit
2029 966 2104 991 esse
2122 966 2247 990 meam.

1523 1024 1659 1063 Artem
1681 1025 1727 1063 de
1749 1024 1902 1063 nomine
1921 1028 1959 1063 et
1977 1024 2098 1064 verbo
2123 1028 2161 1064 et
2179 1024 2421 1076 aspiratione

1471 1086 1593 1124 edidit
1628 1086 1841 1125 Putschius
1876 1088 1914 1124 in
1957 1086 2237 1126 Grammaticis
2271 1087 2420 1125 Latinis

1472 1159 1558 1198 pag.
1591 1146 1833 1186 4683-4687.

1525 1207 1710 1258 AEqz'dius
1733 1207 1779 1246 de
1802 1208 1978 1258 FOENO,
1995 1219 2114 1259 supra
2137 1213 2233 1247 tom.
2249 1219 2336 1260 pag.
2353 1209 2417 1248 24.

1530 1270 1838 1319 FOLGARDUS,
1862 1271 1930 1319 qui
1955 1271 2092 1309 Vossio
2108 1271 2334 1320 Cangioque
2355 1280 2424 1308 au-

1476 1337 1561 1370 ctor
1587 1331 1777 1371 Chronicz'
1793 1330 2059 1369 Beneventani
2075 1331 2123 1370 ab
2147 1330 2219 1370 An.
2246 1332 2348 1370 4443
2373 1329 2422 1368 ad

1478 1394 1592 1432 4440.
1619 1404 1696 1443 quo
1721 1403 1840 1431 usum
1865 1403 1907 1430 se
1941 1394 2132 1430 Baronius
2155 1395 2196 1430 et
2232 1391 2422 1442 pleraque

1477 1467 1526 1493 ex
1556 1466 1601 1492 eo
1632 1457 1668 1492 in
1700 1453 1875 1493 Annales
1905 1464 1999 1492 suos
2027 1453 2282 1493 transtulisse
2306 1451 2423 1503 profi-

1478 1522 1585 1554 tetur
1609 1516 1656 1554 ad
1674 1517 1749 1554 An.
1775 1516 1876 1555 4443
1901 1527 2012 1554 num.
2032 1517 2046 1554 4
2074 1514 2234 1554 sincera
2247 1513 2365 1566 plane
2389 1516 2427 1551 et

1479 1578 1632 1628 inteqra
1648 1577 1723 1628 fide
1738 1578 1931 1627 scriptum
1955 1576 2173 1624 celebrans,
2194 1579 2331 1626 utpote
2354 1575 2423 1624 qui

1479 1640 1614 1677 retulit
1638 1649 1695 1686 ea,
1717 1649 1818 1689 quae
1837 1637 1900 1676 vel
1919 1636 2019 1676 vidit
2045 1635 2109 1675 vel
2125 1635 2176 1674 ab
2197 1635 2246 1674 iis
2268 1635 2342 1687 qui
2365 1635 2426 1674 vi-

1478 1700 1623 1738 derunt
1656 1699 1824 1737 audivit.
1869 1700 1937 1737 Hic
1966 1709 2043 1736 non
2083 1697 2269 1736 diversus
2306 1701 2369 1735 est·
2402 1707 2424 1734 a

1479 1762 1734 1810 FALCONE,
1769 1761 1818 1798 de
1843 1771 1920 1810 quo
1944 1771 2064 1810 supra
2087 1770 2174 1810 pag.
2203 1760 2272 1798 55⁴
2321 1757 2424 1797 unde.

1479 1828 1588 1874 patet
1621 1823 1832 1861 Baronium
1870 1825 1980 1872 parte
2004 1822 2133 1871 priore
2164 1820 2348 1859 Chronici
2376 1820 2425 1859 ab

1480 1885 1553 1923 An.
1581 1884 1683 1923 4402
1713 1883 1760 1922 ad
1784 1884 1886 1923 4443
1910 1882 2148 1922 destitutum
2175 1882 2307 1921 fuisse.
2330 1881 2425 1921 Vide

1480 1948 1639 1996 Pagium
1664 1946 1711 1984 ad
1734 1946 1894 1984 Annum
1919 1944 2035 1984 4443.

1534 2007 1830 2047 FOLCARDUS
1853 2005 2069 2046 Monachus
2084 2004 2340 2044 Bertinianus
2356 2005 2429 2044 Or-

1480 2070 1583 2107 dinis
1619 2068 1818 2107 Benedict.
1857 2067 2159 2117 Audomaropoli
2195 2068 2234 2105 in
2270 2066 2424 2117 Artesia

1481 2132 1582 2168 circa
1607 2129 1767 2168 Annum
1791 2130 1891 2167 4050
1917 2129 2085 2178 scriptor
2113 2127 2219 2167 Vitae
2238 2128 2277 2167 S.
2294 2126 2427 2165 Aucto-

1482 2190 1611 2237 marz',
1646 2191 1828 2240 Episcopi
1857 2189 1962 2240 apud
1992 2189 2166 2227 Morinos
2201 2189 2429 2227 Tarvanen-

1483 2253 1585 2289 sium
1610 2281 1617 2298 ,
1638 2256 1678 2289 et
1702 2253 1824 2289 vitam
1849 2251 1890 2289 S.
1910 2248 2074 2298 Bertini,
2105 2250 2173 2299 qui
2202 2248 2426 2287 Audomaro

1483 2314 1678 2350 successit
1701 2317 1740 2350 et
1766 2313 1934 2350 triennio
1962 2315 2076 2361 post⁷
2101 2310 2176 2349 An.
2213 2311 2289 2348 698
2320 2309 2426 2348 obiit.

1483 2373 1707 2412 Audomarz·
1735 2375 1865 2412 Vitam
1900 2372 1969 2410 sed
2003 2371 2277 2422 interpolatam
2307 2370 2429 2410 edidit

1485 2437 1624 2475 Surius
1641 2436 1663 2472 9
1682 2433 2080 2485 Septembris.Vitam
2102 2433 2141 2471 S.
2156 2432 2303 2471 Bertini
2324 2431 2428 2470 idem
2463 2458 2465 2461 .

1485 2498 1625 2535 Surius
1642 2498 1664 2535 5
1682 2495 1937 2546 Septembris,
1950 2493 2019 2532 sed
2040 2495 2212 2544 integros
2228 2491 2276 2530 de
2294 2492 2374 2530 vita
2389 2495 2429 2530 et

1485 2558 1687 2597 miraculis
1713 2558 1750 2595 S.
1777 2557 1927 2595 Bertini
1950 2555 1997 2594 ad
2019 2555 2214 2593 Bovinum
2235 2552 2428 2591 Abbatem

1485 2631 1602 2659 suum
1620 2651 1630 2667 ‚
1654 2618 1904 2658 Mabillonius
1920 2617 2006 2656 Act.
2030 2617 2206 2655 Sanctor.
2226 2614 2424 2654 Benedict.

1485 2685 1568 2721 Sec.
1595 2682 1796 2730 lll,parte
1822 2682 1856 2719 4.
1880 2691 1966 2730 pag.
1993 2679 2082 2718 404.

1538 2741 1857 2789 FOLCARDUS,
1880 2742 1966 2779 sive
1989 2738 2328 2785 FOLCHARDUS,
2351 2736 2431 2776 An-

1485 2806 1574 2854 glus
1590 2835 1600 2853 ,
1631 2802 1847 2842 Monachus
1870 2801 2195 2848 Dorobernensis‚
2220 2799 2305 2837 sive
2330 2799 2430 2838 Can-

1486 2866 1727 2911 mariensis,
1752 2863 1913 2903 Ordinis
1935 2861 2180 2901 Benedictini
2209 2861 2432 2910 Congrega-

1486 2929 1579 2965 tioni
1611 2925 1886 2965 Cluniacensis
1908 2924 2011 2961 circa
2031 2922 2191 2962 Annum
2218 2921 2320 2961 4066
2336 2921 2432 2959 scri—

1486 2992 1565 3040 psit
1590 2988 1637 3027 ad
1662 2987 1893 3032 Aldredum,
1917 2985 2267 3035 Archiepiscopum
2286 2982 2432 3022 Ebora-

1487 3062 1648 3090 censem
1669 3079 1677 3097 ,
1704 3049 1813 3087 libris
1837 3047 1992 3086 duobus
2015 3049 2138 3085 vztam
2167 3049 2208 3085 et
2233 3042 2432 3082 miracula

1488 3111 1650 3150 ,Ioannis
1676 3108 1918 3156 Reverlaciz',
1950 3119 1998 3146 ex
2023 3106 2323 3158 Hagustaldensi
2342 3105 2435 3155 Epi-

1490 3185 1606 3225 scopo
1633 3173 1704 3210 An.
1732 3169 1819 3208 687.
1842 3169 2136 3219 Arcbiepiscopi
2158 3167 2433 3206 Eboracensis.

1485 3235 1580 3274 Vide
1606 3232 1822 3272 Lelandum
1847 3241 1932 3281 cap.
1957 3231 2048 3269 440.
2070 3229 2231 3267 Baleum
2256 3227 2303 3271 ll,
2328 3227 2377 3265 53
2393 3230 2434 3265 et

1492 3299 1665 3334 l’itseum
1703 3305 1788 3343 pag.
1816 3293 1903 3330 488.
1930 3292 2014 3328 Vita
2041 3290 2103 3328 illa
2127 3289 2207 3327 MS.
2232 3287 2433 3327 inBiblio-
