2500 4009
434 185 484 223 66
1273 180 1551 221 ALGERI

487 252 547 293 Ad
570 252 728 292 Annum
757 252 905 291 Cllristi
932 251 1030 290 4452
1059 250 1286 302 pervenisse
1308 251 1373 291 Al-

436 327 571 367 gcrum
594 315 726 353 scribit.
749 312 944 352 Antonius
965 312 1053 363 Pagi
1089 312 1137 352 ad
1161 312 1270 351 illum
1306 324 1374 353 an-

438 389 533 416 num
558 388 662 414 num.
686 376 745 413 48.

494 438 674 477 ALGERI
699 466 707 484 ,
745 438 829 475 sive
875 436 1126 477 ADELGERI
1165 435 1350 488 Episcopi
1365 467 1375 486 ‚

443 503 452 547 (
467 501 682 545 Augustani
699 499 844 545 forsan,
861 501 928 550 qui
943 499 1045 538 diem
1060 499 1200 537 obiisse
1215 498 1381 538 traditur

443 551 556 599 Anno
579 560 719 598 Cllrist
737 561 847 609 964.)
863 560 1019 600 Ordinis
1038 561 1289 608 Benedictini‚
1304 559 1384 599 Ad-

445 621 599 659 monitio
619 621 672 659 ad
693 621 932 661 Nosvinclam
952 622 1169 670 reclusam,
1192 634 1262 661 scu
1286 620 1385 660 liber

446 682 492 721 (le
514 682 641 722 studio
663 682 877 732 virtutum,
901 685 1040 735 prodiit
1065 686 1101 722 in
1123 684 1265 723 laudati
1284 684 1385 722 Pczii

446 744 658 783 Anecdotis
679 750 782 783 tomo
805 747 835 784 ll
862 748 973 785 Parte
998 747 1028 784 ll
1055 758 1138 796 pag.
1160 747 1220 785 49.

494 806 832 858 (ἱθὶΗίενοιιῃηηιε
841 808 1034 847 ALlOTTl
1045 808 1074 846 A
1082 810 1263 853 rretinuS,
1272 811 1389 846 natus

449 870 493 908 K.
519 869 593 907 Jul.
621 869 721 908 4442
741 881 802 908 an.
830 870 930 908 4430
951 881 1093 907 nomen
1116 868 1223 907 dedit
1244 868 1334 907 Ord.
1352 870 1390 907 S.

453 931 651 970 Benedicti
685 932 722 968 in
746 933 868 981 patrio
892 931 958 970 SS.
997 931 1128 969 Florae
1160 935 1199 969 et
1229 931 1394 970 Lucillao

452 994 683 1031 Monasterio
707 997 851 1031 etcum
868 1004 929 1031 an.
950 994 963 1030 4
975 993 1040 1031 434
1063 991 1292 1031 Ambrosius
1307 993 1397 1030 Tra-

453 1055 654 1093 versarius
677 1064 886 1104 supremus
907 1053 1266 1092 Camaldulensium
1289 1052 1399 1091 Anti-

451 1121 533 1154 stes
554 1115 703 1155 electus
719 1114 916 1154 Arretium
936 1125 978 1153 se
1001 1113 1233 1152 contulisset
1255 1114 1294 1151 in
1315 1110 1399 1153 8:²¹⁰

454 1177 648 1228 proposito
669 1187 759 1215 eum
777 1204 786 1223 ,
803 1187 920 1226 quem
949 1180 1064 1214 antea
1084 1179 1246 1214 noverat
1264 1175 1402 1214 confir-

452 1240 653 1286 mavit,ut
676 1249 725 1276 ex
749 1238 852 1276 illius
868 1236 1128 1288 Hodoeporico
1148 1236 1337 1277 hauritur.
1358 1239 1401 1277 ln

454 1301 617 1339 Galliam
640 1304 680 1339 ct
703 1301 740 1337 in
766 1300 1006 1338 Britanniam
1043 1310 1134 1337 cum
1167 1298 1401 1337 Bartholom.

457 1361 676 1409 Zabarella,
701 1366 796 1401 tunc
829 1360 1007 1412 Archiep.
1034 1361 1251 1411 Spalatensi
1279 1364 1319 1399 et
1345 1361 1402 1399 Jo.

455 1423 567 1463 Card.
588 1423 885 1462 Turrecremata
908 1424 1017 1461 Pont.
1040 1423 1205 1473 Eugenii
1228 1423 1277 1462 IV
1312 1421 1405 1460 Ora-

456 1491 579 1534 toreS,
600 1487 808 1535 migratus,
834 1486 871 1523 in
895 1485 1045 1524 ltaliam
1067 1496 1128 1523 an.
1160 1485 1258 1524 4440
1275 1496 1405 1524 rever-

457 1559 527 1587 sus
547 1547 595 1587 ad
617 1546 778 1586 Abbatis
801 1547 1030 1597 dignitatem
1053 1548 1274 1585 Monasterii
1294 1548 1332 1586 S.
1355 1548 1402 1585 Μ.

459 1611 496 1649 in
520 1611 686 1648 Mamma
715 1621 776 1648 an.
795 1610 895 1648 4442
923 1614 1087 1648 evectus
1122 1608 1170 1646 ad
1205 1608 1404 1658 aliumque

461 1673 529 1711 SS.
552 1672 684 1710 Florae
708 1676 747 1710 et
773 1671 940 1710 Lucillae
963 1681 1024 1710 an.
1056 1671 1156 1710 4446
1179 1669 1405 1719 translatus,

461 1734 511 1773 20
535 1734 598 1773 Jul
621 1734 719 1771 4480
744 1744 971 1784 supremum
988 1732 1091 1770 diem
1114 1731 1217 1769 obiit.
1233 1730 1407 1770 Videnda

462 1796 662 1835 volumina
684 1795 760 1834 duo
783 1796 842 1833 cui
867 1795 1007 1832 titulus

515 1856 742 1908 Hieronymi
753 1856 782 1895 A
790 1854 887 1894 liotti
898 1852 1093 1907 Epistolae
1112 1853 1293 1903 (selectae
1303 1854 1405 1893 Libri

463 1919 516 1958 lx
535 1919 775 1968 Clarorumq.
787 1918 830 1956 V.
840 1917 886 1956 ad
899 1917 1001 1965 eum)
1010 1920 1056 1965 et¹
1064 1915 1274 1968 Opuscula:
1284 1914 1404 1954 Gabr.

464 1981 514 2022 M.
523 1977 752 2019 Scarmallz'i
771 1978 892 2018 eiusd.
902 1977 995 2018 Ord.
1006 1978 1106 2017 notis
1121 1981 1160 2016 et
1170 1976 1407 2016 observatio-

465 2040 580 2081 nibus
607 2040 817 2080 illustrata.
842 2040 992 2080 Arretii
1016 2040 1103 2093 Typ.
1122 2039 1236 2079 Mich.
1259 2037 1412 2078 Bellotti

467 2104 585 2151 4769,
611 2104 631 2141 4
658 2103 786 2153 ibique
808 2102 1031 2152 Hieronymi
1067 2102 1233 2152 effigies,
1260 2102 1341 2141 vita
1369 2106 1409 2141 et

465 2176 627 2215 operum
647 2163 836 2214 syllabuS,
856 2174 905 2201 ex
921 2174 997 2213 quo
1014 2162 1109 2201 haec
1123 2173 1242 2213 quam
1265 2162 1413 2201 brevis-

467 2228 565 2265 sime
595 2227 781 2265 eruimus

521 2290 555 2327 4.
579 2288 634 2325 De
655 2286 763 2339 felici
792 2289 898 2325 statu
933 2284 1142 2336 Reliyionis
1177 2285 1414 2325 Monasticae

465 2349 520 2388 ad
539 2347 758 2388 Gabrielem
778 2347 952 2388 Monach.
984 2345 1159 2387 Camald.
1183 2346 1224 2384 in
1250 2348 1410 2385 monast.

465 2409 702 2461 Anqelorum
730 2410 880 2459 (4432.)

518 2473 554 2512 2.
583 2473 638 2511 De
664 2470 863 2511 Monachis
899 2469 1260 2519 erudiendis(Libri
1283 2469 1332 2519 11)
1361 2467 1415 2508 ad

465 2533 683 2585 Euqenium
705 2534 762 2573 IV
777 2534 884 2572 Pont.
908 2533 959 2572 Μ.
986 2533 1137 2582 (4442.)

520 2597 554 2635 3.
587 2595 720 2634 Oratio
742 2594 796 2634 ad
814 2593 972 2635 Clerum
991 2593 1258 2632 Florentinum
1276 2589 1409 2631 habita

468 2657 511 2696 Λ.
541 2659 585 2696 l).
616 2658 729 2696 4442.

521 2720 555 2757 4.
590 2719 636 2757 In
677 2719 830 2757 Funere
873 2715 1109 2757 Bartholom.
1152 2713 1411 2754 Zabbarellae

468 2781 644 2835 Archiep.
669 2780 884 2819 Florentini
917 2778 1137 2819 Florentiae
1165 2776 1251 2817 hab.
1294 2789 1328 2816 a.
1368 2777 1411 2816 D.

471 2844 582 2882 4445.

521 2907 556 2944 5.
585 2904 647 2943 Ad
670 2904 783 2943 Pium
799 2905 842 2943 II
862 2906 899 2944 P.
924 2905 970 2943 M.
985 2915 1060 2955 pro
1088 2901 1231 2954 Populo
1258 2901 1416 2944 Floren-

469 2967 544 3005 tino
566 2978 598 3005 a.
631 2968 672 3005 D.
704 2968 816 3006 4458.

521 3030 555 3067 6.
587 3028 805 3067 Gratalatio
852 3027 905 3067 ad
951 3029 1062 3068 Mam.
1091 3026 1409 3076 Beatissimumq.

471 3091 581 3128 Pium
602 3091 645 3128 ΙΙ
657 3102 732 3142 pro
753 3089 922 3142 feliciae
941 3088 1107 3129 secundo
1127 3101 1182 3128 ecc
1196 3089 1413 3129 Mantuana

464 3152 775 3203 pereqrinatione
799 3152 929 3191 reditu
947 3164 973 3190 a
995 3152 1039 3190 D.
1066 3152 1177 3192 4460.

523 3215 557 3251 7.
574 3215 634 3252 Pii
651 3215 694 3253 II
710 3216 816 3253 Pont.
839 3215 951 3253 Μιωε.
976 3212 1153 3265 Defensio
1176 3225 1210 3253 a.
1234 3214 1276 3253 D.
1297 3212 1406 3255 4466.

472 3275 569 3314 llaec
595 3280 677 3324 μυεῖ
701 3276 896 3326 Epistolas
920 3281 1022 3315 tomo
1041 3276 1084 3315 11.

1847 255 1997 296 Incdita

1499 311 1686 366 Dialoyus
1703 314 1750 355 de
1775 316 1913 368 optimo
1935 317 2038 357 vitae
2062 327 2202 369 yenere
2228 316 2395 371 deliqen-

1448 375 1495 414 do
1520 376 1672 426 (4439.)

1503 437 1559 476 De
1575 436 1713 489 futuro
1736 438 1912 479 Eclesiae
1931 444 2039 480 statu
2061 442 2212 492 (4454.)

1505 498 1682 551 Defensio
1710 500 1918 540 Francisci
1944 501 2115 554 Coppini.

1507 560 1680 612 Epistola
1702 560 1960 601 consolatoria
1977 562 2031 601 ad
2051 563 2172 602 Laur.
2197 561 2244 602 de
2262 562 2401 603 Aeaea

1456 620 1552 661 rolis
1570 623 1698 674 Episc.
1717 623 1945 662 Ametinum
1957 634 2033 674 pro
2055 622 2304 662 dulcissimae
2318 635 2401 663 ma-

1460 683 1532 722 tris
1558 682 1673 723 obitu.

1517 746 1650 785 Oratio
1665 757 1740 798 pro
1763 745 1931 796 quodam
1951 745 2132 797 reliyioso
2151 746 2370 799 composita.

1515 806 1714 860 Praefatio
1739 818 1814 858 per
1835 807 1942 846 Dom.
1979 808 2090 846 Joan.
2112 807 2142 861 f.
2166 808 2212 847 D.
2240 807 2329 848 Ant.
2357 807 2404 848 de

1465 867 1624 908 Rosellis
1644 867 1741 907 Ante
1762 868 2025 919 repetitionem
2047 870 2159 921 Leyis
2181 867 2327 908 habita.

1521 930 1653 969 Oratio
1671 941 1746 981 per
1772 941 1943 981 puerum
1968 929 2194 982 reliqiosum
2229 929 2317 970 hab.
2340 930 2404 969 ad.

1468 996 1511 1033 R.
1537 993 1582 1031 D.
1607 991 1704 1031 Phil.
1727 992 1782 1030 De
1803 991 1963 1032 Medicis
1979 991 2160 1044 Archiep.
2184 991 2380 1031 Pisarum.

1524 1054 1657 1093 Oratio
1686 1054 1731 1092 In
1757 1052 1819 1093 die
1845 1055 1885 1093 S.
1919 1052 2081 1093 Thomae
2106 1051 2324 1106 Aquinatis.

1522 1117 1569 1155 In
1595 1115 1657 1155 die
1681 1114 1858 1155 natalitio
1885 1117 1925 1156 S.
1953 1113 2160 1155 Benedicti.

1526 1179 1573 1217 In
1599 1178 1661 1218 die
1688 1179 1727 1217 S.
1756 1177 1925 1228 Aynetis.
1973 1184 1977 1189 ·

1528 1241 1605 1279 Pro
1631 1252 1729 1280 novo
1751 1238 1992 1293 presbytero.

1528 1302 1591 1341 Ad
1619 1300 1944 1342 commissarium
1968 1299 2242 1353 Apos-tolicum.

1528 1364 1576 1402 In
1597 1363 1657 1404 die
1678 1363 1775 1416 sesto
1797 1364 1866 1403 SS.
1884 1361 2027 1402 Florae
2049 1365 2087 1402 et
2105 1360 2290 1403 Lucillae.
2319 1374 2325 1380 ·

1530 1425 1668 1465 Latina
1697 1425 1898 1465 Carmina.

1529 1486 1739 1527 ALIPHAS
1762 1486 1934 1537 Augias,
1974 1486 2131 1537 scripsit
2161 1485 2202 1524 in
2239 1484 2417 1537 primum
2497 1466 2500 1513 ἶ

1475 1549 1775 1597 Sententiarum,
1791 1547 2006 1599 discipulus
2019 1545 2420 1598 GregoriiAriminen-
2498 1555 2500 1567 ¹

1477 1613 1552 1661 sis,
1575 1612 1641 1661 qui
1670 1610 1772 1649 diem
1796 1610 1888 1648 obiit
1906 1609 1979 1648 An.
2001 1609 2113 1649 4358.

1532 1670 1830 1711 ALl'l'GARlUS
1839 1700 1847 1719 ,
1856 1671 1941 1709 aliis
1949 1668 2207 1721 Halityarius,
2217 1667 2420 1710 Halitcha-

1478 1732 1567 1772 rius
1589 1733 1806 1784 Episcopus
1825 1732 1874 1770 ab
1895 1730 2009 1770 Anno
2043 1732 2131 1770 846.
2165 1731 2421 1771 Cameracen-
2498 1728 2500 1734 '

1478 1795 1533 1833 sis
1555 1798 1595 1832 et
1616 1793 1905 1842 Atrebatensis,
1929 1792 2113 1832 Ludovici
2146 1793 2202 1832 Pii
2229 1791 2252 1816 ²¹⁵
2279 1791 2328 1831 ad
2354 1792 2421 1831 Mi-

1477 1856 1651 1895 chaelem
1676 1856 1901 1908 Imperator.
1925 1854 2036 1894 CPol.
2060 1853 2134 1894 An.
2159 1854 2236 1895 828
2256 1854 2420 1905 legatus,

1476 1917 1579 1956 diem
1602 1917 1694 1956 obiit
1717 1917 1917 1956 Cameraei
1945 1915 2019 1956 An.
2043 1917 2133 1956 834.
2153 1915 2251 1967 Ejus
2271 1914 2367 1955 libri
2394 1915 2426 1955 V

1477 1978 1523 2018 de
1543 1978 1667 2028 vitiis,
1689 1976 1902 2019 virtutibus
1920 1981 1957 2017 et
1978 1976 2113 2017 ordine
2142 1975 2421 2029 poenitentium

1479 2041 1526 2080 ad
1548 2041 1723 2080 Ebonem
1750 2042 1959 2079 Remorum
1981 2040 2219 2091 Episcopum
2244 2039 2307 2088 (in
2336 2038 2424 2089 qui-
2499 2044 2500 2064 ³

1482 2103 1556 2142 bus
1596 2103 1781 2154 pleraque
1804 2102 1944 2141 similia
1983 2112 2077 2140 cum·
2121 2097 2278 2140 Rabani
2317 2099 2425 2138 libris

1483 2163 1661 2214 ejusdem
1675 2164 1895 2215 argumenti
1919 2167 2025 2201 tomo
2040 2163 2090 2202 VI
2113 2161 2309 2214 Operum)
2332 2159 2424 2199 editi
2499 2196 2500 2202 ,

1485 2227 1533 2265 ab
1556 2227 1718 2265 ilenrico
1743 2226 1896 2266 Canisio
1918 2229 2011 2263 tom.
2035 2225 2067 2264 V
2095 2224 2306 2263 lectionum
2327 2222 2427 2262 anti·
2499 2220 2500 2256 ζ

1485 2299 1651 2338 quarum
1672 2289 1783 2326 Parte
1803 2288 1836 2325 ΙΙ
1859 2298 1944 2338 pag.
1980 2285 2070 2326 227.
2102 2285 2271 2336 Igolstad
2296 2284 2426 2333 «1604,

1487 2345 1559 2399 4,*ο
1583 2353 1623 2388 et
1645 2347 1825 2387 editionis
1848 2358 1973 2387 novae
1996 2348 2260 2397 Basnagianae
2282 2350 2375 2385 tom.
2390 2346 2425 2385 11

1484 2412 1596 2450 Parte
1620 2411 1652 2449 ll
1674 2420 1758 2461 pag.
1784 2409 1835 2448 87
1857 2420 1929 2448 neo
1952 2419 2029 2447 non
2049 2409 2087 2446 in
2110 2409 2269 2447 Patrum
2287 2406 2427 2446 Biblio-

1485 2472 1611 2511 thecis
1644 2472 1772 2511 recusi
1795 2471 1928 2511 Colon.
1954 2474 2048 2508 tom.
2067 2469 2154 2509 VIII
2175 2469 2294 2508 Paris.
2324 2467 2424 2508 4654

1485 2539 1578 2573 tom.
1598 2534 1630 2573 V
1653 2538 1693 2573 et
1712 2533 1888 2584 Lugdun.
1913 2535 2007 2571 tom.
2031 2532 2131 2571 XIV.
2147 2531 2296 2570 Seoetus
2317 2529 2426 2579 liber,

1485 2607 1602 2646 quem
1619 2607 1640 2634 a
1656 2595 1796 2634 scrinio
1806 2594 2003 2637 Ecclesiae
2011 2591 2426 2644 RomanaeAlitgarius

1484 2659 1537 2698 ait
1559 2669 1601 2697 se
1625 2657 1901 2708 descripsisse,
1921 2667 1942 2695 a
1965 2655 2158 2696 Stevartio
2176 2654 2362 2705 vulgatus
2385 2653 2424 2690 in

1485 2719 1759 2770 supplemento
1787 2717 1835 2757 ad
1864 2718 2064 2758 Canisium
2096 2727 2182 2768 pag.
2211 2714 2287 2754 793
2315 2717 2355 2752 et
2382 2714 2422 2751 in

1485 2781 1724 2831 Basnagiana
1747 2778 1913 2818 editione
1927 2789 2012 2830 pag.
2037 2778 2113 2818 432
2135 2781 2174 2815 et
2196 2775 2269 2815 sub
2289 2773 2425 2813 Poeni-

1487 2841 1655 2882 tentialis
1676 2840 1840 2881 Romani
1858 2840 1970 2879 titulo
1998 2851 2019 2878 e
2042 2836 2241 2888 Corbjensi
2267 2837 2344 2876 MS.
2373 2837 2422 2876 ab

1487 2906 1648 2955 Hugone
1670 2902 1850 2943 Menardo
1872 2902 1921 2941 ad
1943 2900 2113 2951 Gregorii
2131 2900 2178 2938 M.
2202 2908 2424 2938 sacramen-

1488 2969 1630 3006 tarium
1653 2966 1770 3004 Paris.
1796 2964 1913 3012 4642,
1940 2963 1962 3001 4
1981 2972 2066 3012 pag.
2090 2959 2178 3000 237.
2207 2960 2365 3010 Confer,
2389 2961 2423 2998 si

1486 3028 1630 3080 placet,
1654 3038 1753 3077 quae
1776 3026 1909 3064 notavi
1923 3028 2014 3062 tom.
2030 3023 2096 3062 Xl.
2112 3021 2288 3061 Biblioth.
2304 3022 2422 3062 Grae·
2442 3032 2443 3038 ¹

1537 3232 1551 3246 ·
1574 3234 1622 3264 lta
1649 3230 1767 3262 rectius
1790 3229 1925 3261 caveus.
1949 3226 2032 3268 Alii,
2049 3231 2085 3262 ut
2102 3229 2241 3262 miraeus
2263 3225 2421 3268 Sigeberti

1479 3291 1550 3323 cap.
1577 3280 1635 3315 12⁶2
1655 3288 1673 3313 a
1695 3277 1809 3311 carolo
1831 3278 1870 3311 Μ.
