2500 4009
392 216 469 255 1514

393 290 607 328 Siccamae.
634 286 839 326 Arnhemii
863 284 979 324 1617,
1008 284 1040 320 1.
1067 288 1102 320 et
1128 284 1346 323 novissime

392 355 557 388 curante
583 350 623 386 l).
655 346 795 384 Carolo
819 345 1016 382 Guilelmo
1044 345 1285 394 tiaertnero,
1310 348 1345 394 a)

395 412 545 461 Lipsiae
575 409 697 447 1730.
726 407 758 444 i.
789 407 851 444 cui
883 404 1045 443 editioni
1081 412 1238 456 practer
1263 407 1346 445 edi-

394 473 488 508 toris
518 474 631 506 notas
659 477 867 505 accessere
892 471 973 505 tres
999 468 1124 517 Leges
1159 470 1346 519 tempori-

393 533 465 570 bus
490 530 616 568 Caroli
637 529 764 579 Magni
790 529 1077 578 promulgatae.

447 591 652 629 Theotatus
666 621 675 637 ,
702 592 787 628 sive
815 590 922 629 Deus
943 588 1051 628 dedit
1068 591 1316 631 FBITHONA
1337 621 1346 640 ,

389 654 555 703 Anglus.
577 653 769 699 Visisaxo,
785 662 903 691 carus
929 652 1002 691 luit
1026 653 1203 703 Gregorii
1229 655 1256 692 Ι.
1278 656 1347 703 Ρ3-

389 726 460 766 pae
488 714 682 766 discipulo
712 716 905 764 llonorio⁷
952 716 1232 755 Cantuariensi
1275 716 1348 756 Ar-

387 777 636 827 ehiepiscopo
656 808 666 825 ‚
692 778 760 827 qui
790 783 831 815 et
862 777 898 815 in
923 789 967 816 ea
1000 777 1194 829 dignitate
1230 778 1346 817 Anno

390 839 492 884 655,
522 839 558 888 b)
590 841 799 878 suecessit.
826 839 1006 878 Laudant
1035 851 1127 879 eum
1154 840 1281 889 Beda,
1311 842 1344 890 e)

389 900 616 940 Guilelmus
640 901 1032 950 Malmesburiensis‚
1058 902 1095 950 d)
1126 904 1346 942 Gervasius

386 962 713 1009 Dorobornensis,
730 965 762 1010 e)
789 968 832 1002 ut
856 963 904 1002 de
932 964 1102 1003 Lelando
1128 965 1152 1011 f)
1178 970 1345 1010 taceam,

390 1036 510 1074 quem
538 1025 694 1070 Baleus,
719 1026 755 1075 g)
787 1031 829 1064 ut
855 1026 1017 1076 Baleum
1039 1028 1194 1066 Pitseus
1219 1027 1255 1074 h)
1277 1039 1346 1066 ex-

388 1087 583 1125 scribunt.
617 1087 723 1126 Vitas
747 1086 1145 1139 Areln'epe'scoporum
1170 1089 1346 1129 Cancua-

386 1159 582 1186 mensium
605 1153 792 1188 accurate
817 1149 1001 1200 penicillo
1025 1151 1224 1190 Orationis
1247 1162 1344 1190 suae

385 1209 582 1260 depinxit.
607 1210 713 1249 Obiit
737 1211 852 1249 Anno
883 1212 1035 1250 Cllristi
1063 1213 1152 1250 661.
1181 1213 1343 1252 Ercom-

385 1271 511 1320 berti,
558 1272 843 1312 Cantianorum
892 1274 1031 1324 Regis,
1084 1275 1341 1326 temporibus.

385 1334 488 1371 llaec
515 1334 680 1373 Vossius
718 1345 806 1385 pag.
848 1335 923 1374 750
962 1338 1030 1387 qui
1056 1337 1094 1374 in
1119 1348 1165 1375 eo
1197 1337 1343 1376 fallitur

385 1406 479 1434 cum
507 1397 649 1444 pitseo,
680 1397 784 1447 quod
811 1398 920 1436 Vitas
945 1398 1341 1451 Archiepiscoporum

387 1457 738 1498 Cantuariensium
779 1462 834 1498 ait
877 1471 898 1499 a
938 1461 1122 1500 Frithona
1157 1466 1341 1501 accurate

390 1520 560 1569 scriptas
582 1520 730 1569 fuisse,
756 1532 847 1560 nam
877 1521 926 1560 de
954 1523 1164 1566 Gervasio,
1191 1534 1266 1561 non
1292 1522 1341 1562 de

388 1581 573 1620 Frithona
613 1582 685 1621 hoc
715 1583 904 1623 traditum
935 1596 956 1623 a
981 1584 1176 1632 Lelando,
1206 1585 1341 1624 Baleo—

387 1654 465 1692 quc
487 1672 495 1689 ⁷
521 1643 710 1694 legerant.

438 1705 771 1746 FBODOARDL'S
801 1709 1038 1756 Remensis‚
1063 1711 1129 1759 qui
1160 1709 1234 1747 An.
1259 1710 1336 1747 966

381 1765 659 1813 obiit,auctor
687 1768 870 1807 Chronici
915 1771 1004 1820 plus
1043 1771 1211 1821 simplici
1249 1773 1336 1810 vice

380 1827 474 1865 editi
495 1828 544 1866 ab
563 1829 637 1869 An.
659 1831 735 1869 919
764 1831 811 1869 ad
843 1832 919 1870 966
939 1843 1071 1883 supra,
1089 1832 1337 1872 FLODOAR-

383 1888 489 1928 liUS.
520 1890 594 1929 Ab.
618 1891 690 1930 hoc
713 1892 927 1933 diversus:

433 1952 767 1994 FRODOABDUS
789 1956 1005 1996 Monachus
1031 1958 1070 1996 S.
1095 1957 1235 1996 Albani
1260 1959 1336 1997 cir-

380 2024 424 2051 ea
446 2013 607 2053 Annum
640 2017 754 2055 1000.
781 2022 920 2056 auctor
943 2019 1125 2057 Chronici
1150 2021 1198 2059 ab
1219 2021 1336 2060 Octa-

378 2076 494 2114 viano
520 2078 762 2127 Imperatore
787 2091 915 2129 usque
947 2080 994 2118 ad
1025 2081 1187 2120 Annum
1216 2083 1336 2121 Cllri-

383 2139 432 2174 sti
463 2139 553 2176 996.
576 2144 617 2176 ct
653 2142 871 2179 continuati
897 2153 918 2180 a
944 2143 1221 2192 iilileiAiO,
1247 2145 1333 2181 sive

382 2199 674 2238 BEGINALDO
696 2230 703 2248 ‚
750 2203 1036 2241 Archidiacono
1079 2204 1116 2242 S.
1161 2206 1332 2243 Mauricii

381 2259 685 2309 Andegavensis
711 2293 718 2309 ,
759 2275 887 2313 usque
931 2265 977 2304 ad
1011 2265 1172 2304 Annum
1218 2267 1332 2305 1277.

382 2323 458 2361 MS.
475 2323 511 2359 in
536 2323 721 2362 Vaticana
743 2326 762 2372 i)
782 2326 882 2363 inter
900 2326 1017 2364 libros
1034 2328 1202 2377 Reginae
1224 2328 1329 2367 Chri-

382 2385 507 2421 stinae
533 2396 640 2422 num.
674 2386 747 2424 261
771 2392 810 2424 et
842 2399 933 2426 eum
959 2391 1254 2429 continuatione
1294 2392 1330 2429 in

383 2445 617 2484 Bibliotheca
639 2448 884 2495 Cottoniana7
915 2449 1032 2499 cujus
1057 2451 1146 2489 vide
1177 2452 1332 2490 Catalo-

380 2518 472 2556 gum
502 2518 521 2544 a
554 2508 702 2547 Thoma
734 2510 890 2548 Smitho
922 2511 1074 2550 editum
1108 2525 1192 2563 pag.
1223 2515 1284 2552 69.

438 2567 635 2607 Jolismnes
662 2571 982 2611 FBOSSABDL'S
1002 2574 1241 2626 rFroyssart)
1260 2577 1334 2616 Va—

384 2630 653 2681 lent-emensis,
678 2634 763 2671 sive
788 2634 1047 2673 Valentianus
1071 2637 1117 2674 ad
1140 2638 1331 2687 Scaldim,

386 2694 609 2733 tlanonieus
645 2706 689 2733 ac
731 2696 1022 2736 Thesaurarius
1061 2698 1337 2739 Chimacensis

389 2754 424 2789 in
449 2753 618 2793 dioecesi
645 2757 848 2795 Leodiensi
869 2788 875 2803 .
900 2761 1001 2796 inter
1031 2760 1244 2799 llistorieos
1267 2763 1336 2800 La-

434 2823 469 2861 a)
495 2827 575 2855 Acta
603 2826 817 2859 Eruditorum
843 2832 902 2860 An.
928 2829 1019 2862 1750.
1044 2839 1118 2871 pag.
1142 2832 1215 2863 5225.

437 2873 469 2910 h)
498 2874 654 2905 warttion
682 2878 775 2915 Angl.
800 2887 887 2910 sacr.
912 2884 992 2912 tom.
1022 2881 1034 2911 1
1063 2890 1138 2921 pag.
1162 2882 1215 2912 95.

443 2924 475 2961 c‘)
500 2924 570 2955 Lib.
596 2927 650 2956 ΙΙΙ.
675 2926 753 2958 hist.
778 2929 872 2967 Angl.
899 2939 971 2970 cap.
996 2932 1047 2962 ⁶20.
1073 2936 1105 2963 et
1130 2934 1181 2963 lv.
1208 2931 1236 2963 1.

436 2972 454 3003 «l
496 2973 565 3004 Lib.
585 2975 607 3004 Ι.
629 2976 667 3006 «le
686 2979 784 3014 gestis
804 2980 998 3011 l’ontilitum
1018 2982 1199 3020 Anglorum
1218 2991 1248 3021 p.
1268 2981 1338 3013 wo.

435 3030 466 3057 e)
492 3023 528 3053 ln
554 3024 688 3055 Actibus
721 3029 919 3060 Pontificum
943 3031 1162 3063 (Iatlluarens.
1189 3040 1221 3070 p.
1247 3031 1337 3062 1636.

380 3074 468 3099 niti-r
491 3073 525 3101 x.
551 3074 732 3112 scriptores
757 3076 857 3109 Lond.
885 3078 975 3110 1052.
1003 3078 1060 3112 sol.

437 3119 469 3156 l')
496 3123 574 3160 (lap.
600 3123 651 3154 56.

434 3177 467 3205 g)
496 3172 529 3200 X.
557 3173 594 3202 ΙΙ.

439 3216 471 3252 h)
496 3217 573 3256 Pag.
601 3220 669 3251 109.
699 3232 766 3263 seq.
791 3225 831 3255 de
854 3227 1073 3266 scriptoribus
1096 3227 1192 3267 Angl.

436 3267 471 3301 is
497 3269 585 3306 Jaeq.
621 3270 649 3300 le
683 3274 771 3309 Long
796 3274 1026 3314 bibliotheque
1070 3277 1268 3316 ilistorique
1297 3278 1335 3307 tle

376 3312 404 3342 la
430 3316 552 3347 France
577 3325 668 3351 num.
694 3320 805 3352 14710.

1182 215 1577 258 FRITHONA

1419 290 1524 328 tinos
1542 301 1562 329 a
1584 291 1722 330 Vossio
1742 294 1807 332 iti.
1825 296 1860 334 4.
1875 297 2119 345 celebratur,
2136 307 2365 347 quanquam

1419 352 1564 390 Gallice
1591 354 1749 402 scripsit
1778 355 1995 396 Historiam
2014 369 2151 398 rerum
2174 356 2226 396 ab
2254 358 2366 396 Anno

1421 414 1538 454 4326.
1555 413 1607 452 ad
1624 415 1743 454 1400.
1764 420 1969 466 qestamm
1991 421 2037 460 ad
2060 420 2290 460 Eduardum
2323 421 2370 459 ll.

1418 475 1582 526 Angliae
1606 478 1770 527 Regem,
1793 480 1911 530 cujus
1945 482 2132 533 Conjugis
2164 480 2368 534 Philippa-e

1418 539 1607 587 Reginae,
1645 539 1828 579 Guilelmi
1868 543 1932 580 111.
1975 544 2094 591 Βοηί,
2137 544 2364 584 Harmoniae.

1420 600 1727 652 llollandiaeque
1751 602 1916 643 Comitis
1939 605 2040 644 filiae
2058 603 2194 645 laudes
2212 604 2367 646 duobus

1420 660 1534 700 libris
1564 663 1699 707 iti-dom
1725 666 1797 704 fuit
1817 666 2066 717 complexus.
2086 667 2253 707 Historia
2277 669 2339 708 illa
2359 698 2367 717 ‚

1421 727 1457 763 in
1483 736 1560 775 qua
1584 729 1669 765 tum
1691 727 1789 765 aliae
1813 738 1878 766 res
1903 727 1967 766 illo
1991 731 2169 778 tempore
2197 739 2267 779 per
2289 730 2368 769 Eu-

1418 798 1552 837 ropam
1589 791 1747 838 gestae,
1786 792 1872 828 tum
1901 789 2004 828 bella
2044 789 2247 829 Gallorum
2275 802 2367 830 cum

1419 848 1556 899 Anglis
1579 853 1814 898 narrantur,
1844 850 2023 900 prodiere
2043 850 2192 890 Gallice
2216 851 2250 895 a)
2275 861 2368 891 cum

1418 910 1615 960 Anonymi
1646 912 1941 950 continuatione
1971 911 2019 950 ad
2058 910 2220 952 Annum
2255 913 2370 952 1498.

1419 972 1577 1010 Parisiis
1602 971 1716 1011 1503.
1748 977 1919 1023 quatuor
1942 973 2218 1013 Voluminibus
2242 973 2306 1012 fol.
2330 977 2371 1013 et

1420 1034 1534 1072 4505.
1566 1035 1694 1074 tribus
1716 1035 2010 1083 Voluminibus,
2049 1039 2090 1074 et
2125 1046 2216 1076 cum
2246 1036 2372 1075 conti-

1419 1098 1604 1134 nuatione
1633 1096 1682 1135 ad
1716 1096 1877 1137 Annum
1903 1098 2018 1137 1513.
2043 1097 2172 1138 tribus
2194 1098 2371 1137 Volumi-

1417 1158 1534 1196 nibus
1559 1158 1622 1197 fol.
1642 1159 1814 1211 denique
1837 1171 1886 1198 ex
1910 1159 2087 1209 Dionysii
2114 1160 2285 1209 Salvagii
2310 1171 2371 1198 re-

1416 1221 1602 1258 censione
1619 1221 1799 1271 Lugduni
1825 1222 2066 1262 1559-1561.
2087 1233 2190 1273 quae
2210 1221 2370 1260 nitidior

1416 1282 1617 1332 rariorque
1654 1287 1717 1321 est
1753 1283 1898 1332 editio,
1922 1288 1963 1322 et
1994 1284 2115 1323 Paris.
2158 1283 2273 1324 4574.
2303 1283 2367 1322 fol.

1414 1347 1586 1393 quatuor
1620 1344 1911 1385 Voluminibus.
1934 1347 2013 1384 Has
2033 1345 2204 1384 Gallicas
2233 1344 2372 1384 editio-

1415 1416 1486 1443 nes
1511 1406 1583 1443 viri
1609 1405 1711 1445 docti
1751 1411 2058 1457 conqueruntur
2081 1406 2117 1455 b)
2142 1418 2282 1458 parum
2306 1417 2371 1446 ac-

1413 1471 1571 1506 curatas
1594 1478 1705 1517 esse,
1730 1469 1957 1508 nominibus
1987 1469 2246 1519 numerisque
2279 1478 2369 1519 pas-

1413 1529 1488 1566 sim
1516 1531 1736 1580 corruptis:
1768 1529 1837 1568 sed
1863 1531 2008 1579 J'ustior
2045 1530 2165 1568 etiam
2207 1528 2370 1580 querela

1411 1594 1491 1637 est,
1515 1602 1634 1640 quam
1656 1591 1810 1630 collatio
1827 1591 2016 1631 Codicum
2037 1592 2238 1631 MStorum
2259 1589 2368 1640 ejus-

1410 1651 1502 1690 dem
1539 1654 1669 1703 operis
1706 1652 1959 1704 suppeditat,
2001 1653 2034 1702 c)
2071 1653 2201 1703 qualis
2229 1656 2364 1690 exstat

1412 1713 1634 1763 insignibus
1667 1716 1832 1765 picturis
1861 1719 2078 1754 exornatus
2107 1714 2367 1753 Vratislaviae

1410 1776 1447 1812 in
1473 1775 1712 1814 Bibliotheca
1731 1775 2019 1826 Rhodigeriana
2036 1769 2212 1826 qhatuor
2232 1775 2371 1825 ingen-

1409 1837 1516 1875 tibus
1555 1837 1848 1885 Voluminibus,
1887 1841 1928 1875 et
1965 1836 2014 1876 de
2051 1849 2131 1888 quo
2167 1836 2265 1875 haec
2295 1836 2362 1874 Vir

1409 1899 1665 1938 Clarissimus
1688 1899 1846 1938 Gottlob
1869 1899 2084 1938 Krantzius
2109 1899 2145 1936 in
2166 1907 2360 1936 memora-

1409 1959 1552 1999 bilibus
1588 1960 1692 2000 illius
1715 1959 1979 1999 Bibliothecae
2003 1960 2049 1998 A.
2077 1959 2192 1999 1699.
2217 1957 2254 1998 [ι.
2280 1958 2362 1997 edi-

1409 2023 1461 2060 tis
1480 2034 1566 2073 pag.
1589 2022 1652 2060 87.
1675 2022 1760 2061 Non
1781 2033 1877 2073 neyo
1900 2033 2088 2073 maqnam
2106 2020 2365 2073 picturarum

1409 2082 1643 2134 eleyantiam
1661 2094 1761 2132 esse3
1784 2083 1855 2122 secl
1875 2084 2034 2136 majora
2053 2082 2115 2122 hic
2133 2085 2243 2131 sunt,
2261 2093 2365 2133 quae

1408 2145 1585 2183 animum
1605 2157 1733 2184 meum
1754 2144 1945 2197 afficiunt.
1974 2147 2094 2184 Putat
2113 2143 2223 2183 orbis
2255 2142 2363 2182 Eru-

1409 2206 1538 2251 (le'tus,
1563 2217 1605 2245 se
1628 2210 1784 2245 temtum
1809 2207 2027 2245 Froissardi
2059 2205 2213 2257 eqreqie
2236 2205 2367 2256 possi-

1407 2268 1525 2315 dere,
1551 2280 1666 2319 quem
1688 2269 1901 2318 Dionysius
1925 2269 2163 2317 Salvagius‚
2188 2266 2225 2313 d)
2248 2265 2363 2316 Reyis

1408 2330 1573 2369 llenricz·
1591 2331 1642 2368 II.
1657 2330 1798 2381 jussu,
1823 2328 2150 2382 quinquaqesimo
2170 2338 2270 2366 nono
2295 2338 2364 2367 su-

1465 2390 1498 2428 a)
1528 2390 1611 2422 ibid.
1636 2399 1730 2423 num.
1756 2390 1850 2422 7295.

1459 2441 1494 2477 b)
1516 2440 1695 2479 Plerosque
1719 2440 1839 2471 horum
1861 2448 2015 2472 errorum
2037 2443 2205 2472 correctos
2228 2446 2301 2472 esse
2329 2440 2363 2470 in

1399 2490 1546 2521 editione
1585 2490 1785 2529 Anqtscana
1822 2489 1985 2521 soti-annis
2020 2489 2232 2526 ementerii,
2272 2490 2369 2528 jussu

1399 2541 1529 2571 tic-nrici
1565 2541 1647 2570 vill.
1672 2539 1832 2578 vulgata,
1862 2543 1956 2570 notat
1991 2538 2184 2571 wilhelmus
2217 2537 2372 2570 Nicolso-

1403 2598 1463 2619 nus
1493 2590 1525 2619 in
1551 2588 1756 2619 Bibliotheca
1782 2588 1947 2619 historica
1971 2586 2099 2628 Anglic.
2117 2596 2191 2628 pag.
2217 2586 2269 2618 67.
2287 2586 2370 2617 Bel-

1400 2639 1516 2677 {liram
1539 2639 1728 2669 versionem
1753 2639 1874 2668 MStam
1900 2637 2020 2668 habuit
2043 2638 2190 2669 vossius.
2213 2639 2254 2667 Et
2283 2636 2370 2675 typis

1402 2689 1602 2727 exscriptam
1645 2692 1809 2719 memorat
1853 2687 1984 2726 longus
2015 2695 2073 2726 per
2101 2687 2270 2718 Gerritum
2306 2692 2371 2716 van

1405 2737 1463 2767 ‹ler
1485 2739 1549 2767 Loo
1567 2761 1576 2774 ‚
1603 2739 1636 2768 in
1662 2737 1717 2768 rol.

1463 2785 1494 2819 c]
1518 2788 1563 2817 De
1588 2786 1662 2817 aliis
1686 2787 1782 2817 MStis
1809 2786 1960 2817 valerius
1984 2785 2130 2816 Andreas
2163 2782 2369 2816 Bibliotheca

1404 2835 1536 2873 Belgica
1565 2844 1642 2875 pag.
1670 2835 1748 2866 503.
1772 2834 1925 2866 oudinus
1948 2838 2017 2865 tom
2053 2833 2073 2865 5
2097 2840 2173 2873 pag.
2195 2831 2290 2864 2225.
2307 2835 2373 2864 etc.

1469 2884 1505 2923 (1)
1529 2887 1675 2915 ,loannes
1700 2884 1729 2915 le
1753 2884 1945 2915 Laboui-vur
1968 2883 2056 2923 apud
2080 2885 2231 2922 Longum
2247 2880 2373 2913 Biblio-

1401 2932 1447 2963 th.
1473 2933 1590 2965 histor.
1626 2934 1748 2966 Gallie.
1773 2943 1838 2973 pag
1874 2933 1948 2965 568.
1971 2932 2082 2964 Derris
2106 2932 2289 2972 sauvaqe,
2313 2931 2373 2971 qui

1404 2990 1425 3010 α
1447 2983 1555 3012 remis
1579 2991 1662 3012 sous
1691 2982 1726 3014 la
1743 2991 1863 3023 presse
1882 2982 2063 3022 plusieurs
2081 2981 2228 3012 anetem
2250 2980 2371 3018 liores,

1400 3035 1431 3061 el
1459 3031 1635 3070 plusieurs
1666 3036 1789 3062 autres
1807 3033 1867 3072 qui
1891 3035 1953 3063 ont
1976 3029 2148 3063 travaille'
2167 3029 2272 3071 apres
2295 3029 2370 3069 lui,

1400 3085 1459 3110 υηι
1483 3081 1600 3120 placor
1626 3080 1809 3121 disyrs'ieie
1834 3080 1894 3121 qui
1919 3079 2065 3112 illustre'
2086 3079 2187 3112 notre
2204 3079 2365 3117 histoire,

1402 3134 1433 3160 ec
1467 3132 1504 3160 n'
1537 3135 1599 3161 ont
1642 3132 1736 3162 servi
1757 3131 1817 3171 qni
1839 3129 1861 3161 ὰ
1886 3131 2016 3162 rendre
2039 3130 2090 3162 les
2113 3129 2312 3170 oriqinauae
2335 3131 2369 3159 et

1400 3179 1454 3209 les
1478 3179 1674 3219 pre'mie‘res
1697 3181 1852 3212 editions
1871 3181 1952 3220 plus
1966 3188 2068 3210 raros
2085 3179 2120 3211 el
2135 3178 2214 3219 plus
2232 3175 2361 3214 che'rex,

1399 3229 1440 3258 cle
1464 3229 1499 3259 Ia
1520 3231 1637 3261 vieille
1667 3230 1865 3269 Clironiqne
1889 3230 1930 3260 de
1955 3228 2132 3261 Flandres
2148 3249 2158 3264 ‚
2181 3225 2223 3256 de
2244 3224 2369 3256 Frois-

1399 3283 1476 3308 sart
1493 3303 1502 3316 ‚
1528 3280 1569 3307 da
1593 3280 1835 3319 monstrelet,
1861 3280 1903 3309 (le
1930 3277 2096 3317 Philippo
2120 3275 2161 3306 cle
2189 3274 2367 3315 cumines,

1400 3329 1442 3358 de
1466 3330 1659 3369 Joinville,
1684 3334 1715 3360 e!
1740 3330 1775 3359 11¹
1793 3333 1916 3360 autres
1941 3326 2117 3357 excellens
2146 3324 2368 3358 Histoi-iens,
