2500 3841
857 202 1292 242 ANTONINUS

121 276 283 316 Joannis
305 273 354 313 de
378 273 496 312 Plano
516 272 700 322 Carpin0,
725 269 799 310 An.
827 273 940 311 4246.

119 338 212 377 Julii
227 337 260 375 11
277 337 402 387 Papae
417 347 487 386 per
502 334 742 373 Hadrianum
757 333 1018 386 Cardinalern,

69 404 110 439 et
130 398 236 450 apud
260 399 450 449 Bzoyium
474 397 524 436 ad
547 395 593 435 A.
626 397 739 435 4506.

119 462 260 500 Leonis
282 461 337 499 IX
361 459 452 498 vide
474 457 703 497 Anselmus.

117 523 259 562 Leonis
281 523 317 561 X
340 522 512 560 Bzovius
540 519 590 559 ad
613 518 687 559 An.
713 522 815 567 4545
846 533 882 560 n.
910 523 932 560 3
973 522 1020 562 47

63 597 113 624 ex
135 585 280 624 Parisio
303 584 354 623 de
372 583 543 622 Grassis.

115 645 296 686 Andreas
319 645 560 685 Leucander.
585 656 716 697 supra.

113 708 272 749 Andrea
308 708 357 748 de
394 708 588 758 Lucimel,
612 708 698 747 sive
723 709 1018 760 Longiumello,

61 770 108 810 A.
135 772 250 812 4253.

112 835 286 873 Joannes
300 833 349 873 de
367 833 617 873 Mandeville.
632 832 705 872 An.
720 835 821 874 4332
838 846 910 873 suo
925 835 1020 873 loco.

111 895 309 949 Anonymi
328 895 610 945 Mahometani,
634 908 804 947 quorum
823 897 922 936 alter
941 896 1022 935 An-

65 970 115 998 no
130 959 200 998 854
233 959 273 996 in
295 958 469 1007 Indiam,
487 959 587 998 alter
603 958 680 998 877
705 960 744 998 in
760 959 928 999 Chinam
949 960 1024 997 iter

62 1021 166 1059 fecit.
190 1021 410 1072 Descriptio
433 1019 580 1060 Gallice
604 1021 708 1060 edita
730 1033 822 1061 cum
847 1021 950 1059 notis
972 1019 1022 1059 ab

58 1082 229 1122 Eusebio
251 1082 482 1122 Renaudoto
505 1084 662 1122 Parisiis
686 1083 800 1128 4748,
823 1083 860 1132 8,
876 1081 925 1120 de
952 1093 1021 1120 cu-

55 1143 123 1194 jus
146 1143 222 1183 fide
241 1144 478 1184 conferenda
500 1156 669 1183 censura
692 1145 731 1183 P.
752 1143 801 1182 de
820 1145 1018 1182 Premare:

61 1206 201 1245 lettres
232 1206 441 1246 edifiantes
460 1212 554 1245 tom.
578 1207 673 1245 XIX
697 1218 734 1257 p.
759 1206 834 1245 420
858 1216 967 1255 seqq.

110 1269 281 1308 Barthol.
296 1270 504 1308 Montuccii
517 1268 675 1307 Ordinis
684 1267 1014 1316 Praedicatorum,

107 1392 251 1431 Nicolai
279 1392 595 1431 Botrontinensis
632 1390 680 1431 de
717 1391 857 1431 itinere
889 1392 1022 1431 Italico

56 1454 211 1493 Henrici
233 1454 300 1493 VII
326 1455 432 1504 Imp.

103 1515 248 1554 Nicolai
269 1516 412 1555 Veneti
436 1516 516 1554 Iter
539 1515 719 1555 Indicum
746 1517 785 1554 in
811 1517 941 1569 Poggii
976 1517 1001 1555 li

55 1578 124 1616 bro
146 1578 196 1617 IV
219 1577 269 1616 de
288 1578 480 1617 varietate
504 1578 695 1617 fortunae.

103 1638 252 1678 Odonis
286 1639 498 1691 descriptio
533 1641 686 1679 itineris
725 1640 911 1680 Ludovici
942 1642 1011 1681 Vll

54 1702 92 1739 in
122 1701 340 1740 Orientem.

104 1762 257 1801 Odorici
282 1763 561 1813 Forojuliensis
584 1763 658 1802 An.
682 1764 796 1804 4327.

102 1824 219 1863 Blasii
238 1824 375 1862 Ortizii
389 1823 438 1863 de
454 1826 593 1864 itinere
608 1825 793 1865 Hadriani
808 1827 857 1865 Vl
878 1828 927 1866 ab
942 1829 1010 1867 Hi-

59 1887 196 1937 spania
218 1887 382 1925 Romam
404 1898 546 1937 usque.

104 1949 152 1987 M.
178 1949 323 1988 Paulus
345 1949 523 1988 Venetus
542 1950 645 1988 circa
667 1949 713 1989 A.
740 1953 841 1991 4295
865 1964 915 1991 ex
942 1953 1012 1990 La—

53 2010 136 2049 tina
163 2011 346 2049 versione
374 2011 572 2050 Francisci
600 2012 725 2064 Pipini
752 2013 844 2051 Ord.
874 2013 1008 2052 Praed.

54 2072 156 2111 circa
180 2071 254 2111 An.
281 2073 394 2112 4346.

101 2135 298 2173 Francisci
324 2135 558 2174 Petrarchae
592 2136 838 2176 itinerarium
869 2138 906 2175 in
937 2138 1011 2188 Sy-

59 2207 169 2235 riam.

103 2258 208 2298 Petri
231 2257 371 2299 Amelii
401 2259 450 2298 de
478 2261 671 2309 Brenaco,
696 2259 920 2300 Alectensis
935 2262 1011 2300 iter

54 2320 229 2371 Gregorii
250 2323 305 2360 XI
326 2320 529 2373 Avenione
550 2323 727 2362 Romam.
884 2313 886 2316 ¹

101 2381 297 2422 ,lohannes
313 2382 463 2422 Phocas
489 2382 535 2422 A.
554 2386 669 2434 4485,
688 2385 736 2424 de
752 2397 831 2436 quo
848 2390 941 2425 tom.
958 2387 1006 2425 vi

51 2444 147 2482 Bibl.
170 2444 342 2484 Graecae
364 2457 401 2496 p.
426 2445 516 2485 705.

102 2505 273 2556 Ratgerii
293 2506 535 2545 Veronensis
564 2508 807 2548 itinerarium
842 2511 1008 2549 Romam

57 2567 204 2605 euntis.

104 2627 361 2679 Geographus
373 2629 598 2679 Ravennas,
613 2630 662 2669 de
677 2644 755 2683 quo
772 2633 810 2671 in
827 2633 1006 2672 Biblioth.

51 2690 198 2728 Latina.

103 2751 249 2790 Ricoldi
272 2751 321 2791 de
341 2753 470 2792 Monte
495 2754 653 2803 Crucis,
673 2754 764 2793 Ord.
786 2755 921 2795 Praed.
943 2755 1011 2795 de-

54 2813 177 2853 functi
205 2813 250 2852 A.
283 2814 396 2854 4309.

109 2875 295 2915 Guilelmi
317 2876 365 2916 de
388 2877 615 2928 Rubruquis
637 2876 682 2916 A.
710 2878 823 2916 4253.

106 2938 256 2988 Rutilii,
278 2938 326 2978 de
350 2951 428 2990 quo
450 2940 489 2977 in
514 2939 609 2978 Bibl.
635 2940 783 2978 Latina.

108 3001 244 3040 Simon
272 3000 321 3040 de
344 3001 446 3041 bello
469 3001 568 3050 loco,
589 3012 726 3052 supra,
751 3000 955 3052 Burdegal.

109 3063 246 3102 Simon
273 3062 322 3103 de
343 3063 381 3103 S.
405 3064 593 3110 Quintino
616 3063 662 3102 A.
690 3063 803 3102 4246.

107 3123 260 3164 Tabula
282 3126 601 3178 Peutingeriana‚
617 3124 666 3164 de
681 3136 759 3175 qua
774 3125 812 3162 in
830 3124 1009 3164 Biblioth.

56 3186 205 3225 Latina.

107 3246 348 3300 Theodulpbi
366 3248 663 3292 Aurelianensis
685 3251 926 3290 itinerarium
947 3250 1009 3290 lib.

61 3308 112 3348 111
135 3319 256 3350 carm.
281 3312 343 3353 42.

1983 204 2059 242 113

1153 274 1334 313 Venantii
1365 274 1567 312 Fortunati
1597 273 1660 312 lib.
1691 274 1726 311 X
1756 273 1929 312 carmine
1959 275 1982 311 9
2018 280 2057 312 ct

1100 338 1172 386 XI,
1197 336 1259 377 27.

1149 398 1362 438 Gaufridus
1378 399 1607 439 Vinisalvus
1626 410 1649 438 a
1668 398 1762 437 Tho.
1791 397 1911 437 Galeo
1925 397 2056 437 editus

1096 472 1216 512 supra
1245 462 1305 499 98.

1149 523 1406 562 Willebrandi
1440 522 1489 561 dc
1526 523 1772 574 Oldenburg,
1810 522 2054 562 itinerarium

1095 589 1224 623 terrae
1249 585 1418 623 Sanctae
1442 583 1514 622 An.
1542 585 1656 623 4214.

1148 646 1383 696 Willibaldi,
1407 645 1456 684 de
1480 657 1582 695 quo,
1604 651 1647 684 ut
1668 645 1716 683 dc
1741 647 1830 695 aliS,
1856 647 1955 685 infra
1980 658 2052 686 suo

1098 709 1193 747 loco.
1488 734 1508 756 ,Ε
1564 734 1584 757 ,ἓ
1641 736 1660 754 2.

1150 770 1281 808 Placet
1298 769 1388 808 huic
1413 768 1584 808 indiculo
1608 769 1770 807 brevem
1794 770 1914 809 alium
1935 772 2054 810 ctiam

1097 830 1337 882 subjungere
1352 830 1591 883 scriptorum
1607 830 1839 879 recentium,
1857 834 1922 882 qui
1940 832 2056 870 Avie-

1096 895 1154 942 ni,
1192 894 1343 941 Rutilii,
1369 893 1547 932 Teodulfi
1584 897 1624 931 et
1657 893 1840 932 Venantii
1874 895 2055 944 exemplo

1095 956 1234 993 itinera
1258 966 1349 1004 sua,
1365 955 1430 994 vel
1450 955 1630 1003 aliorum,
1652 955 1790 993 Latino
1809 954 2055 1005 descripsere

1095 1018 1281 1056 carmine.

1149 1080 1271 1118 Isaaci
1300 1082 1462 1119 Barrow
1495 1081 1568 1119 iter
1607 1080 1851 1118 maritimum
1889 1091 1910 1117 a
1939 1084 2056 1130 portu

1095 1143 1293 1191 Ligustico
1331 1143 1701 1193 Constantinopolin
1739 1141 1783 1180 A.
1824 1141 1928 1181 46-’37
1952 1146 2063 1180 tomo.

1096 1208 1237 1254 quarto
1261 1205 1434 1254 Operum
1459 1216 1543 1254 pag.
1569 1204 1751 1243 eii—226
1781 1208 1961 1254 poemate
1978 1203 2057 1241 ele-

1096 1267 1217 1316 giaco.
1245 1266 1409 1305 Londini
1436 1268 1537 1306 4683
1569 1267 1630 1304 fol.

1149 1329 1305 1367 Martini
1330 1329 1504 1368 Braschii
1540 1328 1822 1379 hodoeporicon
1853 1328 2061 1366 Germani-

1095 1402 1200 1429 cum.
1226 1392 1329 1441 Lips.
1357 1392 1475 1439 4598,
1500 1392 1523 1429 8
1547 1395 1586 1429 et
1610 1396 1703 1429 tom.
1728 1392 1741 1429 Ι
1766 1390 1935 1428 deliciar.
1967 1393 2058 1440 po'e-

1097 1457 1167 1491 tar.
1194 1453 1416 1491 Germanic.
1442 1465 1478 1504 p.
1503 1452 1699 1491 748-«744.

1147 1515 1338 1554 Joachimi
1360 1515 1572 1554 Camerarii
1590 1513 1847 1564 hodoeporica
1866 1518 1892 1550 t.
1910 1514 1942 1551 ll
1960 1513 2055 1551 deli—

1093 1579 1184 1616 ciar.
1209 1581 1359 1629 poetar.
1389 1578 1574 1616 German.
1593 1588 1629 1626 p.
1657 1575 1723 1623 47,
1739 1576 1803 1622 22,
1819 1576 1881 1625 24,
1908 1577 1970 1624 39,
1990 1576 2049 1613 46.

1143 1640 1333 1679 Nathanis
1375 1639 1562 1689 Chytraei
1585 1639 1660 1676 iter
1687 1637 1917 1689 Anglicum,
1948 1637 2052 1675 ltali-

1088 1713 1206 1751 cum,
1250 1702 1501 1741 Helveticum
1521 1730 1528 1749 ,
1574 1702 1873 1739 Dantiscanum.
1921 1701 2049 1738 Brem.

1091 1766 1212 1812 4646,
1245 1765 1307 1804 42.

1140 1827 1296 1878 Georgii
1319 1827 1483 1865 Fabricii
1523 1828 1597 1864 iter
1623 1828 1844 1864 Romanum
1874 1825 1984 1874 prius
2013 1828 2053 1861 ct

1085 1890 1305 1940 posterius,
1340 1900 1414 1927 nec
1451 1900 1529 1927 non
1559 1889 1824 1935 patavinum,
1863 1885 2052 1923 Chemni-

1084 1962 1203 1989 cense
1227 1955 1268 1990 et
1286 1950 1640 2001 Argentoratense,
1663 1951 1766 1988 inter
1785 1950 1872 1998 ejus
1892 1952 2051 1998 poema-

1084 2017 1148 2061 ta,
1173 2018 1214 2052 et
1233 2018 1339 2051 tomo
1364 2014 1414 2052 III
1440 2013 1611 2051 deliciar.
1637 2013 1859 2051 Germanic.

1136 2076 1312 2126 Hugonis
1328 2076 1474 2114 Favolii
1495 2075 1781 2125 hodoeporicon
1797 2075 1962 2123 Byzant.
1984 2072 2048 2110 lib.

1083 2138 1136 2184 ΙΙΙ
1161 2140 1306 2177 Lovan.
1335 2139 1436 2177 4563
1462 2138 1497 2175 8.

1129 2200 1418 2240 FelicisFidleri
1429 2199 1936 2248 fluminaGermaniae,post
1944 2197 2053 2236 Pauli

1081 2263 1226 2302 Melissi
1250 2262 1553 2301 schediasmata.
1579 2261 1827 2300 Francofurti
1853 2260 1954 2299 4574
1979 2261 2015 2299 8.

1134 2325 1299 2364 Huberti
1318 2325 1461 2364 Goltzii
1483 2325 1770 2375 hodoeporicon
1793 2327 1903 2361 tomo
1927 2323 1960 2360 ΙΙ
1985 2321 2052 2360 de-

1083 2388 1144 2426 lic.
1165 2392 1316 2438 poetar.
1342 2388 1449 2437 Belg.
1475 2399 1561 2438 pag.
1585 2384 1780 2425 4711—474.

1134 2450 1322 2489 Bernardi
1343 2450 1557 2500 Holtorpii,
1582 2448 1800 2499 llagensis,
1824 2446 2050 2497 peregrina-

1082 2514 1210 2550 tiones
1233 2511 1419 2550 Stanislai
1441 2522 1464 2549 a
1484 2512 1617 2549 Lasco.
1638 2508 1821 2547 Rostoch.
1848 2505 1946 2546 4587
1963 2506 2047 2543 8.*0.

1135 2574 1237 2612 Petri
1260 2573 1435 2611 Danielis
1458 2573 1586 2611 Huetii
1603 2573 1677 2609 iter
1701 2571 1930 2617 Svecicum‚
1948 2568 2051 2605 inter

1082 2635 1157 2673 viri
1177 2634 1280 2672 docti
1300 2638 1482 2684 poemata
1505 2634 1664 2684 saepius
1687 2642 1847 2670 excusa.

1135 2696 1356 2735 Salomonis
1370 2695 1520 2734 Kuselii
1550 2694 1748 2732 itineraria
1768 2692 1902 2731 ltaliae
1921 2722 1929 2741 ,
1953 2691 2050 2729 Ger-

1084 2758 1237 2796 maniae
1260 2760 1335 2795 etc.
1360 2755 1434 2794 An.
1455 2755 1582 2804 4647,
1606 2755 1707 2794 4628
1732 2755 1767 2792 8.

1137 2819 1242 2857 Petri
1265 2817 1558 2868 Lindenbergii,
1578 2816 1875 2855 Rostochiensis
1891 2816 1963 2854 iter
1976 2815 2053 2854 Ve-

1086 2885 1240 2927 netum,
1254 2880 1492 2929 Romanurn,
1503 2879 1727 2918 Helvetium
1744 2882 1785 2916 et
1799 2877 2049 2916 Rhenanum.

1085 2941 1222 2981 Hamb.
1249 2941 1351 2980 4592
1377 2941 1412 2978 8.

1138 3001 1504 3051 NicolatMadris1·t‚
1518 3003 1719 3042 Utinensis
1736 3004 1873 3040 itinera
1889 3012 1959 3051 per
1975 3001 2051 3038 Ita-

1086 3066 1198 3114 liam,
1213 3065 1380 3104 Galliam
1401 3069 1442 3104 et
1460 3066 1724 3104 Germaniam.
1745 3065 1884 3103 Vcnet.
1909 3061 2009 3101 4717
2024 3062 2048 3099 8

1086 3132 1268 3167 enarrata
1303 3128 1478 3167 carmine
1504 3139 1581 3166 non
1620 3128 1756 3165 Latino
1785 3125 1854 3164 scd
1890 3124 2048 3169 Italico,

1087 3189 1241 3228 duobus
1265 3189 1564 3237 voluminibus,
1587 3201 1678 3229 cuin
1704 3190 1816 3227 notis.

1137 3251 1268 3290 Jacobi
1289 3252 1431 3301 Micylli
1456 3252 1739 3303 hodoeporicon
1759 3251 1910 3290 editum
1931 3261 1952 3289 a
1971 3250 2047 3289 Me-

1087 3313 1323 3354 lanchthonc
1349 3312 1450 3354 4527
1476 3315 1512 3352 8.

1545 3395 1587 3433 15
