2500 3841
812 218 1310 260 BERTRANDUS

71 299 201 331 annua
219 282 260 328 et
278 288 327 327 de
348 287 521 337 Sanctis,
541 291 582 326 et
601 288 890 328 commentaria
912 291 948 328 in
971 291 1019 330 IV

70 352 190 393 libros
212 350 514 390 sententiarum.

121 411 475 459 BERTRANDUS,
500 413 584 450 sive
614 411 948 453 BELTRANDUS
973 413 1019 453 de

66 476 193 516 Monte
211 473 445 524 Faventino,
465 475 483 512 J
490 474 611 523 Ctus,
632 475 698 525 qui
723 475 761 513 in
779 475 908 513 Monte
929 477 1019 514 Pes-

65 538 219 586 sulano‚
239 536 411 577 Civitate
429 535 576 575 Galliae
591 536 856 586 Narbonensis
874 535 1018 586 docuit,

63 600 236 651 obiitque
264 598 407 638 exinde
435 597 653 638 Cardinalis
680 596 726 637 A.
757 599 871 637 4348.

116 661 248 712 Alius,
272 662 313 700 ni
336 661 462 710 fallor,
487 659 846 710 BERTRANDUS,
869 661 1014 708 JCtus,

63 735 184 775 quem
205 724 426 775 Hispanum
445 727 579 772 vocat,
604 727 644 762 et
680 724 718 761 in
749 723 1017 763 clementinas

63 785 270 836 scripsisse
298 785 419 824 refert
440 785 623 825 Nicolaus
647 784 844 824 Antonius
870 797 920 825 ex
947 797 1017 826 au-

62 847 187 886 ctario
206 847 468 886 Bibliothecae
488 846 763 886 Gesnerianae.

116 909 246 948 BERT
248 907 417 948 RAMJU
419 909 446 948 S
467 908 661 961 Layierus
675 908 722 948 de
736 909 771 948 F
772 910 909 961 πρίασο,
925 909 1016 949 vide

59 982 194 1022 supra,
213 970 465 1011 Bertrandus
486 971 668 1023 Ayerz'zcs.

104 1033 1016 1086 BERTRANDUSParayate,Tolosanus.Theo-

58 1095 171 1146 logus
201 1095 516 1148 Augustinianus
568 1097 671 1135 circa
707 1096 869 1135 Annum
912 1095 1014 1134 4420

57 1157 224 1208 Scripsit
241 1163 344 1197 teste
367 1158 542 1209 Philippo
564 1158 694 1198 Elssio
718 1169 803 1208 pag.
826 1157 913 1196 428.
936 1157 1017 1196 En-

56 1221 271 1259 comiastici
290 1220 586 1272 Augustiniani,
609 1221 648 1258 in
668 1219 794 1258 Actus
811 1218 1017 1270 Apostolo-

55 1292 160 1329 rum,
184 1283 382 1334 Epistolas
410 1283 629 1323 Canonicas
658 1286 699 1320 et
721 1280 983 1333 Apocalypsin
1004 1293 1011 1317 :

56 1346 98 1381 et
117 1344 397 1396 Milleloquium
420 1345 606 1384 Veritatis
634 1346 699 1394 (ex
718 1343 914 1395 Operibus
934 1342 1014 1382 Au-

55 1407 220 1456 gustini)
241 1408 386 1459 coepit,
411 1406 569 1458 perinde
583 1410 628 1445 ut
642 1405 912 1457 Augustinus,
932 1406 1015 1444 Tri-

56 1468 232 1520 umphus
246 1480 404 1520 quoque
424 1473 465 1508 et
483 1469 808 1508 Bartholomaeus
826 1466 1016 1519 Augusti-

61 1531 204 1568 nianus
220 1529 269 1569 de
295 1542 373 1581 quo
396 1542 528 1582 supra.

109 1592 441 1632 BERTRANDUS
464 1592 670 1642 Pastoris,
693 1593 911 1632 Tolosanus
932 1591 1014 1634 Au-

57 1655 320 1706 gustinianus,
335 1655 596 1707 Philosophus
609 1656 713 1695 circa
727 1655 889 1695 Annum
911 1655 1012 1695 4390

57 1717 217 1768 scripsit
238 1717 377 1757 eodem
391 1718 522 1757 Elssio
538 1722 701 1757 notante
718 1719 757 1756 in
774 1718 902 1769 priora
911 1716 1015 1756 Ana-

58 1778 179 1829 lytica
201 1783 242 1818 et
264 1779 305 1817 in
329 1781 473 1831 Topica
495 1778 721 1818 Aristotelis
740 1783 780 1818 et
808 1778 856 1818 de
879 1778 1015 1818 Eccle-

58 1841 218 1880 siastica
239 1842 429 1889 Veritate‚
458 1844 657 1881 Potestate
694 1846 735 1880 et
769 1843 1014 1892 Paupertate.

58 1903 143 1942 sive
166 1903 215 1943 de
235 1905 375 1956 triplici
396 1905 598 1944 Ecclesiae
621 1904 735 1943 bono.

111 1965 256 2006 Petrus
275 1966 624 2014 BERTRANDUS,
645 1965 1016 2017 EpiscopusNiver-

58 2029 254 2079 nensis,et
267 2029 316 2068 ab
330 2027 447 2067 Anno
463 2028 816 2075 4332.AEduensis,
834 2028 919 2066 sive
935 2026 1017 2066 Au-

56 2090 383 2141 gustodunensis,
407 2092 434 2141 †
458 2095 499 2130 et
521 2091 569 2130 ab
588 2092 703 2129 Anno
728 2090 823 2129 4331
841 2089 890 2128 ad
911 2090 1010 2128 11349

57 2152 292 2203 Cardinalis,
306 2154 480 2205 scripsit,
501 2157 658 2205 praeter
672 2154 873 2203 Responsa
894 2152 1011 2199 varia,

55 2213 263 2255 Actionem
299 2214 346 2255 de
382 2215 532 2268 orz'gyine
560 2219 598 2254 et
622 2226 700 2254 usu
717 2212 1013 2253 Jurisdicte'om's

55 2276 357 2318 Ecclesz'astz‘cae
377 2281 413 2318 et
430 2277 633 2318 Secularis
647 2309 658 2327 ,
680 2278 837 2317 Parisiis
853 2279 867 2316 4
881 2277 956 2315 495
971 2280 1012 2314 et

57 2343 152 2379 tom.
174 2341 248 2380 XII
270 2341 418 2381 Oceani
447 2342 467 2380 J
474 2342 555 2381 uris
577 2352 664 2392 pag.
692 2341 767 2380 408
791 2344 832 2378 et
857 2340 895 2377 in
923 2339 1015 2378 Gol-

58 2400 162 2440 dasti
184 2403 407 2442 Monarchia
424 2403 597 2454 Imperii,
618 2407 724 2441 tomo
743 2403 778 2440 ΙΙ
793 2413 879 2452 pag.
901 2401 1014 2440 4364.

59 2463 160 2503 Huic
187 2465 334 2515 scripto
363 2465 402 2503 in
431 2465 683 2504 Bibliothecis
724 2465 885 2504 Patrum
914 2463 1019 2501 Pari-

61 2526 182 2565 siens.
203 2529 244 2564 et
265 2526 485 2566 Coloniens.
509 2531 550 2565 et
570 2527 610 2564 in
626 2527 844 2565 novissima
862 2524 1021 2575 Lugdu-

0 2585 1 2598 *
62 2589 177 2627 nensi
196 2592 290 2627 tom.
311 2589 439 2628 XXVI
463 2587 622 2627 additus
645 2589 765 2627 etiam
789 2588 890 2626 alius
910 2586 1034 2625 libel-

0 2662 1 2667 *
61 2652 126 2691 lus
148 2653 284 2690 contra
302 2651 466 2689 Petrum
486 2649 533 2689 de
557 2649 784 2700 Cuyneriis,
815 2659 934 2698 super
964 2647 1018 2685 fa-

57 2719 121 2753 cto
156 2713 423 2753 Praelatorum
457 2712 658 2752 Ecclesiae
695 2712 918 2751 Gallicanae
946 2719 1016 2760 pro

62 2775 244 2827 ejusdem
264 2775 464 2815 Ecclesiae
487 2775 679 2813 libertate.

118 2838 140 2861 *
161 2839 300 2878 Nescio
320 2836 413 2888 quid
438 2837 518 2875 sint
540 2835 764 2875 Decretales
792 2834 895 2873 Petri
923 2835 1016 2872 Ber-

65 2901 196 2942 trandi
234 2900 524 2951 Archiepiscopi
559 2897 885 2944 EbredunenSiS,
913 2907 1014 2945 quae

68 2969 208 3004 extant
223 2965 263 3003 in
278 2963 370 3005 Cod.
381 2963 457 3002 MS.
476 2958 1013 3001 Bibl.Vaticanacillontfauc.

68 3027 165 3067 Bibl.
186 3027 292 3067 MSS.
318 3038 402 3078 pag.
420 3026 508 3076 924.
530 3026 644 3063 Forte
659 3027 791 3060 tamon
811 3019 904 3057 nihil
923 3023 1017 3057 sunt

17 3097 21 3105 '
70 3089 200 3140 aliud,
216 3091 291 3129 nisi
308 3090 394 3129 eius
408 3088 560 3140 glossae
582 3087 620 3124 in
635 3084 857 3124 Decretalcs
873 3086 911 3120 ct
932 3082 1020 3120 Cle-

71 3155 286 3200 mentinas,
323 3163 423 3203 quas
448 3152 483 3189 in
509 3146 813 3189 Gemmeticcnsi
842 3144 1018 3183 Biblioth.

73 3217 208 3254 extare
227 3218 338 3254 notat
357 3213 584 3253 Monfaucon
611 3209 698 3249 ibid.
721 3213 747 3246 t.
774 3208 805 3246 II
836 3218 920 3257 pag.
946 3207 1014 3245 914

131 3354 156 3395 †
179 3356 256 3390 Vide
278 3355 443 3390 Labbeum
466 3359 545 3389 tom.
569 3356 595 3384 11
620 3354 658 3386 dc
685 3355 713 3384 s.
739 3354 772 3385 E.
803 3359 833 3389 p.
860 3349 918 3383 185
940 3357 997 3388 seq

1971 221 2047 261 227

1096 290 1232 331 tabula
1247 303 1366 344 super
1381 291 1566 331 Der-etum
1583 292 1620 330 in
1637 290 1955 332 Cod.S.Gratiani
1970 293 2047 331 Tu-

1093 356 1274 393 ronensis
1298 355 1387 394 ibid.
1413 366 1497 406 pag.
1523 353 1639 394 4277.
1665 354 1707 393 In
1733 353 1914 392 Biblioth.
1944 355 2045 393 Lau-

1092 416 1261 455 dunensi
1284 421 1346 455 est
1364 415 1568 468 Apparlus
1592 415 1711 456 Seoeti
1731 414 1832 454 libri
1861 416 2045 455 Decreta-

1092 477 1197 517 lium.
1240 480 1396 517 Praeter
1432 489 1665 529 responsum
1698 477 1746 517 ad
1787 480 1947 518 Petrum
1986 479 2043 517 De

1092 540 1322 592 Cujgnicres
1352 542 1391 578 in
1415 540 1507 579 Cod.
1532 541 1610 579 MS.
1632 541 1674 579 D.
1696 541 1886 580 Ranchini
1902 573 1912 589 ,
1942 543 2042 580 exti-

1091 604 1187 642 tisse
1210 607 1398 642 notantur
1416 602 1517 640 duae
1536 603 1632 641 aliae
1657 614 1724 653 pro
1748 603 2040 643 Ecclesiasticis

1090 666 1379 717 responsiones.
1402 663 1496 702 lbid.
1523 675 1610 714 pag.
1639 664 1752 703 4374.

1139 725 1468 766 BERTRANDUS
1497 725 1850 775 Pontiqtiiacensis,
1881 727 2038 765 Ordinis

1089 788 1362 827 cisterciensis
1385 788 1486 825 circa
1510 786 1670 825 Annum
1693 787 1794 825 4247
1810 789 2039 838 scripsitju-

1088 849 1207 887 bente
1225 849 1376 888 Abbate
1396 859 1468 887 suo
1490 848 1680 887 Johanne.
1695 848 1743 886 de
1758 849 1843 887 Vita
1865 854 1905 887 ot
1926 853 2038 889 mira-

1088 911 1188 950 culis
1203 912 1242 950 S.
1260 910 1458 950 Edmundi
1474 910 1764 961 Archiepiscopi
1783 911 2040 950 Cantuarien-

1083 974 1155 1021 sis,
1180 971 1354 1027 defuncti
1378 972 1451 1011 An.
1473 973 1566 1012 4241
1593 977 1633 1011 et
1649 972 1796 1011 sanctis
1813 971 1998 1023 adscripti
2017 973 2038 995 ’ἕ

1087 1033 1163 1074 An.
1184 1035 1298 1074 4236.
1321 1034 1470 1074 Auctor
1488 1036 1607 1073 etiam
1624 1034 1927 1085 antiphonarum
1947 1035 2038 1072 alio-

1088 1108 1256 1147 rumque
1271 1126 1280 1144 ,
1300 1108 1400 1147 quae
1422 1098 1459 1135 in
1476 1096 1610 1136 Officio
1626 1097 1729 1136 illius
1744 1097 2036 1148 Archiepiscopi

1091 1159 1138 1198 46
1163 1159 1246 1198 Cal.
1268 1160 1511 1199 Decembris.
1535 1160 1680 1198 Confer
1702 1159 1884 1199 Carolum
1913 1159 1962 1199 de
1977 1161 2040 1199 Vi—

1089 1221 1160 1259 sch
1184 1222 1222 1259 in
1241 1221 1479 1261 Bibliotheca
1501 1223 1664 1261 Cisterc.
1705 1233 1792 1273 pag.
1815 1223 1863 1261 54
1893 1226 1934 1261 et
1959 1222 2040 1262 An-

1087 1283 1204 1333 gliam
1231 1284 1390 1322 Sacram
1415 1288 1520 1322 tomo
1545 1285 1559 1322 Ι
1584 1295 1669 1334 pag.
1694 1285 1781 1323 415.

1140 1346 1464 1385 BFRTRANDUS
1492 1345 1537 1384 cle
1562 1347 1701 1392 Porto,
1728 1347 1737 1394 1
1746 1346 1795 1384 de
1823 1347 1961 1396 Poyet,
1987 1349 2038 1384 si-

1085 1419 1135 1446 ve
1156 1407 1193 1446 di
1215 1409 1431 1460 Poggietto)
1448 1408 1664 1448 Cardinalis
1678 1408 1725 1446 ab
1743 1408 1854 1446 Anno
1874 1410 1974 1447 4313
1987 1409 2036 1446 ad

1088 1471 1188 1509 4346
1213 1472 1378 1521 scriptor
1401 1469 1688 1508 dissertationis
1725 1469 1772 1507 de
1802 1470 2040 1508 factionibus

1088 1531 1352 1585 Guelphorum
1396 1536 1436 1570 et
1483 1530 1790 1576 Gibelliaemrum,
1831 1531 2038 1581 Apologiae

1084 1599 1221 1634 contra
1251 1595 1482 1642 ommam,
1504 1597 1544 1632 et
1562 1593 1873 1632 Annotationum
1903 1594 1941 1631 in
1969 1593 2038 1632 do-

1084 1658 1252 1695 ctrinam
1281 1658 1383 1695 Petri
1411 1656 1511 1695 Olivi
1532 1655 1580 1693 de
1604 1657 1850 1705 paupertate.

1138 1718 1394 1770 Raymundus
1429 1716 1762 1757 BERTRANDUS
1790 1716 2037 1764 haereticus,

1089 1781 1204 1830 cujus
1228 1782 1375 1820 ment-io
1403 1782 1442 1819 in
1462 1779 1638 1830 Epistola
1652 1779 1871 1818 Clementis
1896 1779 1944 1816 lv
1964 1778 2040 1817 An.

1091 1843 1193 1883 4267
1202 1843 1303 1894 apud
1318 1842 1574 1882 Edmundum
1590 1842 1763 1880 Martene
1777 1844 1873 1879 tom.
1890 1841 1922 1879 11
1938 1839 2022 1879 Ane

1089 1904 1293 1943 cdotorum
1322 1917 1359 1956 p.
1390 1904 1479 1943 276.
2005 1925 2008 1927 -

1140 1966 1470 2006 BERTRANDUS
1508 1977 1527 2004 e
1571 1962 1728 2014 Triuia,
1757 1962 1848 2002 vide
1891 1974 2009 2015 supra
2028 1993 2038 2012 ,

1086 2029 1385 2068 BERNARDUS
1411 2039 1497 2079 pag.
1527 2026 1618 2066 247.

1138 2090 1468 2130 BERTRANDUS
1481 2088 1528 2128 de
1546 2087 1914 2138 Turre,videpaullo
1932 2091 2035 2125 ante.

1139 2152 1486 2192 BERTRUCCIUS
1512 2150 1686 2190 Medicus
1705 2150 1918 2200 Lipsiensis
1936 2150 2041 2188 circa

1086 2215 1248 2255 Annum
1279 2216 1393 2255 4452.
1414 2213 1529 2265 cujus
1561 2211 1835 2252 Collectorium
1863 2210 1902 2249 in
1924 2213 2046 2262 parte>

1081 2278 1243 2329 pratz'ca
1264 2276 1506 2322 Medicinae,
1536 2280 1576 2315 et
1604 2287 1653 2314 ex
1681 2285 1726 2313 eo
1764 2274 1970 2312 Tractatus
1997 2271 2044 2311 de

1094 2340 1254 2381 ts'enenz’s
1283 2341 1361 2380 MS.
1386 2341 1425 2378 in
1454 2338 1693 2378 Bibliotheca
1723 2337 1882 2375 Paulina
1922 2335 2045 2386 Lipsi-

1090 2405 1189 2442 ensi.
1229 2403 1326 2442 Vide
1355 2404 1398 2441 B.
1425 2401 1616 2440 Joachimi
1645 2399 1784 2437 Felleri
1812 2397 2042 2446 Catalogum

1092 2477 1179 2516 pag.
1209 2464 1296 2503 272.
1318 2464 1424 2502 Idem
1448 2462 1606 2500 videtur
1629 2458 1949 2502 BERTRUSIL‘S,
1975 2467 2043 2513 qu-

1089 2531 1156 2577 jus
1175 2527 1440 2566 Collectorum
1457 2525 1600 2563 librum
1624 2526 1817 2561 memorat
1841 2518 2041 2559 Sandcrus

1093 2591 1194 2628 inter
1225 2588 1394 2627 Medicos
1438 2588 1477 2624 in
1518 2585 1638 2624 MStis
1675 2582 1886 2622 Codicibus
1920 2578 2041 2629 Belgii

1090 2654 1202 2691 Parte
1232 2651 1263 2689 ΙΙ
1288 2661 1374 2700 pag.
1405 2649 1470 2686 89.

1142 2711 1417 2752 BESNENSIS
1453 2708 1641 2747 Abbatiae
1671 2705 1903 2744 Chronicon.
1944 2700 2042 2739 Vide

1087 2773 1340 2814 JOilANNES
1349 2769 1573 2809 monachus.
1585 2768 1702 2806 Multa
1718 2765 1855 2804 cadem
1868 2765 1905 2801 in
1921 2763 2044 2802 Chro-

1086 2839 1173 2875 nico
1193 2830 1614 2879 SANBENIGNIANO,
1637 2827 1741 2880 quod
1761 2831 1801 2865 ct
1821 2827 1949 2877 ipsum
1970 2826 2044 2862 Da-

1079 2899 1236 2937 chcrius
1253 2896 1440 2943 vulgavit.
1785 2926 1791 2937 .

1139 2958 1329 2999 Antonius
1352 2957 1399 2995 (lc
1424 2953 1671 3000 BETONTO,
1691 2953 1792 3001 (sive
1813 2947 2038 2994 BITONTO,

1091 3035 1208 3074 supra
1230 3034 1265 3072 p.
1292 3021 1383 3065 115)
1410 3018 1562 3068 Apulus
1588 3017 1840 3057 Butontinus,
1858 3011 1948 3049 Ord.
1974 3011 2041 3049 Mi-

1091 3096 1230 3124 noruin
1247 3113 1256 3128 ‚
1279 3083 1344 3131 qui
1375 3085 1462 3131 post
1485 3080 1644 3118 Annum
1670 3078 1768 3117 1440
1794 3073 2042 3122 Theologiam

1094 3147 1226 3186 docuit
1261 3145 1482 3188 Ferrarius,
1505 3142 1699 3180 Bononiae
1728 3144 1767 3177 ct
1789 3140 1981 3182 Mantuae,
2004 3138 2045 3172 et

1156 3296 1168 3310 ⁸
1185 3295 1260 3328 vide
1278 3295 1477 3328 matthaeum
1492 3291 1873 3325 westmonasteriensem
1893 3294 1967 3327 pag.
1987 3283 2048 3317 550

1097 3352 1126 3381 ct
1154 3346 1225 3380 504.
