2500 4009
436 220 513 259 522

435 290 566 328 rabilis
586 293 644 325 est
678 287 770 323 haec
797 295 880 333 pag.
907 284 994 318 399.
1019 283 1235 318 Praeterea
1259 282 1389 317 autem

433 351 671 389 statuimus,
693 350 735 383 ut
771 354 874 380 unus
907 353 984 392 per
1022 352 1173 379 omnem
1207 339 1391 378 ditionem

434 413 633 447 nostram.
669 408 785 454 atque
810 401 909 439 idem.
942 401 994 439 sit
1027 411 1171 438 numus
1184 431 1194 447 ¹.
1225 411 1392 451 eumque

436 473 542 498 nemo
559 461 676 496 ωτι-(ι
699 454 879 505 oppidum
901 453 1043 491 cutiito.
1066 453 1095 490 A
1104 456 1191 504 tque
1207 453 1245 491 si
1266 464 1392 490 mone-

436 521 626 568 tur-{orgum
651 516 861 567 quisquam
888 526 1066 553 nummos
1093 514 1336 565 corruperit.
1358 514 1396 552 ei

436 591 573 618 manus
611 577 756 616 scelere
790 576 942 616 violata.
962 576 1237 627 praeciclitor,
1268 579 1394 626 atque

438 639 686 679 nummariae
709 637 984 690 conspicienda
1007 636 1191 689 fabricae
1209 636 1391 689 affiyitor.

434 703 500 741 Sin
527 700 678 738 mimmi
710 699 930 738 adulterati
957 698 1184 751 postulatus
1221 698 1392 750 aliquis,

432 763 610 802 criminis
632 761 895 812 suspicionem
924 761 1076 800 diluere
1101 760 1283 806 voluerit,
1304 772 1396 798 caii>

433 824 558 862 (lentis
579 824 686 875 ferri
703 824 929 875 quaestione
954 835 1115 862 manum
1139 822 1300 862 sceleris
1318 835 1393 875 pu-

436 899 537 924 ram.
579 890 698 938 atque
742 886 953 924 immunem
985 885 1184 924 ostendito,
1224 885 1326 935 Quin
1358 895 1393 924 si

434 949 519 999 ipsa
542 947 699 987 Ordalii
719 949 911 986 senten'ia
934 959 1029 986 reus
1067 947 1247 986 eoetiterit
1265 979 1275 995 ,
1308 947 1363 985 ita
1380 978 1390 995 ,

434 1010 491 1047 uti
507 1013 621 1047 antea
644 1010 670 1047 ὰ
691 1008 800 1047 nobis
822 1008 970 1046 dictum
994 1013 1073 1057 est,
1093 1008 1176 1058 fiat.

488 1071 736 1110 Cantuariae
762 1070 978 1108 monetarii
1006 1073 1151 1120 septem
1168 1072 1395 1120 sunto,quo-

433 1145 522 1171 rum
544 1133 696 1184 quidem
719 1135 892 1183 quatuor
916 1131 1014 1181 re9i,
1037 1130 1113 1168 (tuo
1132 1130 1325 1182 praesuli,
1349 1142 1396 1169 ac

435 1205 535 1232 unus
557 1193 864 1232 coenobiarchae
888 1192 1097 1231 deseruit&

485 1256 528 1293 In
553 1256 709 1294 cii-itate
732 1255 915 1306 Itoffensi
937 1257 1017 1292 tres
1041 1254 1146 1301 sint,
1167 1254 1282 1305 Reyis
1305 1253 1393 1302 duo,

434 1317 573 1356 tertius
589 1317 784 1368 Episcopi.

488 1378 653 1417 Lonclini
673 1379 753 1417 sint
775 1376 990 1416 monetarii
1005 1379 1099 1414 occo.

491 1440 690 1479 Vintom‘ae
713 1452 801 1480 sex.

486 1503 532 1540 In
556 1503 640 1542 vico
665 1502 830 1542 Len-isio
858 1503 892 1539 Q.

484 1565 529 1602 In
554 1565 638 1604 vieo
659 1565 848 1614 .-lastinyo
874 1565 908 1602 ’1.

486 1627 517 1665 C
522 1626 701 1665 westriae
723 1636 827 1664 unus
847 1625 910 1664 sit.

485 1689 704 1725 Ilamtonae
719 1687 808 1725 duo,

494 1749 743 1788 Werlzamiae
771 1748 861 1787 cluo.

485 1810 724 1849 Eaecescriae
749 1810 913 1848 totidem.

485 1871 817 1923 Seliafresbyriae
841 1871 931 1910 duo.

487 1933 549 1971 „ist
579 1933 692 1972 aliud
723 1933 903 1985 quodque
932 1933 1114 1985 oppidum
1150 1931 1393 1971 monetarius

440 2006 540 2034 unus
565 2000 656 2035 esto.

483 2058 609 2095 Facile
627 2057 813 2104 adducor,
840 2062 883 2095 ut
910 2057 1004 2095 mihi
1026 2057 1261 2107 persuadem
1277 2086 1284 2105 ,
1301 2067 1392 2095 con-

435 2118 569 2156 [ictum
596 2129 685 2156 esse
711 2129 731 2156 a
759 2119 886 2155 Pitsco
911 2119 999 2156 838.
1025 2117 1393 2157 ETEHLSTANUM

434 2180 638 2216 Doctorem
659 2179 834 2229 Angium
860 2190 879 2217 a
901 2181 1004 2230 Rege
1029 2179 1233 2217 diversum
1253 2209 1261 2227 ,
1278 2178 1394 2228 cujus

435 2240 598 2276 consilio
625 2250 723 2277 usus
748 2240 866 2277 suerit
891 2242 972 2278 Rex
999 2240 1185 2279 Aisrodus
1208 2242 1383 2290 Magnus,

488 2301 826 2349 ETHELULFL'S,
853 2303 937 2339 sive
968 2301 1393 2345 liTsslfiLWOLPHL'S„

436 2361 497 2398 vel
519 2360 1303 2411 ATttL'LPttL'S,siveATilELfflA‘llt'S,
1320 2364 1396 2413 Eg—

434 2423 532 2459 berti
558 2424 682 2471 Magni
711 2423 826 2471 iilius,
843 2425 924 2461 Rex
945 2424 1107 2471 Angiiac
1127 2425 1175 2462 ab
1198 2424 1272 2462 An.
1299 2426 1393 2463 836-

436 2483 524 2521 857.
569 2483 695 2533 llujus
734 2486 852 2535 Leyes
898 2496 966 2535 pro
1008 2485 1166 2523 denario
1209 2486 1248 2524 S.
1293 2487 1393 2524 Petri

435 2545 697 2595 persolvendo
712 2577 720 2593 ,
747 2551 787 2584 et
810 2545 1027 2598 Epistolam
1057 2546 1392 2595 haereditariam,

435 2608 518 2645 sive
547 2606 835 2646 Testamentum
863 2613 1086 2646 memorant
1109 2609 1253 2648 Baleus
1273 2611 1319 2658 ll,
1343 2610 1392 2649 20

434 2673 471 2705 et
503 2670 656 2707 Pitseus
680 2681 766 2720 pag.
794 2670 881 2709 465.
1348 2680 1363 2699 0

490 2731 507 2748 ¹*
534 2730 657 2780 Leges
683 2731 767 2769 illas
792 2742 860 2782 pro
898 2731 1059 2769 denario
1099 2734 1137 2771 S.
1167 2734 1268 2771 Petri
1299 2733 1393 2771 nibil

436 2801 549 2836 esse,
578 2791 682 2830 aliud
714 2803 860 2830 censeo
890 2804 1008 2842 quarn
1048 2794 1180 2832 tabula
1220 2794 1395 2832 donatio-

438 2854 497 2890 nis
521 2853 696 2891 decimae
733 2855 840 2904 regni
880 2855 939 2892 sui
980 2856 1102 2904 partis
1145 2856 1183 2893 in
1226 2867 1394 2906 proven-

437 2919 520 2952 tuni
568 2914 808 2960 Angiicanac
848 2916 1068 2963 Ecclesiae,
1108 2927 1208 2965 quas
1237 2916 1391 2955 tabulas

437 2975 483 3011 ab
505 2977 586 3025 ipso
609 2976 850 3026 Etiicluipbo
871 2976 1040 3015 dictatas
1056 3008 1065 3023 ,
1087 2982 1125 3015 et
1146 2978 1390 3030 subscriptas

440 3037 474 3072 in
500 3042 756 3087 conspectum
782 3037 961 3088 producit
986 3037 1220 3078 Wiikinsius
1241 3041 1384 3079 Concil.

439 3098 580 3135 Britan.
607 3103 701 3136 torn.
726 3101 738 3137 i
764 3130 774 3146 ,
799 3111 887 3149 pag.
913 3101 1001 3138 483.

467 3157 845 3199 ΙίΤΙΙΙέΙλΥΙίΙίΙΗΣΒ
863 3192 870 3209 ,
908 3161 942 3198 E
946 3161 1181 3201 tlievearclus
1199 3193 1206 3210 ,
1232 3163 1387 3203 Elwar-

440 3217 535 3263 dus,
567 3218 821 3260 Iz’lsuardus.
857 3224 941 3259 siv(-
978 3224 1387 3274 E'l'llELWAIUJUS,

443 3276 607 3316 illustris
644 3283 745 3330 apud
785 3284 929 3333 ,inf-sios
971 3285 1197 3335 Patricius,
1245 3288 1393 3327 Consul

1171 209 1670 249 E'l'llELULFUS

1463 277 1614 318 Fabius
1631 281 1826 328 Quaestor
1844 293 1865 321 e
1883 282 2002 333 Regio
2019 286 2249 334 procreatus
2264 285 2424 333 sangui-

1464 351 1513 378 ne
1529 371 1540 388 ‚
1564 340 1619 378 ad
1645 340 1871 381 Mathitdem
1891 345 2166 383 consobrinam
2189 354 2303 383 suam
2329 344 2426 383 sori-

1464 403 1543 453 psit
1572 400 1712 441 breves
1731 407 1877 454 quator
1902 403 2024 445 libros
2060 405 2346 446 Chronicorum
2377 405 2426 445 de

1465 463 1586 502 rebus
1610 463 1787 514 Anglicis
1809 493 1817 511 ,
1841 476 2008 515 quorum
2030 468 2185 518 primus
2209 466 2382 507 decurrit
2404 477 2428 506 a

1467 530 1558 564 nato
1583 526 1747 564 Cllristo
1770 537 1896 576 usque
1916 526 1965 565 ad
1981 527 2141 568 Annum
2164 529 2253 568 592.
2275 529 2427 568 Secun-

1466 586 1542 626 ctus
1563 587 1612 626 ab
1632 587 1810 626 adventu
1831 587 2045 638 Augustini
2069 601 2092 638 a
2113 590 2302 642 Gregorio
2318 591 2365 629 M.
2387 591 2426 628 in

1467 648 1649 698 Angliam
1680 650 1789 687 missi
1815 660 1914 699 usq3
1939 649 1988 688 ad
2010 648 2168 690 Annum
2208 651 2299 690 787.
2340 651 2433 690 Ter-

1469 710 1547 749 tius
1587 711 1677 750 inde
1726 711 1854 761 pergit
1895 721 2023 760 usque
2056 711 2105 750 ad
2139 711 2298 752 Annum
2338 713 2428 751 860.

1469 775 1646 822 Quartus
1670 772 1842 822 denique
1867 782 1994 822 usque
2017 771 2066 811 ad
2095 772 2242 824 Regem
2278 774 2431 826 Eadga-

1469 847 1556 873 rum
1586 840 1626 873 et
1657 833 1822 873 Annum
1846 834 2000 874 CHristi
2042 832 2131 873 973.
2162 835 2272 874 Patet
2308 836 2428 885 inde,

1468 897 1543 935 falli
1575 897 1735 935 Baleum
1762 896 1850 944 (nisi
1874 895 1923 933 de
1958 895 2046 937 aliis
2085 895 2120 934 ei
2156 896 2349 947 perinde,
2386 902 2431 938 ut

1467 957 1638 997 Lelando
1662 968 1746 1007 cap.
1777 958 1818 996 Μ
1835 957 1868 995 4.
1890 956 2160 997 Ethelwerdis
2182 968 2312 997 sermo
2335 960 2429 1008 est,)

1467 1022 1533 1070 qui
1555 1021 1604 1058 X.
1622 1020 1671 1058 33
1693 1021 1747 1058 ait
1769 1018 2078 1058 Ethelwerdum
2100 1018 2333 1060 defunctum
2357 1020 2431 1060 An.

1469 1083 1557 1121 920.
1581 1082 1742 1120 Rectius
1768 1079 1967 1119 Lelandus
1985 1091 2162 1131 eumque
2178 1085 2342 1121 secutus
2356 1083 2434 1121 Pit-

1471 1155 1564 1182 seus
1588 1143 1738 1182 obitum
1763 1141 1887 1192 hujus
1911 1142 2032 1181 refert
2055 1141 2105 1181 ad
2129 1135 2292 1182 Annum
2317 1144 2430 1183 4090.

1470 1208 1629 1245 Rectius
1658 1216 1816 1255 quoque
1852 1205 2009 1243 Pitseus
2038 1205 2195 1244 initium
2231 1205 2432 1255 Epistolae

1471 1268 1518 1307 ad
1543 1267 1769 1306 Mathildam
1800 1267 1914 1306 affert
1942 1266 2038 1304 hoc:
2076 1265 2363 1306 Dilectissimae
2399 1270 2435 1306 et
2495 1312 2500 1318 1

1469 1341 1561 1369 vere
1592 1328 1781 1377 CHristi,
1821 1339 1913 1367 cum
1944 1329 2138 1367 Henricus
2178 1329 2363 1375 Savilius‚
2399 1329 2433 1377 a)

1470 1393 1536 1441 qui
1561 1390 1862 1430 Ethelwerdum
1901 1401 1993 1429 cum
2030 1389 2243 1428 Wilhelmo
2275 1390 2435 1429 Malme-

1470 1453 1666 1491 sburicnsi
1688 1482 1696 1501 ,
1725 1453 1892 1491 Henrico
1926 1450 2259 1501 Huntidoniensi,
2281 1452 2432 1503 Rogero

1469 1515 1682 1554 llovedeno
1727 1519 1767 1553 et
1810 1513 2004 1565 Ingulpho
2046 1513 2225 1564 vulgavit
2266 1513 2432 1552 Londini

1472 1578 1574 1617 Ι1595
1617 1582 1657 1615 et
1686 1577 1935 1615 Francofurti
1978 1576 2072 1614 ⁴604
2095 1606 2107 1624 ‚
2144 1575 2205 1614 fol.
2243 1586 2329 1626 pag.
2360 1576 2429 1615 834

1469 1639 1663 1678 ediderit:
1705 1637 2002 1677 Disertissimae
2043 1639 2081 1675 et
2122 1647 2242 1676 verae
2273 1636 2441 1677 CHristi

1473 1700 1642 1740 ancillae
1669 1699 1948 1739 Etlzelwerdus
1972 1699 2012 1737 in
2039 1697 2201 1738 Domino
2235 1699 2437 1755 Patricius

1465 1762 1648 1803 Mathildi
1667 1760 1846 1801 satutem.

1515 1824 1913 1871 ETHELWOLDUS,
1933 1824 2019 1863 sive
2035 1822 2435 1873 ATHELWOLDUS‚

1469 1885 1896 1933 AETHELWOLFUS,
1922 1883 2103 1936 Anglus,
2141 1885 2359 1937 discipulus
2397 1885 2438 1925 S.

1468 1949 1662 1989 Dunstani
1684 1961 1691 1986 :
1716 1952 1837 1998 atque
1861 1958 1911 1986 ex
1936 1947 2125 1986 Monacho
2160 1947 2435 1987 Glasconiensi

1469 2010 1630 2050 Ordinis
1651 2009 1910 2056 Benedictini,
1928 2013 1969 2047 et
1984 2008 2137 2048 Abbate
2151 2007 2436 2048 Abindoniensi

1470 2073 1708 2119 Wentanus,
1734 2072 1820 2108 sive
1843 2071 2134 2110 Wintoniensis
2148 2071 2369 2122 Episcopus
2388 2071 2437 2110 ab

1472 2133 1543 2172 An.
1570 2134 1639 2171 961
1671 2131 1719 2170 ad
1745 2131 1835 2170 987».
1876 2131 2068 2170 Calendis
2097 2131 2267 2183 Augusti
2298 2132 2438 2172 defun-

1469 2199 1570 2232 ctus.
1597 2194 1693 2231 lluic
1727 2191 1968 2230 Ethelvoldo
1994 2193 2197 2232 Lelandus
2234 2204 2318 2245 cap.
2359 2194 2435 2234 452

1470 2255 1577 2293 nulla
1604 2283 1611 2300 ,
1636 2254 1778 2292 Balcus
1803 2254 1848 2302 ΙΙ,
1874 2253 1924 2292 36
1958 2255 2067 2293 varia
2104 2255 2252 2306 scripta
2284 2255 2434 2306 tribuit,

1471 2320 1514 2354 ut
1544 2318 1682 2353 contra
1712 2313 1968 2365 presbyteros
2002 2314 2247 2368 fornicarios
2268 2348 2278 2366 ‚
2316 2321 2356 2356 et
2388 2317 2434 2357 de

1469 2377 1554 2415 suis
1576 2373 1795 2415 visionibus
1819 2377 1870 2424 b),
1895 2387 1968 2414 nec
1998 2388 2074 2415 non
2116 2377 2163 2416 de
2197 2376 2369 2430 planetis
2400 2382 2437 2418 et

1468 2437 1691 2476 climatibus
1713 2436 1861 2477 Mundi.
1900 2438 1968 2476 His
2000 2438 2106 2489 apud
2132 2440 2309 2480 Pitseum
2344 2451 2431 2492 pag.

1470 2500 1545 2539 478
1566 2499 1768 2539 adduntur
1789 2513 1796 2538 :
1822 2500 1878 2538 De
1907 2510 1986 2538 sua
2012 2499 2052 2538 in
2079 2499 2333 2553 presbyteros
2363 2514 2434 2554 po-

1468 2565 1604 2601 testate
1628 2562 1675 2601 ad
1697 2562 1919 2601 Johannem
1947 2563 2054 2601 XIII.
2080 2564 2238 2614 Papam.
2260 2564 2316 2603 De
2329 2564 2433 2616 reqi-

1470 2623 1554 2671 bus,
1573 2624 1707 2674 refluis
1727 2627 1765 2662 et
1786 2623 2090 2676 Episcopatibus
2117 2625 2235 2665 totius
2253 2625 2432 2677 Anytiae.

1469 2686 1524 2724 De
1550 2689 1721 2737 tempore
1742 2688 1890 2737 Regum
1913 2686 2211 2726 Britannorum.
2230 2688 2360 2728 Etiam
2386 2688 2429 2727 li—

1519 2860 1551 2899 a)
1575 2862 1678 2900 Supra
1702 2865 1770 2892 tom
1806 2861 1835 2893 1.
1861 2868 1936 2901 pag.
1958 2860 2031 2892 ⁶268.

1520 2909 1555 2949 b)
1579 2912 1702 2942 vitiose
1724 2912 1811 2950 apud
1835 2913 1981 2942 Pitseuin
2006 2918 2082 2951 pag.
2108 2910 2232 2944 179.ex
2248 2913 2434 2955 Eysengre-

1459 2960 1513 2989 nio
1536 2962 1568 2990 et
1591 2961 1769 2991 possevino
1791 2961 1833 2991 de
1857 2961 1932 2991 suis
1956 2960 2251 3003 visitationibus,
2278 2964 2334 2996 sed
2351 2973 2426 3006 pag.

1455 3008 1527 3038 85³⁴.
1551 3009 1592 3039 de
1615 3009 1691 3039 suis
1713 3009 1911 3041 visionibus
1927 3033 1937 3048 ,
1964 3014 1996 3041 et
2018 3018 2058 3042 ex
2080 3012 2260 3044 possevino
2282 3013 2324 3044 de
2345 3015 2442 3046 suis·

1453 3057 1695 3090 missionibus.
1721 3062 1827 3097 Quam
1849 3063 1937 3091 recte
1960 3063 2072 3091 autem
2096 3060 2310 3093 Monachum
2328 3062 2430 3096 Win-

1453 3107 1649 3138 toni'ensem
1666 3109 1968 3140 ETHELWOLDUM
1987 3108 2134 3140 eiusdem
2156 3111 2273 3142 aetatis
2287 3111 2329 3142 ab
2344 3113 2427 3153 Epi-

1455 3164 1554 3194 scopo
1579 3155 1748 3188 diversum
1772 3165 1848 3189 cum
1870 3159 2050 3188 Possevino
2072 3157 2197 3198 meiat,
2220 3161 2253 3189 et
2277 3158 2355 3193 huic
2375 3165 2430 3195 vi-

1457 3205 1566 3235 siones
1585 3205 1656 3236 ilias
1673 3228 1683 3242 ‚
1707 3214 1774 3236 non
1793 3207 1959 3246 Episcopo
1975 3205 2167 3243 adscribat,
2193 3205 2249 3238 aiii
2269 3208 2427 3245 viderint.

1459 3255 1604 3284 Pitscum
1626 3258 1759 3287 secutus
1774 3255 1917 3294 cangius
1939 3258 1971 3285 et
1994 3256 2062 3294 ipse
2079 3254 2276 3288 Monachum
2291 3258 2334 3290 ab
2347 3261 2428 3300 Epi-

1455 3310 1574 3340 scopo,
1601 3307 1729 3342 praetcr
1754 3311 1844 3341 rem,
1868 3307 1905 3334 ut
1928 3304 2047 3341 opinor
2064 3325 2073 3340 ,
2096 3302 2284 3346 distinguit.
