2500 4009
381 214 459 253 352

383 287 493 325 facile
539 288 652 325 obvio
698 280 954 324 MATTHIAE
1002 281 1338 321 FARINATORIS

383 350 619 388 Carmelitae
639 345 875 385 'i'icnnensis
894 372 902 390 ,
924 343 1028 381 edito
1051 345 1064 382 <l
1079 342 1153 380 477
1171 372 1179 391 ,
1200 344 1224 382 2
1244 343 1336 382 voll,

381 415 418 448 ct
444 411 596 457 digesto
621 420 688 458 per
711 406 847 443 titulos
872 405 1026 443 LXXV.

437 472 715 509 Testamentum
741 466 974 516 Chrysologi
1006 477 1233 505 memorans
1264 468 1340 518 Ug-

382 533 509 570 lwllus
526 524 618 568 tom.
639 530 683 567 ll.
704 528 836 566 ltaliae
853 538 988 567 sacrae
1005 557 1012 576 ,
1029 539 1114 579 pag.
1134 530 1209 567 333
1227 558 1235 578 ,
1252 530 1340 568 nul-

380 595 459 632 lum
484 591 587 630 aliud
618 590 778 629 videtur
809 591 992 641 signare,
1018 602 1138 641 quam
1163 602 1265 641 quae
1289 591 1338 630 ab

376 667 419 692 eo
450 654 564 692 morti
601 653 732 690 vicino
762 652 868 690 dicta
905 657 1040 691 narrat
1075 653 1268 703 Agnellus
1298 655 1336 691 in

379 715 465 764 ejus
487 716 568 752 vita
593 725 680 764 pag.
707 714 795 753 334.

426 775 569 814 Daniel
583 777 841 825 CHL'RCHE,
860 777 945 814 sive
961 776 1239 826 Ecclesiensis‚
1256 776 1338 816 An—

372 839 459 888 glus
489 838 537 877 de
569 838 685 877 domo
709 850 753 877 ae
780 839 925 877 familia
954 840 1073 889 Regis
1096 840 1252 878 llenrici
1278 840 1336 888 lI,

372 904 475 939 circa
492 900 566 939 An.
585 901 628 939 C.
651 903 691 940 44
704 901 753 938 80
771 902 930 951 scripsit
949 899 1172 950 Urbemmn,
1191 901 1238 939 de
1255 912 1337 939 mo—

372 975 461 1002 rum
483 965 682 1001 comitate.
700 963 885 1002 versibus
902 963 1160 1002 hexametris.
1177 964 1334 1013 Incipit:

371 1026 469 1064 (Vim
493 1024 590 1063 nihil
610 1023 758 1063 utilius.
776 1026 855 1063 MS.
871 1025 1031 1064 Dublini
1050 1027 1087 1063 in
1104 1025 1277 1075 Collegio
1294 1027 1332 1064 S.

369 1088 586 1125 Trinitatis.
606 1088 735 1125 litiam
753 1086 975 1124 cartm'num
993 1086 1081 1137 ejus
1097 1086 1335 1138 rhythmico-

373 1161 463 1187 rum
486 1150 629 1187 librum
647 1149 790 1187 Balcus
807 1150 858 1187 llI
877 1178 884 1197 ,
903 1149 950 1188 47
975 1153 1279 1197 commemorat,
1295 1153 1335 1187 et

369 1225 417 1250 ex
436 1212 552 1250 calvo
578 1213 732 1250 l‘itscus
753 1224 790 1262 p.
812 1212 901 1249 24-3.
926 1211 1168 1261 l‘olycarpus
1190 1212 1335 1261 Leyse-

369 1286 437 1313 rus
460 1276 496 1310 in
518 1277 723 1323 pos-tarum
747 1272 865 1310 medii
890 1273 977 1311 aevi
1000 1273 1163 1311 historia
1183 1285 1220 1323 p.
1244 1273 1333 1311 438.

420 1336 620 1374 CICARDI
652 1334 817 1373 Abbatis
850 1333 1073 1374 chronicon
1102 1336 1179 1374 MS.
1207 1337 1243 1373 in
1269 1336 1333 1373 Bi-

366 1398 559 1436 bliotheca
590 1398 821 1435 monasterii
852 1398 892 1436 S,
922 1398 1024 1435 Galli
1054 1398 1091 1434 in
1124 1398 1328 1445 Helvetia,

366 1465 554 1498 notavere
572 1460 737 1497 Vossius
758 1459 1014 1510 Cangiusque
1035 1472 1083 1497 ex
1101 1460 1328 1497 Possevino.

414 1520 637 1559 Ricliordus
654 1521 971 1571 CICESTRIUS,
987 1523 1073 1559 sive
1090 1521 1139 1559 de
1158 1522 1328 1561 CfflEN-

365 1582 578 1622 CliSTRlA
623 1583 840 1622 Monachus
879 1585 1330 1622 Westmonasteriensis

365 1645 500 1684 Ordini
527 1645 773 1683 Benedictini
805 1645 934 1683 medio
966 1646 1124 1684 saeculo
1147 1646 1237 1684 XIV
1262 1658 1330 1684 au-

363 1714 448 1745 ctor
476 1706 637 1759 Speculi
671 1707 872 1746 Historiae
901 1713 940 1745 et
973 1707 1161 1747 Clzrom'ci
1185 1706 1329 1757 Angylo-

358 1772 568 1809 Saxonum
594 1770 642 1809 ab
666 1770 741 1808 An.
770 1771 845 1808 448
870 1770 918 1808 ad
946 1771 1047 1809 4318
1069 1770 1172 1819 quod
1199 1770 1327 1820 bipar-

358 1834 475 1871 titum
495 1842 594 1883 opus
613 1832 775 1882 perinde
795 1838 838 1871 ut
857 1832 1143 1872 Chrom'corwn
1164 1832 1326 1883 epitome

356 1895 434 1932 MS.
460 1894 563 1943 apud
586 1894 946 1943 Cantabrigienses.
971 1894 1068 1933 Vide
1092 1895 1256 1933 Baleum
1281 1895 1324 1934 V.

359 1955 420 1993 78.
453 1957 629 1994 l‘itseum
654 1967 741 2006 pag.
774 1957 874 2005 462,
906 1968 989 2006 seq.
1020 1957 1205 1995 Vossium
1235 1968 1322 2007 pag.

356 2018 432 2056 532
453 2029 558 2066 ,seq.
585 2017 698 2055 Alius
722 2016 950 2056 Richardus
969 2020 1192 2069 Episcopus
1216 2018 1324 2057 Cice-

357 2079 526 2115 slrensis
552 2078 625 2115 An.
654 2080 756 2116 4255
781 2079 1019 2126 defunctus,
1043 2078 1160 2127 cujus
1189 2081 1271 2117 vita
1300 2091 1322 2117 a

357 2138 522 2176 hadulfo
539 2138 712 2187 Bocking
735 2138 827 2175 Ord.
847 2139 982 2176 Praed.
1004 2141 1107 2178 circa
1124 2139 1197 2178 An.
1218 2140 1318 2178 4270

358 2201 504 2247 scripta
541 2202 673 2234 exstat
700 2199 735 2234 in
763 2198 872 2235 Actis
894 2199 1130 2237 Sanctorum
1153 2201 1175 2237 3
1196 2200 1319 2250 April.

360 2263 399 2295 ut
428 2269 546 2307 supra
567 2257 697 2295 dicere
720 2270 781 2295 me
803 2261 964 2296 memmi
983 2273 990 2297 :
1013 2261 1194 2311 Epitome
1214 2261 1316 2310 apud

359 2320 533 2356 Surium.

413 2381 715 2427 ClMlllillTIJS,
743 2381 765 2418 f.
793 2382 1095 2431 KlNBERTUS,
1120 2384 1222 2422 idem
1248 2385 1319 2421 Le—

359 2441 474 2480 lando
490 2452 522 2479 c.
543 2442 603 2479 79.
623 2442 974 2492 (JL'Nl-jlilili'sUS,
992 2447 1207 2484 Monachus
1223 2446 1315 2484 Ord.

355 2502 499 2541 llenecl.
535 2508 574 2539 et
611 2504 833 2555 Episcopus
860 2506 1168 2547 Lindissarorum
1188 2540 1197 2555 ,
1229 2511 1314 2545 sive

353 2563 607 2603 [luidensium
635 2567 931 2605 liorcvstronsis
947 2598 953 2616 ,
972 2569 1088 2618 cujus
1108 2571 1252 2608 litteris
1271 2581 1313 2607 se

354 2628 454 2663 ‹irs-a
479 2626 523 2664 A.
548 2626 636 2664 7:30.
663 2627 710 2665 ad
737 2629 985 2667 scribendam
1011 2631 1213 2669 Ecclesiae
1234 2631 1315 2670 An—

355 2687 507 2733 ⁸:lorum
534 2688 738 2725 historiam
765 2688 948 2738 adjutum
966 2693 1174 2741 prolitctur
1190 2694 1310 2732 Beda:

357 2749 398 2784 ll!
430 2748 666 2797 I’rouincia,
692 2751 844 2799 inquit,
872 2752 1071 2802 Limlissi,
1102 2766 1204 2805 quae
1235 2755 1313 2794 sint

353 2813 461 2858 flesto
485 2821 578 2858 erqo
602 2810 767 2849 Cllriste
779 2812 897 2862 sidem
913 2846 922 2862 7
941 2826 1094 2865 quaeve
1114 2817 1313 2856 successio

355 2870 613 2908 sacerdotalis
635 2873 860 2923 exsilierit,
883 2875 946 2913 vel
965 2876 1108 2916 litteris
1127 2890 1314 2917 reveren-

354 2932 508 2970 dissimi
529 2931 725 2973 Antistitis
748 2936 938 2975 Cimlwrti
957 2968 963 2985 ,
990 2938 1053 2977 vel
1077 2938 1250 2978 oliorum
1267 2941 1313 2992 Ῐὶ-

355 2993 495 3031 delium
518 2994 611 3032 viva
640 3007 733 3033 voce
763 2997 984 3038 didicimus.
1011 3002 1069 3039 Ex
1096 3001 1157 3039 his
1182 3002 1310 3040 Bedae

353 3056 482 3092 verbis
504 3058 657 3095 l’itsmis
683 3070 768 3108 pag.
798 3062 810 3098 4
823 3062 884 3097 28.
908 3062 1110 3100 Cimberto
1137 3075 1213 3101 non
1239 3064 1311 3103 du-

355 3117 488 3153 bitavit
509 3118 680 3156 tribus-re
699 3120 1310 3171 Compemlizmlemzalz'umsuae

351 3178 473 3222 (lavicis
491 3209 497 3214 .
518 3183 555 3215 et
582 3180 872 3232 Epistolarnm,
899 3185 1076 3223 mooeimc
1093 3185 1147 3224 acl
1162 3187 1309 3225 Bedam

355 3236 496 3273 librum
524 3252 653 3280 ιιιιιιιιι.
682 3244 752 3281 ,xlii
778 3244 921 3284 librum
939 3247 1117 3299 deliretis
1133 3261 1310 3300 compro-

358 3298 592 3337 ciliciolitciu.

1194 208 1551 249 CHURCHF,

1466 285 1616 325 CINUS
1647 287 1922 338 pistoriensis,
1958 294 2190 341 praeceptor
2227 289 2373 330 Bartoli

1411 348 1497 387 JCti
1515 377 1524 395 ,
1547 349 1621 387 Jus
1645 349 1768 389 Civile
1793 350 1926 390 docuit
1955 353 2179 399 Bononiae,
2208 363 2367 403 compo-

1413 409 1580 460 sitisque
1611 412 1649 448 in
1673 409 1836 461 Digesta
1861 418 1901 452 et
1924 414 2079 455 Codicis
2105 414 2179 464 (72
2207 413 2374 453 Venetiis

1412 483 1475 522 ap.
1505 471 1772 511 Tor-resonum
1800 475 1913 513 4494.
1941 476 2003 514 fol.
2028 477 2110 527 gr.)
2133 476 2372 515 Justinianei

1411 533 1532 572 libros
1560 536 1859 574 commentariis
1888 535 2061 575 decessit
2090 536 2165 577 An.
2198 537 2299 576 4336
2325 536 2373 575 de

1411 606 1489 645 quo
1512 601 1670 646 praeter
1690 597 1980 636 Thrithemium
2005 610 2039 636 c.
2065 598 2153 638 575.
2179 597 2375 638 Pancirol-

1411 658 1494 696 lum
1519 661 1559 696 et
1582 659 1678 697 alios
1702 659 1784 697 Nic.
1816 661 2045 699 Conmonus
2075 661 2309 712 Papadopoli
2334 661 2372 698 in

1410 718 1575 758 historia
1598 720 1804 769 Gymnasii
1828 722 2007 759 Patavini
2032 726 2126 760 tom.
2152 723 2185 761 II
2205 751 2213 768 ‚
2237 734 2326 774 pag.
2348 723 2371 760 8

1411 792 1494 830 seq.
1519 785 1559 819 et
1580 782 1706 819 Janus
1730 782 1964 821 Vincentius
1992 782 2166 822 Gravina
2189 783 2238 822 de
2260 785 2374 834 origi-

1411 844 1528 882 nibus
1551 844 1660 882 Juris
1684 843 1840 882 Civilis.
1967 834 1971 837 ”

1465 904 1540 956 (73
1567 905 1727 956 Ciompi
1749 903 1864 955 (Seb.)
1889 905 2078 946 Memorie
2102 904 2205 944 della
2226 905 2311 946 vita
2333 905 2376 944 di

1411 968 1507 1007 cino
1531 979 1587 1005 ec.
1621 967 1716 1006 Pisa
1743 967 1848 1007 4845
1878 980 1897 1007 c
1926 967 2079 1019 P‘istojcz
2104 968 2221 1010 4826.
2242 969 2267 1006 8
2297 979 2368 1006 con

1409 1029 1441 1068 le
1465 1029 1508 1068 (li
1529 1029 1587 1068 lui
1609 1029 1746 1069 Poesie
1762 1030 1786 1079 ).

1459 1090 1694 1129 Bernartius
1715 1090 1863 1131 CIRCA
1881 1104 1930 1130 ex
1945 1093 2172 1143 Praeposito
2189 1092 2370 1142 Papiensi

1408 1155 1628 1205 Episcopus
1648 1153 1722 1192 An.
1743 1154 1856 1193 4492.
1880 1155 2150 1202 Faventinus,
2171 1158 2291 1204 atque
2315 1155 2371 1191 in-

1408 1216 1456 1254 ‹le
1480 1216 1529 1255 ab
1551 1215 1667 1254 Anno
1691 1216 1808 1255 4498.
1828 1217 2032 1266 Papiensis
2054 1226 2182 1266 usque
2201 1215 2251 1254 ad
2269 1216 2370 1255 4243

1408 1289 1486 1328 quo
1511 1277 1615 1315 diem
1647 1277 1742 1315 obiit
1772 1289 2020 1328 supremum.
2052 1279 2166 1317 Hunc
2194 1277 2373 1316 Bernar-

1406 1339 1499 1377 <lum
1529 1337 1698 1376 Balbum
1735 1338 1850 1377 video
1888 1339 2077 1390 appellari
2116 1338 2164 1378 ab
2201 1339 2367 1390 Ughello

1405 1412 1496 1440 cum
1518 1412 1603 1451 pag.
1627 1399 1729 1440 4097
1748 1430 1755 1449 ,
1774 1405 1867 1439 torn.
1890 1402 1930 1449 I,
1953 1401 2018 1440 ubi
2039 1401 2088 1440 de
2107 1400 2367 1451 papiensibus

1404 1468 1490 1501 tum
1520 1467 1613 1501 tom.
1640 1464 1699 1509 ll,
1730 1474 1816 1513 pag.
1848 1463 1923 1502 500
1954 1463 2021 1502 ubi
2052 1463 2101 1502 de
2131 1463 2364 1501 Faventinis

1403 1526 1609 1575 lipiscopis
1625 1524 1796 1562 disserit.
1815 1524 1890 1563 Sed
1908 1524 2144 1563 Bernardus
2163 1523 2285 1564 Circa
2301 1535 2368 1575 ap-

1404 1588 1574 1638 pellatur
1606 1587 1654 1626 ab
1685 1586 1856 1625 Antonio
1894 1586 2144 1636 Augustino,
2183 1588 2250 1637 qui
2279 1584 2367 1635 ejus

1406 1647 1669 1688 collectionem
1692 1648 1961 1688 Decretalium
1991 1660 2084 1688 cum
2114 1650 2219 1688 notis
2247 1647 2371 1687 edidit

1403 1711 1553 1749 Ilerdae
1573 1710 1673 1750 4576
1693 1741 1701 1761 ,
1720 1712 1782 1749 fol.
1809 1722 1992 1750 recusam
2007 1712 2129 1750 Paris.
2153 1711 2254 1750 4609
2273 1740 2281 1760 ,
2304 1710 2365 1748 sol.

1402 1775 1530 1812 Prima
1551 1773 1648 1812 hace
1669 1778 1731 1811 est
1752 1785 1801 1811 ex
1825 1774 2004 1823 quinque
2023 1777 2113 1823 post
2133 1773 2367 1811 Gratianum

1400 1835 1724 1883 collectionibus,
1750 1835 1798 1873 de
1837 1835 1983 1884 quibus
2022 1845 2142 1885 supra
2177 1845 2264 1885 pag.
2290 1832 2368 1873 275

1398 1901 1438 1935 et
1458 1901 1551 1935 torn.
1577 1897 1645 1935 XI.
1671 1896 1938 1935 Bibliothecae
1962 1896 2137 1936 Graecae
2160 1907 2248 1947 pag.
2277 1895 2338 1935 40.

1448 1959 1620 1997 Joannes
1644 1957 1690 1996 (le
1715 1958 1903 1998 CIREYO
1924 1958 1956 2008 a)
1979 1959 2260 2008 Divionensis,
2286 1957 2365 1996 Ab-

1395 2020 1466 2058 bas
1489 2021 1745 2058 Balernensis
1766 2022 1803 2057 in
1827 2019 2057 2070 Burgundia
2080 2019 2173 2057 Ord.
2199 2021 2365 2059 Cisterc.

1396 2082 1575 2119 interfuit
1600 2081 1760 2130 Synodo
1784 2080 2062 2119 Aurelianensi
2093 2080 2166 2119 An.
2195 2079 2298 2119 4477
2322 2084 2363 2118 et

1395 2144 1615 2181 Turonensi
1653 2142 1726 2180 An.
1769 2142 1870 2181 4478
1908 2143 2084 2192 obiitque
2123 2153 2248 2181 senex
2284 2141 2359 2181 An.

1397 2205 1496 2241 4503
1521 2203 1569 2241 de
1595 2214 1672 2253 quo
1699 2204 1796 2242 Lud.
1818 2204 1991 2242 Jacobus
2021 2203 2070 2242 de
2095 2203 2357 2254 scriptoribus

1392 2265 1744 2309 (slabilonensibus,
1770 2269 1810 2303 et
1830 2265 1997 2304 Carolus
2019 2265 2067 2303 de
2089 2265 2209 2304 Viscb
2235 2267 2272 2303 in
2298 2267 2361 2304 Bi-

1389 2326 1583 2364 bliotheca
1604 2328 1858 2366 Cisterciensi
1879 2339 1965 2377 pag.
1984 2327 2061 2366 200
2081 2356 2088 2376 ,
2106 2338 2189 2377 seq.
2211 2328 2359 2366 Exstat

1391 2388 1478 2437 ejus
1511 2387 1792 2438 Compenclium
1828 2390 2069 2427 Sanctorum
2101 2387 2264 2427 Ordinis
2296 2389 2362 2428 Ci-

1391 2449 1619 2488 sterciensis
1633 2481 1643 2498 ,
1666 2454 1706 2488 et
1728 2449 1828 2488 liber
1841 2450 2152 2502 privileyiorum
2176 2449 2359 2500 ejusdem

1391 2511 1574 2560 Ordinis,
1593 2522 1764 2561 quorum
1787 2513 1870 2562 ipse
1888 2511 2085 2562 quaedam
2102 2511 2151 2550 ab
2166 2512 2360 2551 Innocen-

1388 2575 1441 2611 tio
1458 2574 1617 2611 Vlll·illi
1635 2574 1932 2612 conciliaverat.
1953 2574 2121 2612 Divione
2138 2574 2254 2613 4494.
2271 2573 2360 2613 Eoe-

1389 2634 1649 2673 hortationem
1678 2634 1732 2673 ad
1757 2634 1970 2675 Monachos
2001 2634 2285 2675 Cistercienses
2313 2635 2358 2674 li—

1387 2698 1456 2734 bro
1481 2698 1784 2748 Privilegiorum
1810 2696 2067 2747 subjunctam
2086 2727 2094 2747 ,
2115 2696 2277 2735 exhibet
2300 2701 2358 2736 et-

1388 2761 1463 2797 iam
1482 2759 1796 2809 Chrysostomus
1814 2760 2039 2808 Henriquez
2058 2759 2096 2796 in
2113 2769 2184 2797 sua
2203 2759 2354 2800 Cister-

1387 2822 1583 2859 ciensium
1614 2821 1915 2871 privilegiorum
1947 2820 2123 2871 sylloge,
2146 2819 2354 2870 Antwerp.

1389 2884 1490 2921 4630
1508 2886 1549 2920 et
1564 2883 1730 2922 Carolus
1746 2882 1795 2921 de
1813 2882 1933 2921 Viscb
1952 2893 2040 2933 pag.
2057 2882 2133 2921 200
2152 2881 2218 2920 ubi
2233 2882 2353 2919 etiam

1386 2944 1434 2981 de
1458 2944 1651 2982 Joliannis
1676 2944 1798 2993 hujus
1818 2943 1972 2993 dialoqo
1996 2944 2100 2981 inter
2120 2943 2290 2981 Priorem
2312 2945 2353 2980 et

1386 3006 1641 3055 Subpriorem
1659 3034 1666 3053 ,
1685 3011 1823 3044 contra
1840 3006 2016 3044 libellum
2033 3003 2234 3054 quendam
2250 3003 2350 3042 Mac-

1438 3127 1471 3167 a)
1494 3128 1588 3168 Apud
1611 3126 1766 3158 carolum
1787 3127 1827 3157 de
1854 3125 1952 3157 Viscb
1977 3127 2023 3156 ita
2049 3128 2139 3156 recte
2162 3125 2213 3155 bis
2238 3126 2272 3156 in
2298 3127 2355 3157 in-

1378 3176 1476 3215 dice,
1503 3185 1562 3216 pro
1587 3185 1653 3216 quo
1678 3184 1753 3216 pag.
1780 3176 1842 3206 200
1868 3176 1987 3206 vitiose
2014 3174 2053 3204 de
2079 3174 2238 3211 cumin,
2262 3177 2352 3214 quod

1378 3226 1499 3257 deinde
1523 3227 1580 3257 alii
1607 3229 1686 3257 sunt
1710 3227 1845 3257 imitati.
1872 3224 1933 3254 Sed
1957 3227 2044 3254 recte
2067 3222 2107 3254 de
2127 3223 2231 3262 Cirey
2251 3225 2352 3256 etiam

1376 3275 1518 3305 Jacobus
1543 3273 1572 3305 le
1600 3277 1690 3314 Long
1714 3276 1748 3306 in
1773 3272 1981 3305 Bibliotheca
2004 3270 2248 3304 llistoricorum
2275 3274 2352 3305 Gal-

1378 3323 1442 3355 liae
1467 3332 1546 3363 pag.
1571 3322 1644 3355 911.
