2500 4009
392 200 468 239 520
840 221 844 224 -

441 269 695 309 lissxsssrcs
710 266 839 304 Abbas
851 260 1205 310 Benedictinus‚·A.
1225 261 1338 299 4048.

388 333 644 372 l‘alaestinam
684 327 800 366 adiit,
825 335 944 374 quem
968 322 1014 361 de
1054 321 1170 360 laude
1191 325 1342 373 marty-

388 406 476 432 rum
493 392 710 441 scripsisse,
728 390 942 436 martyrem
963 386 1104 434 ipsum,
1119 384 1342 435 sepultum-

387 467 462 507 que
477 451 716 496 Antiochiae,
734 448 975 486 Possevinus
1000 457 1049 484 ex
1066 446 1339 496 Eisengreinio

386 517 536 556 retulit.

437 575 711 618 ERNESTUS.
734 573 949 612 Monachus
974 571 1010 609 S.
1036 572 1149 620 Galli,
1175 582 1251 610 non
1273 570 1341 610 diu

385 647 470 692 post
492 640 530 678 S.
552 636 794 676 Bernardum
829 636 944 673 vixit.
978 635 1038 673 Ex
1063 633 1150 684 ejus
1181 632 1341 684 exposi-

384 703 481 740 tione
504 700 585 738 sive
616 697 864 737 meditatione
902 708 1023 748 super
1055 695 1339 736 Salutationem

382 766 408 803 ,4
418 762 605 815 ιιῃι»1ι”εαηι
631 761 820 800 nonnulla
841 760 953 798 affert
974 761 1148 797 loannes
1169 758 1341 797 Jacobus

381 828 632 875 llottingerus
657 823 873 874 appendice
894 822 942 861 ad
967 823 1180 860 Historiam
1206 821 1342 860 Eccle—

380 890 578 927 siasticam
600 897 713 925 suam
728 886 988 932 llelveticam,
1010 884 1245 922 Germanice
1263 883 1344 922 edi-

382 958 461 990 tam
487 956 579 988 tom.
605 950 666 995 IV⁷
691 960 776 999 pag.
806 948 893 987 4³23.
918 948 1051 997 Tiguri
1076 947 1189 985 4749.
1214 947 1247 984 4.

432 1013 705 1054 limare-s,
729 1012 814 1049 sive
840 1009 1153 1052 EARNULFUS,
1182 1008 1345 1059 Episco-

380 1087 454 1127 pus
491 1075 695 1114 Roffensis.
735 1072 832 1111 Vide
868 1083 1014 1122 supra,
1054 1069 1344 1120 ARNULFUS,

382 1144 475 1176 tom.
504 1139 516 1175 4
543 1166 549 1181 ,
570 1147 652 1190 psg.
672 1136 760 1173 373.
785 1135 963 1173 Caveum
979 1132 1027 1171 ad
1047 1132 1208 1172 Annum
1228 1133 1343 1172 4444.

381 1206 420 1240 et
441 1199 641 1239 Oudinuni
668 1203 763 1235 tom.
787 1198 835 1240 2.
861 1208 947 1247 pag.
971 1196 1086 1234 4064.
1110 1206 1192 1245 seq.

431 1258 948 1307 Essi‘HESFORDlENSiS,
982 1268 1128 1309 supra,
1164 1258 1348 1296 ERFOR-

380 1324 593 1364 DIENSIS.

434 1387 679 1431 EBROEUS,
702 1384 792 1423 vide
816 1384 929 1424 ERIC
941 1385 1012 1423 US.
1049 1383 1181 1422 Etiam
1223 1382 1320 1420 infra
1338 1414 1347 1430 ‚

385 1448 648 1489 llENRlCUS.

435 1511 702 1550 ERTWINUS
738 1508 1071 1555 ERTMANNUS,
1107 1519 1227 1558 supra
1267 1507 1350 1545 ER-

382 1574 596 1614 DWINL‘S.

434 1637 619 1676 ESAIAS
643 1635 802 1681 Abbas,
828 1636 934 1672 inter
958 1635 1118 1672 Latinos
1138 1635 1351 1685 scriptores

381 1704 569 1739 censetur
598 1710 617 1737 a
643 1699 790 1748 Cangio
815 1696 919 1736 aliud
954 1701 1124 1746 agente,
1156 1700 1196 1733 et
1235 1708 1256 1734 a
1292 1707 1353 1734 se-

381 1767 474 1801 cuto
521 1761 808 1800 Bellarminum
853 1759 1026 1797 refertur
1070 1758 1118 1796 ad
1162 1758 1352 1797 Seculum

384 1825 599 1876 septimum
621 1837 627 1861 :
654 1833 885 1873 quanquam
908 1852 915 1870 ³
940 1832 1018 1871 quo
1043 1821 1125 1859 loco
1150 1852 1162 1870 2
1197 1832 1245 1858 ex
1276 1831 1354 1870 qua

382 1885 661 1925 Monachorum
679 1883 899 1934 disciplina,
921 1895 1000 1934 quo
1024 1888 1207 1934 tempore
1225 1883 1356 1921 Abba-

384 1955 465 1987 tem
497 1949 646 1999 egerit,
691 1958 767 1985 non
807 1947 905 1984 satis
943 1950 1102 1985 constat
1123 1959 1129 1983 :
1176 1946 1354 1996 Scriptor

384 2012 560 2050 Graecus
587 2010 896 2059 Praeceptorum
916 2007 970 2046 ad
986 2006 1142 2059 fratres
1161 2006 1233 2058 qui
1261 2018 1350 2045 cum

393 2075 475 2127 ipso
503 2071 713 2121 vivebant3
745 2073 829 2109 sivo.
859 2082 1084 2110 sermonum
1113 2070 1255 2120 XXIX,
1284 2082 1369 2120 qu·x

392 2149 439 2175 ex
464 2137 647 2173 versione
683 2135 789 2172 Petri
829 2134 1027 2171 Francisci
1057 2133 1137 2170 Zini
1172 2132 1351 2183 prodiere

391 2198 566 2235 venetiis
615 2195 743 2241 4574,
787 2196 821 2231 8.
864 2206 955 2233 cum
1003 2194 1205 2233 nonnullis
1248 2195 1322 2233 Nili
1343 2223 1350 2241 ⁷

392 2258 586 2310 liphraeni
610 2287 617 2304 ‚
648 2258 762 2295 Marci
788 2287 795 2305 ‚
831 2257 1069 2306 saepiusque
1098 2257 1229 2294 recusi
1260 2260 1353 2294 sunt

394 2323 429 2359 in
457 2319 635 2359 Biblioth.
663 2320 844 2362 Petrum.
868 2319 986 2356 etiam
1028 2319 1248 2356 novissima
1281 2319 1355 2356 Lu-

391 2382 586 2433 gdunensi
612 2386 704 2419 tom.
731 2381 815 2419 ΧΠ.
838 2391 923 2431 pag.
951 2377 1137 2418 384-447.
1162 2380 1354 2417 Sermone

390 2445 583 2491 vigesimo
600 2448 713 2481 sexto
733 2444 989 2481 continentur
1012 2442 1053 2480 B.
1077 2441 1227 2480 Esaiae
1247 2440 1353 2479 dicta

391 2518 491 2559 quae
527 2505 594 2543 PE
602 2505 681 2543 Tm
686 2506 724 2543 e'S
761 2503 894 2542 Abbas
910 2536 920 2552 ,
946 2502 1165 2555 discspulus
1189 2503 1278 2554 ejus
1301 2515 1357 2542 ece

393 2568 454 2607 illo
471 2567 619 2619 accepit
635 2570 672 2605 et
690 2566 832 2605 litteris
853 2564 1139 2604 commendavit
1156 2576 1242 2616 pag.
1267 2566 1306 2604 44
1320 2566 1355 2604 3.

394 2631 572 2669 Sermoni
597 2633 766 2680 septimo
792 2628 1035 2678 respondent
1063 2628 1203 2666 Esaiae
1228 2627 1356 2666 Abba-

395 2695 445 2730 tis
471 2691 673 2741 κεφάλαια
694 2690 769 2739 περὶ
786 2689 993 2733 σῖσκῆσεως
1018 2687 1271 2739 καὶῆσυχιὰς
1292 2689 1368 2729 Ca-

390 2754 525 2806 pilula
550 2755 635 2793 XIX
649 2786 658 2802 ,
694 2754 740 2793 de
777 2753 966 2805 reliqiosa
995 2753 1300 2792 Eaeercztatz'one
1325 2757 1363 2791 et

395 2817 527 2866 Quiete
543 2849 552 2865 Ι,
577 2819 725 2855 Graece
750 2822 790 2854 et
814 2817 950 2854 Latine
975 2815 1080 2854 edita
1105 2816 1143 2852 in
1165 2815 1360 2853 thesauro

394 2883 562 2918 :is-otico
592 2881 691 2918 Petri
732 2879 882 2917 Possini
913 2889 998 2927 pag.
1031 2878 1222 2917 345-325.
1251 2878 1359 2915 Pari-

396 2944 463 2980 siis
492 2943 614 2990 46847
647 2943 679 2979 4.
706 2941 855 2980 Eadem
882 2938 1083 2988 κεφάλαια
1112 2951 1214 2990 quae
1248 2940 1357 2978 MSta

399 3008 591 3041 nir-morat
636 3003 869 3041 Lambecius
904 3003 964 3041 IV.
1011 3013 1096 3052 pag.
1141 3001 1216 3039 44ἓί
1258 3012 1362 3051 quac

399 3076 489 3102 vero
511 3076 595 3115 pag.
619 3066 693 3103 446
713 3097 722 3112 ,
748 3076 831 3114 seq.
855 3061 929 3112 περὶ
954 3061 1203 3104 κοιταςοίσεως
1227 3063 1362 3112 ἀρχα-

397 3127 476 3169 ρι’ων
497 3126 559 3162 καὶ
585 3125 657 3172 περὶ
680 3121 754 3164 τῶν
778 3139 879 3174 μονα.
899 3124 1093 3163 κελλίτων
1107 3124 1172 3162 καὶ
1196 3125 1271 3162 τῶν
1298 3124 1361 3161 θε-

403 3190 548 3223 λόντων
568 3188 718 3230 οἰκῆσαι
741 3191 781 3225 ἐν
807 3186 984 3244 κοινοβίῳ
1009 3187 1054 3225 de
1080 3187 1259 3235 Novitizs,
1284 3188 1363 3226 Mo-

402 3247 586 3287 nocelliti's
616 3255 650 3287 et
684 3250 728 3289 (le
767 3251 815 3290 iis
848 3251 919 3302 qui
941 3248 1125 3288 habitare
1154 3248 1291 3289 volunt
1322 3249 1363 3286 ia

405 3307 594 3346 ‘'oetiobio
618 3324 625 3347 :
650 3313 859 3361 r‹·sp0nd‹·t
890 3313 1062 3351 sermoni
1097 3314 1198 3350 inter
1222 3313 1362 3351 Esaiae

1184 190 1575 230 ERNESTUS

1416 263 1552 300 Latine
1591 260 1717 300 editos
1755 264 1882 302 tertio.
1922 264 2090 312 Confer,
2129 273 2231 314 quae
2275 263 2376 302 inter

1414 323 1759 374 Apophthegmata
1800 326 1958 366 Patrum
1975 359 1985 376 ,
2033 326 2197 366 Abbatis
2235 325 2376 365 Esaiae

1415 385 1634 424 afferuntur
1656 385 1761 436 apud
1792 387 2031 428 Cotelerium
2057 390 2095 437 1,
2127 391 2375 428 monument.

1414 459 1500 499 pag.
1542 448 1642 495 445,
1681 459 1764 498 seq.
1803 449 1884 487 Zini
1920 451 2148 502 interpretis
2172 451 2302 490 locum
2326 461 2376 489 ex

1415 511 1564 549 Graeco
1602 509 1747 550 Codice
1785 511 2011 551 Colbertino
2049 513 2238 552 emendat
2274 511 2377 551 idem

1415 574 1638 612 Cotelerius
1662 574 1700 611 in
1727 575 1832 612 notis
1856 585 1893 624 p.
1920 574 2012 622 802,
2037 585 2120 626 seq.
2144 581 2185 614 et
2208 575 2285 615 809
2309 575 2376 626 qui

1415 637 1533 674 etiam
1556 636 1605 675 de
1629 636 1702 674 hoc
1727 637 1844 676 Esaia
1862 637 2054 687 scriptore
2073 637 2272 678 videndus
2292 649 2377 690 pag.

1415 699 1504 736 808.
1529 697 1716 737 Codicem
1739 699 1850 738 illum
1880 698 2156 739 Colbertinum
2179 701 2281 741 4509
2312 700 2380 740 de-

1414 761 1505 799 cimi
1516 761 1661 800 saeculi
1681 761 1815 800 laudat
1831 765 2038 812 praeterea
2046 762 2236 802 celeberr.
2252 763 2381 803 Mont-

1418 824 1608 863 fauconus
1634 823 1961 874 Palaeographiae
1991 823 2165 864 Graecae
2197 836 2284 876 pag.
2319 825 2379 864 47.

1418 887 1457 925 Si
1481 886 1586 925 idom
1610 887 1671 926 hic
1701 888 1753 925 sit
1772 887 1913 926 Esaias
1942 886 1991 926 de
2017 898 2097 937 quo
2119 886 2320 927 Palladius
2344 889 2381 926 in

1419 951 1607 988 Lausiaca
1626 960 1710 1000 cap.
1737 951 1786 989 45
1808 979 1816 998 ,
1843 949 1892 988 46
1914 953 1955 988 et
1979 951 2042 1000 55,
2063 961 2149 1001 seq.
2176 960 2294 989 nemo
2313 949 2384 990 du-

1419 1012 1557 1052 bitabit
1580 1013 1847 1063 antiquiorem
1873 1016 1914 1051 et
1936 1023 2030 1051 cum
2046 1012 2210 1064 AEgypti
2227 1011 2384 1052 Ascetis

1418 1075 1465 1114 ad
1505 1075 1685 1114 seculum
1710 1076 1760 1114 IV
1780 1107 1791 1124 ‚
1816 1073 2074 1114 referendum
2098 1085 2202 1114 esse.
2232 1075 2284 1115 Et
2313 1075 2384 1114 Pe-

1420 1142 1506 1176 tras
1544 1138 1711 1176 fortasse
1758 1136 1861 1176 idem
1896 1136 1946 1176 de
1993 1148 2072 1188 quo
2114 1136 2387 1178 Theodoretus

1422 1201 1626 1251 religiosae
1666 1199 1852 1238 historiae
1881 1210 1965 1250 cap.
1991 1200 2060 1238 lX.
2089 1199 2198 1238 Inter
2239 1201 2387 1251 scripta

1422 1263 1601 1302 Ascetica
1641 1263 1855 1314 insigniora
1893 1262 2204 1302 commendatur
2246 1263 2387 1303 Esaiae

1426 1326 1557 1364 libera
1582 1327 1733 1364 Joanne
1756 1324 2005 1364 Antiocheno
2022 1324 2127 1376 apud
2147 1325 2386 1365 Cotelerium

1426 1390 1451 1427 l.
1478 1390 1719 1427 Monument.
1752 1399 1840 1438 pag.
1871 1386 1959 1427 467.

1476 1450 1646 1489 Joannes
1674 1450 1978 1490 ESCHWIDUS
1996 1481 2007 1499 ,
2037 1450 2191 1502 Anglus
2208 1482 2220 1500 ,
2242 1451 2392 1490 Mathe-

1425 1515 1595 1552 maticus
1613 1543 1621 1561 ,
1642 1512 1758 1563 cujus
1782 1517 1917 1551 exstat
1938 1513 2036 1552 liber
2061 1513 2141 1552 An.·
2164 1513 2266 1553 4489
2286 1543 2294 1562 ,
2328 1513 2389 1552 fol.

1424 1577 1600 1615 Venetiis
1623 1579 1789 1614 curante
1825 1575 2004 1614 Johanne
2037 1575 2183 1614 Lucilio
2222 1576 2389 1615 Santrit-

1426 1645 1485 1677 ter
1507 1668 1514 1686 ‚
1559 1638 1880 1685 lleilbronnensi‚
1919 1648 2095 1677 excusus
2135 1637 2208 1676 hoc
2241 1631 2387 1677 titulo:

1427 1702 1591 1739 Summa
1610 1699 1855 1751 Astroloyiae
1870 1698 2083 1752 Judt‘cialis
2108 1699 2155 1739 de
2174 1699 2389 1739 accidenti-

1430 1761 1502 1801 bus
1533 1761 1671 1802 Mundi
1690 1793 1697 1812 ,
1723 1773 1825 1813 quae
1859 1762 2076 1813 Anglicana
2098 1761 2216 1814 vulqo
2239 1764 2408 1801 πωπω·

1424 1829 1561 1877 patur.
1576 1825 1672 1864 Vide
1693 1826 1736 1864 V.
1756 1825 1799 1863 C.
1817 1824 2033 1864 Christiani
2054 1824 2228 1864 Gottlieb
2249 1823 2393 1864 Schw-

1429 1890 1541 1927 artzii
1566 1888 1734 1927 indicem
1755 1888 1943 1926 librorum
1959 1886 2210 1938 quorundam
2233 1887 2392 1926 saeculo

1429 1953 1500 1991 XV
1520 1984 1530 2000 ,
1550 1952 1835 2002 impressorum
1864 1961 1955 2001 pag.
1981 1950 2031 1988 35
2053 1979 2062 1998 ,
2088 1960 2171 2000 seq.

1478 2014 1754 2061 ESTODIUS7
1780 2013 1880 2051 infra
1898 2043 1907 2061 ,
1934 2012 2210 2052 EXTODIUS.

1476 2076 1695 2116 ESYTIUS
1716 2104 1724 2122 ,
1749 2074 1840 2112 vide
1859 2106 1868 2122 ,
1894 2073 2202 2114 HESYCHIUS.

1450 2137 1731 2184 ETHARDUS,
1754 2136 1971 2175 Monachus
1989 2136 2301 2186 Benedictinus‚
2327 2148 2398 2177 su-

1427 2212 1495 2251 pra
1514 2231 1524 2247 ‚
1544 2198 1825 2238 ERHARDUS.

1480 2260 1855 2301 ETHELBALDUS.
1875 2259 1972 2298 Vide
1989 2259 2344 2300 ADELBOLDUS.

1481 2324 1869 2372 ETHELBERTUS,
1915 2324 2002 2361 sive
2044 2323 2359 2364 EDILBERTUS
2383 2353 2391 2372 ,

1429 2387 1659 2426 Cantiorum
1686 2387 1722 2423 in
1747 2385 1887 2436 Anglia
1909 2385 2065 2436 primus
2090 2386 2175 2424 Rex
2199 2385 2392 2426 Christia-

1429 2460 1517 2496 nus,
1542 2450 1607 2499 qui
1632 2448 1706 2486 An.
1727 2448 1814 2486 646.
1840 2447 2039 2486 Februarii
2061 2447 2111 2487 24
2136 2446 2244 2486 obiit.
2266 2447 2392 2499 Hujus

1428 2511 1620 2561 scriptum
1642 2510 1797 2549 nullum
1822 2513 1957 2548 exstat
1974 2520 1995 2558 ,¹
2026 2508 2096 2548 sed
2131 2509 2274 2549 Baleus
2304 2522 2391 2562 pag.

1429 2573 1477 2611 73
1500 2577 1540 2610 et
1560 2574 1715 2612 l‘itseus
1731 2583 1817 2623 pag.
1842 2572 1917 2611 405
1940 2583 1990 2611 ex
2011 2570 2117 2610 Beda
2133 2576 2275 2611 notant
2297 2574 2394 2612 scri-

1430 2637 1557 2686 psisse
1595 2636 1762 2674 Decreta
1794 2633 2068 2686 judiciorum,
2108 2636 2195 2674 sive
2213 2634 2390 2688 primam

1432 2697 1537 2736 illam
1564 2709 1748 2749 maqnam
1773 2697 1965 2737 Chartam
1989 2698 2022 2745 a)
2062 2698 2232 2737 caeteris
2270 2698 2389 2737 etiam

1434 2761 1691 2811 lleptarchiae
1715 2761 1752 2798 in
1778 2759 1917 2810 Anglia
1951 2759 2156 2811 probatam
2191 2760 2389 2812 Regibus,

1435 2824 1482 2862 de
1505 2835 1582 2874 qua
1605 2827 1761 2874 practer
1784 2822 1975 2861 Davidem
2006 2821 2275 2862 Wilkinisium
2295 2826 2388 2861 tom.

1438 2888 1471 2924 4.
1489 2888 1636 2936 Legum
1646 2891 1827 2925 veterum
1844 2882 2076 2937 Anglorum,
2090 2883 2253 2924 Londini
2268 2883 2361 2928 4724
2377 2915 2389 2933 ,

1438 2948 1497 2986 fol.
1539 2947 1628 2986 vide
1669 2959 1770 2998 quae
1813 2958 1939 2998 nuper
1990 2947 2142 2986 notavit
2183 2946 2391 2997 Thornagh

1435 3009 1619 3048 Gourdon
1656 3011 1694 3048 in
1732 3009 1897 3048 historia
1935 3009 2201 3058 parlamenti,
2230 3007 2392 3059 Anglicc

1436 3070 1539 3107 edita
1568 3069 1731 3108 Londini
1767 3068 1862 3108 4734
1886 3098 1893 3117 ‚
1929 3069 1965 3107 8.
1990 3073 2030 3107 et
2057 3068 2324 3122 Epistolarum
2346 3068 2391 3106 li-

1437 3132 1550 3170 brum
1575 3134 1748 3171 maxime
1771 3130 1825 3169 acl
1846 3133 1885 3170 S.
1910 3129 2147 3182 Greyorium
2170 3132 2334 3181 Papam,
2351 3133 2391 3167 et

1436 3193 1483 3232 ad
1512 3195 1551 3234 S.
1588 3193 1876 3245 Auqusttnum,
1914 3192 2130 3244 Anglorum
2155 3190 2387 3243 Apostolum

1491 3324 1523 3362 a)
1549 3325 1780 3366 Bibliotlieque
1805 3327 2028 3366 Britannique
2054 3330 2135 3358 iom.
2160 3324 2204 3364 5,
2230 3332 2306 3365 pag.
2327 3323 2359 3355 9.
