<?xml version="1.0" encoding="UTF-8"?>
<!DOCTYPE html PUBLIC "-//W3C//DTD XHTML 1.0 Transitional//EN"
    "http://www.w3.org/TR/xhtml1/DTD/xhtml1-transitional.dtd">
<html xmlns="http://www.w3.org/1999/xhtml" xml:lang="en" lang="en">
 <head>
  <title>
</title>
<meta http-equiv="Content-Type" content="text/html;charset=utf-8" />
  <meta name='ocr-system' content='tesseract 3.04.00' />
  <meta name='ocr-capabilities' content='ocr_page ocr_carea ocr_par ocr_line ocrx_word'/>
</head>
<body>
  <div class='ocr_page' id='page_1' title='image "./bibliothecalatin01fabruoft_0452.png"; bbox 0 0 2500 4009; ppageno 0'>
   <div class='ocr_carea' id='block_1_1' title="bbox 812 293 1994 511">
    <p class='ocr_par' dir='ltr' id='par_1_1' title="bbox 812 293 1994 511">
     <span class='ocr_line' id='line_1_1' title="bbox 812 293 1994 405; baseline 0.003 -12"><span class='ocrx_word' id='word_1_1' title='bbox 812 293 1254 394; x_wconf 67' lang='lat' dir='ltr'><em>PROVERBtA</em></span> <span class='ocrx_word' id='word_1_2' title='bbox 1305 337 1693 396; x_wconf 80' lang='lat' dir='ltr'>WIPPONIS</span> <span class='ocrx_word' id='word_1_3' title='bbox 1742 326 1994 405; x_wconf 80' lang='lat' dir='ltr'><strong>PRESB.</strong></span> 
     </span>
     <span class='ocr_line' id='line_1_2' title="bbox 915 459 1886 511; baseline 0.002 -14"><span class='ocrx_word' id='word_1_4' title='bbox 915 459 981 497; x_wconf 70' lang='lat' dir='ltr'><em>AD</em></span> <span class='ocrx_word' id='word_1_5' title='bbox 1010 459 1292 511; x_wconf 63' lang='lat' dir='ltr'>HENRICFM,</span> <span class='ocrx_word' id='word_1_6' title='bbox 1323 459 1545 501; x_wconf 72' lang='lat' dir='ltr'>CONRADI</span> <span class='ocrx_word' id='word_1_7' title='bbox 1576 461 1671 500; x_wconf 84' lang='lat' dir='ltr'><strong>IMP.</strong></span> <span class='ocrx_word' id='word_1_8' title='bbox 1702 462 1886 501; x_wconf 79' lang='lat' dir='ltr'>FILIUM.</span> 
     </span>
    </p>
   </div>
   <div class='ocr_carea' id='block_1_2' title="bbox 404 614 1366 3385">
    <p class='ocr_par' dir='ltr' id='par_1_2' title="bbox 485 614 1363 707">
     <span class='ocr_line' id='line_1_3' title="bbox 485 614 1363 661; baseline -0.001 -9"><span class='ocrx_word' id='word_1_9' title='bbox 485 616 623 661; x_wconf 76' lang='lat' dir='ltr'><em>Incipit</em></span> <span class='ocrx_word' id='word_1_10' title='bbox 638 616 830 650; x_wconf 67' lang='lat' dir='ltr'><em>{wentam</em></span> <span class='ocrx_word' id='word_1_11' title='bbox 854 641 863 657; x_wconf 88' lang='lat'>‚</span> <span class='ocrx_word' id='word_1_12' title='bbox 881 614 1050 660; x_wconf 81' lang='lat' dir='ltr'><em>reserens</em></span> <span class='ocrx_word' id='word_1_13' title='bbox 1063 614 1268 660; x_wconf 73' lang='lat' dir='ltr'><em>proverbia</em></span> <span class='ocrx_word' id='word_1_14' title='bbox 1279 625 1363 651; x_wconf 84' lang='lat' dir='ltr'><em>een-</em></span> 
     </span>
     <span class='ocr_line' id='line_1_4' title="bbox 528 677 620 707; baseline 0.011 -1"><span class='ocrx_word' id='word_1_15' title='bbox 528 677 620 707; x_wconf 82' lang='lat' dir='ltr'><em>tum.</em></span> 
     </span>
    </p>

    <p class='ocr_par' dir='ltr' id='par_1_3' title="bbox 479 725 1043 772">
     <span class='ocr_line' id='line_1_5' title="bbox 479 725 1043 772; baseline 0 -10"><span class='ocrx_word' id='word_1_16' title='bbox 479 728 586 763; x_wconf 77' lang='lat' dir='ltr'><em>Decet</em></span> <span class='ocrx_word' id='word_1_17' title='bbox 605 735 728 771; x_wconf 82' lang='lat' dir='ltr'><em>reqem</em></span> <span class='ocrx_word' id='word_1_18' title='bbox 748 725 893 761; x_wconf 82' lang='lat' dir='ltr'><em>discere</em></span> <span class='ocrx_word' id='word_1_19' title='bbox 913 726 1043 772; x_wconf 82' lang='lat' dir='ltr'><em>leqem.</em></span> 
     </span>
    </p>

    <p class='ocr_par' dir='ltr' id='par_1_4' title="bbox 476 782 1162 828">
     <span class='ocr_line' id='line_1_6' title="bbox 476 782 1162 828; baseline 0 -10"><span class='ocrx_word' id='word_1_20' title='bbox 476 783 616 818; x_wconf 72' lang='lat' dir='ltr'><em>Audiat</em></span> <span class='ocrx_word' id='word_1_21' title='bbox 637 792 710 817; x_wconf 70' lang='lat' dir='ltr'><em>rea·</em></span> <span class='ocrx_word' id='word_1_22' title='bbox 739 782 839 828; x_wconf 82' lang='lat' dir='ltr'><em>quod</em></span> <span class='ocrx_word' id='word_1_23' title='bbox 855 783 1050 828; x_wconf 77' lang='lat' dir='ltr'><em>praecipit</em></span> <span class='ocrx_word' id='word_1_24' title='bbox 1079 783 1162 818; x_wconf 63' lang='lat' dir='ltr'><em>les.</em></span> 
     </span>
    </p>

    <p class='ocr_par' dir='ltr' id='par_1_5' title="bbox 476 837 1143 884">
     <span class='ocr_line' id='line_1_7' title="bbox 476 837 1143 884; baseline 0.001 -11"><span class='ocrx_word' id='word_1_25' title='bbox 476 839 609 883; x_wconf 82' lang='lat' dir='ltr'><em>Leqem</em></span> <span class='ocrx_word' id='word_1_26' title='bbox 629 847 782 873; x_wconf 68' lang='lat' dir='ltr'><em>servare</em></span> <span class='ocrx_word' id='word_1_27' title='bbox 803 837 871 872; x_wconf 76' lang='lat' dir='ltr'><em>hoc</em></span> <span class='ocrx_word' id='word_1_28' title='bbox 892 842 944 873; x_wconf 87' lang='lat' dir='ltr'><em>est</em></span> <span class='ocrx_word' id='word_1_29' title='bbox 965 848 1143 884; x_wconf 61' lang='lat' dir='ltr'><em>regnare.</em></span> 
     </span>
    </p>

    <p class='ocr_par' dir='ltr' id='par_1_6' title="bbox 475 893 1294 932">
     <span class='ocr_line' id='line_1_8' title="bbox 475 893 1294 932; baseline 0.004 -3"><span class='ocrx_word' id='word_1_30' title='bbox 475 893 622 929; x_wconf 62' lang='lat' dir='ltr'><em>,N‘otitia</em></span> <span class='ocrx_word' id='word_1_31' title='bbox 641 893 864 929; x_wconf 83' lang='lat' dir='ltr'><em>litterarum</em></span> <span class='ocrx_word' id='word_1_32' title='bbox 886 893 959 928; x_wconf 75' lang='lat' dir='ltr'><em>lucr</em></span> <span class='ocrx_word' id='word_1_33' title='bbox 981 898 1035 929; x_wconf 85' lang='lat' dir='ltr'><em>est</em></span> <span class='ocrx_word' id='word_1_34' title='bbox 1055 895 1294 932; x_wconf 84' lang='lat' dir='ltr'><em>animarum.</em></span> 
     </span>
    </p>

    <p class='ocr_par' dir='ltr' id='par_1_7' title="bbox 477 949 1339 996">
     <span class='ocr_line' id='line_1_9' title="bbox 477 949 1339 996; baseline 0.002 -11"><span class='ocrx_word' id='word_1_35' title='bbox 477 949 637 994; x_wconf 81' lang='lat' dir='ltr'><em>Saepius</em></span> <span class='ocrx_word' id='word_1_36' title='bbox 662 950 814 994; x_wconf 81' lang='lat' dir='ltr'><em>offendit</em></span> <span class='ocrx_word' id='word_1_37' title='bbox 835 950 902 996; x_wconf 86' lang='lat' dir='ltr'><em>qui</em></span> <span class='ocrx_word' id='word_1_38' title='bbox 921 949 1047 984; x_wconf 83' lang='lat' dir='ltr'><em>lumen</em></span> <span class='ocrx_word' id='word_1_39' title='bbox 1067 960 1140 985; x_wconf 85' lang='lat' dir='ltr'><em>non</em></span> <span class='ocrx_word' id='word_1_40' title='bbox 1161 952 1339 987; x_wconf 84' lang='lat' dir='ltr'><em>attendit.</em></span> 
     </span>
    </p>

    <p class='ocr_par' dir='ltr' id='par_1_8' title="bbox 409 1004 1297 1048">
     <span class='ocr_line' id='line_1_10' title="bbox 409 1004 1297 1048; baseline 0.006 -10"><span class='ocrx_word' id='word_1_41' title='bbox 409 1005 431 1038; x_wconf 73' lang='lat'>5</span> <span class='ocrx_word' id='word_1_42' title='bbox 452 1005 528 1048; x_wconf 73' lang='lat' dir='ltr'><em>(tui</em></span> <span class='ocrx_word' id='word_1_43' title='bbox 547 1004 652 1039; x_wconf 76' lang='lat' dir='ltr'><em>habet</em></span> <span class='ocrx_word' id='word_1_44' title='bbox 673 1005 870 1040; x_wconf 83' lang='lat' dir='ltr'><em>seientiam</em></span> <span class='ocrx_word' id='word_1_45' title='bbox 891 1034 898 1040; x_wconf 83' lang='lat'>.</span> <span class='ocrx_word' id='word_1_46' title='bbox 922 1009 1035 1040; x_wconf 81' lang='lat' dir='ltr'><em>ornat</em></span> <span class='ocrx_word' id='word_1_47' title='bbox 1054 1007 1297 1043; x_wconf 83' lang='lat' dir='ltr'><em>sententiam.</em></span> 
     </span>
    </p>

    <p class='ocr_par' dir='ltr' id='par_1_9' title="bbox 479 1060 1364 1150">
     <span class='ocr_line' id='line_1_11' title="bbox 479 1060 1364 1108; baseline 0.001 -12"><span class='ocrx_word' id='word_1_48' title='bbox 479 1060 615 1096; x_wconf 78' lang='lat' dir='ltr'><em>Melior</em></span> <span class='ocrx_word' id='word_1_49' title='bbox 633 1065 686 1095; x_wconf 82' lang='lat' dir='ltr'><em>est</em></span> <span class='ocrx_word' id='word_1_50' title='bbox 707 1061 898 1105; x_wconf 84' lang='lat' dir='ltr'><em>sapientia</em></span> <span class='ocrx_word' id='word_1_51' title='bbox 913 1088 921 1104; x_wconf 93' lang='lat'><em>‚</em></span> <span class='ocrx_word' id='word_1_52' title='bbox 941 1070 1054 1106; x_wconf 86' lang='lat' dir='ltr'><em>quam</em></span> <span class='ocrx_word' id='word_1_53' title='bbox 1072 1062 1283 1097; x_wconf 84' lang='lat' dir='ltr'><em>saecularis</em></span> <span class='ocrx_word' id='word_1_54' title='bbox 1291 1073 1364 1108; x_wconf 91' lang='lat' dir='ltr'><em>po-</em></span> 
     </span>
     <span class='ocr_line' id='line_1_12' title="bbox 527 1117 660 1150; baseline 0 -1"><span class='ocrx_word' id='word_1_55' title='bbox 527 1117 660 1150; x_wconf 83' lang='lat' dir='ltr'><em>tentia.</em></span> 
     </span>
    </p>

    <p class='ocr_par' dir='ltr' id='par_1_10' title="bbox 479 1171 1362 1217">
     <span class='ocr_line' id='line_1_13' title="bbox 479 1171 1362 1217; baseline 0.001 -10"><span class='ocrx_word' id='word_1_56' title='bbox 479 1171 571 1207; x_wconf 78' lang='lat' dir='ltr'><em>Plus</em></span> <span class='ocrx_word' id='word_1_57' title='bbox 581 1173 715 1206; x_wconf 80' lang='lat' dir='ltr'><em>unicus</em></span> <span class='ocrx_word' id='word_1_58' title='bbox 724 1180 869 1212; x_wconf 79' lang='lat' dir='ltr'><em>sensus,</em></span> <span class='ocrx_word' id='word_1_59' title='bbox 879 1181 991 1217; x_wconf 88' lang='lat' dir='ltr'><em>quam</em></span> <span class='ocrx_word' id='word_1_60' title='bbox 1004 1172 1208 1217; x_wconf 78' lang='lat' dir='ltr'><em>rnultt&#39;plea·</em></span> <span class='ocrx_word' id='word_1_61' title='bbox 1215 1183 1362 1209; x_wconf 83' lang='lat' dir='ltr'><em>census.</em></span> 
     </span>
    </p>

    <p class='ocr_par' dir='ltr' id='par_1_11' title="bbox 477 1226 1362 1272">
     <span class='ocr_line' id='line_1_14' title="bbox 477 1226 1362 1272; baseline 0.003 -10"><span class='ocrx_word' id='word_1_62' title='bbox 477 1227 543 1262; x_wconf 80' lang='lat' dir='ltr'><em>Est</em></span> <span class='ocrx_word' id='word_1_63' title='bbox 558 1226 711 1270; x_wconf 85' lang='lat' dir='ltr'><em>sapiens</em></span> <span class='ocrx_word' id='word_1_64' title='bbox 726 1226 898 1267; x_wconf 68' lang='lat' dir='ltr'><em>inultum,</em></span> <span class='ocrx_word' id='word_1_65' title='bbox 912 1227 979 1272; x_wconf 85' lang='lat' dir='ltr'><em>qui</em></span> <span class='ocrx_word' id='word_1_66' title='bbox 994 1231 1097 1262; x_wconf 85' lang='lat' dir='ltr'><em>amat</em></span> <span class='ocrx_word' id='word_1_67' title='bbox 1107 1228 1197 1265; x_wconf 86' lang='lat' dir='ltr'><em>DE!</em></span> <span class='ocrx_word' id='word_1_68' title='bbox 1207 1229 1362 1265; x_wconf 84' lang='lat' dir='ltr'><em>cultum.</em></span> 
     </span>
    </p>

    <p class='ocr_par' dir='ltr' id='par_1_12' title="bbox 478 1281 1136 1326">
     <span class='ocr_line' id='line_1_15' title="bbox 478 1281 1136 1326; baseline 0.005 -10"><span class='ocrx_word' id='word_1_69' title='bbox 478 1282 545 1316; x_wconf 85' lang='lat' dir='ltr'><em>Vir</em></span> <span class='ocrx_word' id='word_1_70' title='bbox 562 1281 692 1326; x_wconf 76' lang='lat' dir='ltr'><em>fidelis</em></span> <span class='ocrx_word' id='word_1_71' title='bbox 711 1286 920 1317; x_wconf 81' lang='lat' dir='ltr'><em>coronatur</em></span> <span class='ocrx_word' id='word_1_72' title='bbox 944 1284 985 1318; x_wconf 84' lang='lat' dir='ltr'><em>in</em></span> <span class='ocrx_word' id='word_1_73' title='bbox 1005 1284 1136 1320; x_wconf 85' lang='lat' dir='ltr'><em>caelis.</em></span> 
     </span>
    </p>

    <p class='ocr_par' dir='ltr' id='par_1_13' title="bbox 411 1337 1166 1383">
     <span class='ocr_line' id='line_1_16' title="bbox 411 1337 1166 1383; baseline 0.008 -13"><span class='ocrx_word' id='word_1_74' title='bbox 411 1338 452 1370; x_wconf 77' lang='lat' dir='ltr'><em>w</em></span> <span class='ocrx_word' id='word_1_75' title='bbox 479 1338 576 1372; x_wconf 84' lang='lat' dir='ltr'><em>Bene</em></span> <span class='ocrx_word' id='word_1_76' title='bbox 597 1337 717 1372; x_wconf 79' lang='lat' dir='ltr'><em>eredit</em></span> <span class='ocrx_word' id='word_1_77' title='bbox 737 1339 806 1383; x_wconf 83' lang='lat' dir='ltr'><em>qui</em></span> <span class='ocrx_word' id='word_1_78' title='bbox 827 1339 1016 1374; x_wconf 78' lang='lat' dir='ltr'><em>nerninem</em></span> <span class='ocrx_word' id='word_1_79' title='bbox 1035 1340 1166 1376; x_wconf 78' lang='lat' dir='ltr'><em>laedit.</em></span> 
     </span>
    </p>

    <p class='ocr_par' dir='ltr' id='par_1_14' title="bbox 477 1393 1308 1440">
     <span class='ocr_line' id='line_1_17' title="bbox 477 1393 1308 1440; baseline 0.008 -15"><span class='ocrx_word' id='word_1_80' title='bbox 477 1393 554 1436; x_wconf 70' lang='lat' dir='ltr'><em>(tui</em></span> <span class='ocrx_word' id='word_1_81' title='bbox 571 1393 666 1436; x_wconf 74' lang='lat' dir='ltr'><em>fidus</em></span> <span class='ocrx_word' id='word_1_82' title='bbox 687 1394 836 1428; x_wconf 83' lang='lat' dir='ltr'><em>seniori</em></span> <span class='ocrx_word' id='word_1_83' title='bbox 854 1423 861 1433; x_wconf 87' lang='grc'>,</span> <span class='ocrx_word' id='word_1_84' title='bbox 885 1396 1137 1440; x_wconf 71' lang='lat' dir='ltr'><em>adprooeimat</em></span> <span class='ocrx_word' id='word_1_85' title='bbox 1155 1396 1308 1433; x_wconf 81' lang='lat' dir='ltr'><em>honori.</em></span> 
     </span>
    </p>

    <p class='ocr_par' dir='ltr' id='par_1_15' title="bbox 475 1448 1293 1496">
     <span class='ocr_line' id='line_1_18' title="bbox 475 1448 1293 1496; baseline 0.009 -15"><span class='ocrx_word' id='word_1_86' title='bbox 475 1449 550 1492; x_wconf 75' lang='lat' dir='ltr'><em>Qui</em></span> <span class='ocrx_word' id='word_1_87' title='bbox 569 1448 722 1493; x_wconf 82' lang='lat' dir='ltr'><em>confidit</em></span> <span class='ocrx_word' id='word_1_88' title='bbox 743 1449 784 1483; x_wconf 83' lang='lat' dir='ltr'><em>in</em></span> <span class='ocrx_word' id='word_1_89' title='bbox 805 1450 906 1487; x_wconf 86' lang='lat' dir='ltr'><em>DEO</em></span> <span class='ocrx_word' id='word_1_90' title='bbox 926 1478 934 1490; x_wconf 75' lang='lat'>.</span> <span class='ocrx_word' id='word_1_91' title='bbox 955 1450 1070 1496; x_wconf 76' lang='lat' dir='ltr'><em>sortis</em></span> <span class='ocrx_word' id='word_1_92' title='bbox 1092 1455 1143 1487; x_wconf 87' lang='lat' dir='ltr'><em>est</em></span> <span class='ocrx_word' id='word_1_93' title='bbox 1163 1456 1203 1487; x_wconf 82' lang='lat' dir='ltr'><em>ut</em></span> <span class='ocrx_word' id='word_1_94' title='bbox 1224 1452 1293 1488; x_wconf 87' lang='lat' dir='ltr'><em>leo.</em></span> 
     </span>
    </p>

    <p class='ocr_par' dir='ltr' id='par_1_16' title="bbox 472 1504 1366 1604">
     <span class='ocr_line' id='line_1_19' title="bbox 472 1504 1366 1554; baseline 0.006 -15"><span class='ocrx_word' id='word_1_95' title='bbox 472 1504 608 1539; x_wconf 81' lang='lat' dir='ltr'><em>Melius</em></span> <span class='ocrx_word' id='word_1_96' title='bbox 625 1508 677 1539; x_wconf 87' lang='lat' dir='ltr'><em>est</em></span> <span class='ocrx_word' id='word_1_97' title='bbox 696 1505 733 1538; x_wconf 84' lang='lat' dir='ltr'><em>in</em></span> <span class='ocrx_word' id='word_1_98' title='bbox 757 1505 858 1541; x_wconf 79' lang='grc' dir='ltr'><em>ΠΕΟ</em></span> <span class='ocrx_word' id='word_1_99' title='bbox 877 1516 1049 1551; x_wconf 85' lang='lat' dir='ltr'><em>sperare,</em></span> <span class='ocrx_word' id='word_1_100' title='bbox 1071 1517 1184 1554; x_wconf 89' lang='lat' dir='ltr'><em>quam</em></span> <span class='ocrx_word' id='word_1_101' title='bbox 1205 1508 1366 1544; x_wconf 63' lang='lat' dir='ltr'><em>divitias</em></span> 
     </span>
     <span class='ocr_line' id='line_1_20' title="bbox 520 1569 763 1604; baseline 0.008 -11"><span class='ocrx_word' id='word_1_102' title='bbox 520 1569 763 1604; x_wconf 77' lang='lat' dir='ltr'><em>conqreqare.</em></span> 
     </span>
    </p>

    <p class='ocr_par' dir='ltr' id='par_1_17' title="bbox 476 1615 1117 1661">
     <span class='ocr_line' id='line_1_21' title="bbox 476 1615 1117 1661; baseline 0.008 -13"><span class='ocrx_word' id='word_1_103' title='bbox 476 1615 705 1650; x_wconf 74' lang='lat' dir='ltr'><em>For-tissima</em></span> <span class='ocrx_word' id='word_1_104' title='bbox 726 1626 809 1660; x_wconf 85' lang='lat' dir='ltr'><em>spes</em></span> <span class='ocrx_word' id='word_1_105' title='bbox 829 1616 1021 1661; x_wconf 81' lang='lat' dir='ltr'><em>beatificat</em></span> <span class='ocrx_word' id='word_1_106' title='bbox 1041 1628 1117 1654; x_wconf 84' lang='lat' dir='ltr'><em>res.</em></span> 
     </span>
    </p>

    <p class='ocr_par' dir='ltr' id='par_1_18' title="bbox 410 1671 1110 1716">
     <span class='ocr_line' id='line_1_22' title="bbox 410 1671 1110 1716; baseline 0.009 -13"><span class='ocrx_word' id='word_1_107' title='bbox 410 1671 449 1704; x_wconf 73' lang='lat'><em>15</em></span> <span class='ocrx_word' id='word_1_108' title='bbox 478 1671 630 1705; x_wconf 79' lang='lat' dir='ltr'><em>Caritas</em></span> <span class='ocrx_word' id='word_1_109' title='bbox 654 1681 728 1705; x_wconf 80' lang='lat' dir='ltr'><em>non</em></span> <span class='ocrx_word' id='word_1_110' title='bbox 747 1672 833 1716; x_wconf 82' lang='lat' dir='ltr'><em>ficta</em></span> <span class='ocrx_word' id='word_1_111' title='bbox 853 1673 934 1707; x_wconf 83' lang='lat' dir='ltr'><em>odit</em></span> <span class='ocrx_word' id='word_1_112' title='bbox 954 1673 1110 1710; x_wconf 81' lang='lat' dir='ltr'><em>delicta.</em></span> 
     </span>
    </p>

    <p class='ocr_par' dir='ltr' id='par_1_19' title="bbox 461 1727 1361 1816">
     <span class='ocr_line' id='line_1_23' title="bbox 461 1727 1361 1777; baseline 0.007 -18"><span class='ocrx_word' id='word_1_113' title='bbox 461 1728 536 1770; x_wconf 76' lang='lat' dir='ltr'><em>Qui</em></span> <span class='ocrx_word' id='word_1_114' title='bbox 561 1727 691 1771; x_wconf 74' lang='lat' dir='ltr'><em>diliqit</em></span> <span class='ocrx_word' id='word_1_115' title='bbox 718 1727 879 1771; x_wconf 80' lang='lat' dir='ltr'><em>fratrem</em></span> <span class='ocrx_word' id='word_1_116' title='bbox 896 1756 903 1771; x_wconf 90' lang='lat'><em>‚</em></span> <span class='ocrx_word' id='word_1_117' title='bbox 924 1729 1056 1773; x_wconf 84' lang='lat' dir='ltr'><em>placat</em></span> <span class='ocrx_word' id='word_1_118' title='bbox 1073 1731 1226 1768; x_wconf 76' lang='lat' dir='ltr'><em>DEL&#39;M</em></span> <span class='ocrx_word' id='word_1_119' title='bbox 1242 1734 1276 1766; x_wconf 88' lang='lat' dir='ltr'><em>et</em></span> <span class='ocrx_word' id='word_1_120' title='bbox 1288 1741 1361 1777; x_wconf 76' lang='lat' dir='ltr'><em>pa-</em></span> 
     </span>
     <span class='ocr_line' id='line_1_24' title="bbox 528 1784 638 1816; baseline 0 -1"><span class='ocrx_word' id='word_1_121' title='bbox 528 1784 638 1816; x_wconf 75' lang='lat' dir='ltr'><em>trem.</em></span> 
     </span>
    </p>

    <p class='ocr_par' dir='ltr' id='par_1_20' title="bbox 472 1837 1286 1881">
     <span class='ocr_line' id='line_1_25' title="bbox 472 1837 1286 1881; baseline 0.009 -10"><span class='ocrx_word' id='word_1_122' title='bbox 472 1837 638 1881; x_wconf 66' lang='lat' dir='ltr'><em>Regnum</em></span> <span class='ocrx_word' id='word_1_123' title='bbox 661 1838 849 1873; x_wconf 78' lang='lat' dir='ltr'><em>coelorum</em></span> <span class='ocrx_word' id='word_1_124' title='bbox 872 1849 949 1873; x_wconf 85' lang='lat' dir='ltr'><em>non</em></span> <span class='ocrx_word' id='word_1_125' title='bbox 975 1844 1027 1875; x_wconf 89' lang='lat' dir='ltr'><em>est</em></span> <span class='ocrx_word' id='word_1_126' title='bbox 1050 1842 1286 1878; x_wconf 83' lang='lat' dir='ltr'><em>invidorum.</em></span> 
     </span>
    </p>

    <p class='ocr_par' dir='ltr' id='par_1_21' title="bbox 472 1893 1250 1941">
     <span class='ocr_line' id='line_1_26' title="bbox 472 1893 1250 1941; baseline 0.006 -13"><span class='ocrx_word' id='word_1_127' title='bbox 472 1893 608 1928; x_wconf 75' lang='lat' dir='ltr'><em>Melius</em></span> <span class='ocrx_word' id='word_1_128' title='bbox 629 1898 679 1926; x_wconf 77' lang='lat' dir='ltr'><em>est</em></span> <span class='ocrx_word' id='word_1_129' title='bbox 700 1893 909 1928; x_wconf 85' lang='lat' dir='ltr'><em>humiliari</em></span> <span class='ocrx_word' id='word_1_130' title='bbox 929 1906 1040 1941; x_wconf 86' lang='lat' dir='ltr'><em>quam</em></span> <span class='ocrx_word' id='word_1_131' title='bbox 1061 1898 1250 1933; x_wconf 72' lang='lat' dir='ltr'><em>exaltari.</em></span> 
     </span>
    </p>

    <p class='ocr_par' dir='ltr' id='par_1_22' title="bbox 473 1948 1224 1995">
     <span class='ocr_line' id='line_1_27' title="bbox 473 1948 1224 1995; baseline 0.007 -12"><span class='ocrx_word' id='word_1_132' title='bbox 473 1948 642 1983; x_wconf 79' lang='lat' dir='ltr'><em>Humilis</em></span> <span class='ocrx_word' id='word_1_133' title='bbox 673 1948 780 1983; x_wconf 78' lang='lat' dir='ltr'><em>homo</em></span> <span class='ocrx_word' id='word_1_134' title='bbox 801 1950 1015 1995; x_wconf 78' lang='lat' dir='ltr'><em>triumphat</em></span> <span class='ocrx_word' id='word_1_135' title='bbox 1038 1952 1080 1986; x_wconf 88' lang='lat' dir='ltr'><em>in</em></span> <span class='ocrx_word' id='word_1_136' title='bbox 1101 1952 1224 1988; x_wconf 87' lang='lat' dir='ltr'><em>domo.</em></span> 
     </span>
    </p>

    <p class='ocr_par' dir='ltr' id='par_1_23' title="bbox 410 2004 1258 2097">
     <span class='ocr_line' id='line_1_28' title="bbox 410 2004 1258 2053; baseline 0.007 -15"><span class='ocrx_word' id='word_1_137' title='bbox 410 2005 455 2038; x_wconf 68' lang='lat'><em>20</em></span> <span class='ocrx_word' id='word_1_138' title='bbox 482 2004 558 2048; x_wconf 75' lang='lat' dir='ltr'><em>Qui</em></span> <span class='ocrx_word' id='word_1_139' title='bbox 573 2014 642 2048; x_wconf 85' lang='lat' dir='ltr'><em>per</em></span> <span class='ocrx_word' id='word_1_140' title='bbox 664 2005 788 2039; x_wconf 85' lang='lat' dir='ltr'><em>ardua</em></span> <span class='ocrx_word' id='word_1_141' title='bbox 811 2005 918 2040; x_wconf 75' lang='lat' dir='ltr'><em>radit</em></span> <span class='ocrx_word' id='word_1_142' title='bbox 936 2031 947 2047; x_wconf 90' lang='lat'><strong>,</strong></span> <span class='ocrx_word' id='word_1_143' title='bbox 967 2009 1120 2053; x_wconf 86' lang='lat' dir='ltr'><em>saepius</em></span> <span class='ocrx_word' id='word_1_144' title='bbox 1142 2009 1258 2043; x_wconf 85' lang='lat' dir='ltr'><em>cadit.</em></span> 
     </span>
     <span class='ocr_line' id='line_1_29' title="bbox 476 2060 1002 2097; baseline 0.006 -4"><span class='ocrx_word' id='word_1_145' title='bbox 476 2060 559 2094; x_wconf 83' lang='lat' dir='ltr'><em>Viri</em></span> <span class='ocrx_word' id='word_1_146' title='bbox 580 2061 688 2093; x_wconf 84' lang='lat' dir='ltr'><em>mites</em></span> <span class='ocrx_word' id='word_1_147' title='bbox 710 2065 880 2095; x_wconf 81' lang='lat' dir='ltr'><em>renuunt</em></span> <span class='ocrx_word' id='word_1_148' title='bbox 904 2062 1002 2097; x_wconf 85' lang='lat' dir='ltr'><em>lites.</em></span> 
     </span>
    </p>

    <p class='ocr_par' dir='ltr' id='par_1_24' title="bbox 473 2115 1363 2263">
     <span class='ocr_line' id='line_1_30' title="bbox 476 2115 1363 2162; baseline 0.009 -15"><span class='ocrx_word' id='word_1_149' title='bbox 476 2116 551 2158; x_wconf 75' lang='lat' dir='ltr'><em>Qui</em></span> <span class='ocrx_word' id='word_1_150' title='bbox 571 2115 722 2149; x_wconf 75' lang='lat' dir='ltr'><em>assidue</em></span> <span class='ocrx_word' id='word_1_151' title='bbox 742 2116 952 2158; x_wconf 58' lang='lat' dir='ltr'><em>rimantur,</em></span> <span class='ocrx_word' id='word_1_152' title='bbox 973 2127 996 2151; x_wconf 93' lang='lat' dir='ltr'><em>a</em></span> <span class='ocrx_word' id='word_1_153' title='bbox 1014 2120 1149 2162; x_wconf 78' lang='lat' dir='ltr'><em>paucis</em></span> <span class='ocrx_word' id='word_1_154' title='bbox 1169 2123 1363 2155; x_wconf 83' lang='lat' dir='ltr'><em>amantur.</em></span> 
     </span>
     <span class='ocr_line' id='line_1_31' title="bbox 473 2170 1276 2217; baseline 0.005 -12"><span class='ocrx_word' id='word_1_155' title='bbox 473 2170 591 2205; x_wconf 78' lang='lat' dir='ltr'><em>Malos</em></span> <span class='ocrx_word' id='word_1_156' title='bbox 607 2180 678 2213; x_wconf 85' lang='lat' dir='ltr'><em>pro</em></span> <span class='ocrx_word' id='word_1_157' title='bbox 698 2170 798 2205; x_wconf 76' lang='grc' dir='ltr'><em>ΠΕΟ</em></span> <span class='ocrx_word' id='word_1_158' title='bbox 819 2171 981 2206; x_wconf 87' lang='lat' dir='ltr'><em>tolerare</em></span> <span class='ocrx_word' id='word_1_159' title='bbox 1006 2177 1057 2207; x_wconf 87' lang='lat' dir='ltr'><em>est</em></span> <span class='ocrx_word' id='word_1_160' title='bbox 1085 2184 1276 2217; x_wconf 87' lang='lat' dir='ltr'><em>superare.</em></span> 
     </span>
     <span class='ocr_line' id='line_1_32' title="bbox 477 2225 1186 2263; baseline 0.006 -3"><span class='ocrx_word' id='word_1_161' title='bbox 477 2225 588 2260; x_wconf 80' lang='lat' dir='ltr'><em>Pacis</em></span> <span class='ocrx_word' id='word_1_162' title='bbox 609 2226 748 2258; x_wconf 81' lang='lat' dir='ltr'><em>annum</em></span> <span class='ocrx_word' id='word_1_163' title='bbox 770 2227 943 2260; x_wconf 82' lang='lat' dir='ltr'><em>omnibus</em></span> <span class='ocrx_word' id='word_1_164' title='bbox 964 2232 1017 2261; x_wconf 85' lang='lat' dir='ltr'><em>est</em></span> <span class='ocrx_word' id='word_1_165' title='bbox 1037 2229 1186 2263; x_wconf 85' lang='lat' dir='ltr'><em>bonum.</em></span> 
     </span>
    </p>

    <p class='ocr_par' dir='ltr' id='par_1_25' title="bbox 404 2280 1362 2549">
     <span class='ocr_line' id='line_1_33' title="bbox 404 2280 1359 2324; baseline 0.007 -11"><span class='ocrx_word' id='word_1_166' title='bbox 404 2281 449 2314; x_wconf 67' lang='lat'><em>25,</em></span> <span class='ocrx_word' id='word_1_167' title='bbox 475 2281 550 2323; x_wconf 78' lang='lat' dir='ltr'><em>Qui</em></span> <span class='ocrx_word' id='word_1_168' title='bbox 571 2281 718 2324; x_wconf 82' lang='lat' dir='ltr'><em>in·pace</em></span> <span class='ocrx_word' id='word_1_169' title='bbox 734 2280 955 2324; x_wconf 72' lang='lat' dir='ltr'><em>[tundantur</em></span> <span class='ocrx_word' id='word_1_170' title='bbox 971 2308 981 2324; x_wconf 88' lang='lat'>‚</span> <span class='ocrx_word' id='word_1_171' title='bbox 1004 2293 1080 2318; x_wconf 84' lang='lat' dir='ltr'><em>non</em></span> <span class='ocrx_word' id='word_1_172' title='bbox 1095 2285 1359 2321; x_wconf 74' lang='lat' dir='ltr'><strong><em>eradicantur.</em></strong></span> 
     </span>
     <span class='ocr_line' id='line_1_34' title="bbox 474 2335 1362 2383; baseline 0.01 -15"><span class='ocrx_word' id='word_1_173' title='bbox 474 2336 697 2369; x_wconf 72' lang='lat' dir='ltr'><em>Incendium</em></span> <span class='ocrx_word' id='word_1_174' title='bbox 718 2335 900 2371; x_wconf 87' lang='lat' dir='ltr'><em>bellorum</em></span> <span class='ocrx_word' id='word_1_175' title='bbox 919 2341 1114 2383; x_wconf 78' lang='lat' dir='ltr'><em>corruptio</em></span> <span class='ocrx_word' id='word_1_176' title='bbox 1137 2345 1188 2375; x_wconf 67' lang='lat' dir='ltr'><em>est</em></span> <span class='ocrx_word' id='word_1_177' title='bbox 1203 2351 1362 2377; x_wconf 85' lang='lat' dir='ltr'><em>morum.</em></span> 
     </span>
     <span class='ocr_line' id='line_1_35' title="bbox 477 2391 1204 2434; baseline 0.01 -9"><span class='ocrx_word' id='word_1_178' title='bbox 477 2392 595 2425; x_wconf 84' lang='lat' dir='ltr'><em>Homo</em></span> <span class='ocrx_word' id='word_1_179' title='bbox 614 2391 777 2434; x_wconf 83' lang='lat' dir='ltr'><em>pudieus</em></span> <span class='ocrx_word' id='word_1_180' title='bbox 798 2396 851 2425; x_wconf 79' lang='lat' dir='ltr'><em>est</em></span> <span class='ocrx_word' id='word_1_181' title='bbox 871 2395 1023 2428; x_wconf 82' lang='lat' dir='ltr'><em>animae</em></span> <span class='ocrx_word' id='word_1_182' title='bbox 1044 2397 1204 2432; x_wconf 85' lang='lat' dir='ltr'><em>amicus.</em></span> 
     </span>
     <span class='ocr_line' id='line_1_36' title="bbox 477 2445 1345 2497; baseline 0.009 -17"><span class='ocrx_word' id='word_1_183' title='bbox 477 2445 738 2491; x_wconf 75' lang='lat' dir='ltr'><em>l&#39;bisrequcns</em></span> <span class='ocrx_word' id='word_1_184' title='bbox 750 2447 927 2490; x_wconf 56' lang='lat' dir='ltr'><em>luxuria,</em></span> <span class='ocrx_word' id='word_1_185' title='bbox 947 2459 1023 2484; x_wconf 82' lang='lat' dir='ltr'><em>non</em></span> <span class='ocrx_word' id='word_1_186' title='bbox 1035 2452 1153 2486; x_wconf 84' lang='lat' dir='ltr'><em>deerit</em></span> <span class='ocrx_word' id='word_1_187' title='bbox 1163 2454 1345 2497; x_wconf 83' lang='lat' dir='ltr'><em>penuria.</em></span> 
     </span>
     <span class='ocr_line' id='line_1_37' title="bbox 480 2500 1219 2549; baseline 0.012 -15"><span class='ocrx_word' id='word_1_188' title='bbox 480 2500 656 2544; x_wconf 76' lang='lat' dir='ltr'><em>Voluptas</em></span> <span class='ocrx_word' id='word_1_189' title='bbox 673 2503 869 2536; x_wconf 81' lang='lat' dir='ltr'><em>mundana</em></span> <span class='ocrx_word' id='word_1_190' title='bbox 881 2513 1026 2549; x_wconf 82' lang='lat' dir='ltr'><em>semper</em></span> <span class='ocrx_word' id='word_1_191' title='bbox 1039 2511 1091 2541; x_wconf 80' lang='lat' dir='ltr'><em>est</em></span> <span class='ocrx_word' id='word_1_192' title='bbox 1105 2518 1219 2543; x_wconf 74' lang='lat' dir='ltr'><em>vana.</em></span> 
     </span>
    </p>

    <p class='ocr_par' dir='ltr' id='par_1_26' title="bbox 405 2555 1362 2610">
     <span class='ocr_line' id='line_1_38' title="bbox 405 2555 1362 2610; baseline 0.015 -25"><span class='ocrx_word' id='word_1_193' title='bbox 405 2557 449 2586; x_wconf 72' lang='lat'><em>:3⁰</em></span> <span class='ocrx_word' id='word_1_194' title='bbox 473 2555 623 2589; x_wconf 75' lang='lat' dir='ltr'><em>Ju‘licis</em></span> <span class='ocrx_word' id='word_1_195' title='bbox 651 2558 879 2592; x_wconf 71' lang='lat' dir='ltr'><em>sententiam</em></span> <span class='ocrx_word' id='word_1_196' title='bbox 907 2565 1051 2604; x_wconf 83' lang='lat' dir='ltr'><em>oportet</em></span> <span class='ocrx_word' id='word_1_197' title='bbox 1077 2564 1186 2610; x_wconf 70' lang='lat' dir='ltr'><em>sequi</em></span> <span class='ocrx_word' id='word_1_198' title='bbox 1204 2564 1362 2599; x_wconf 86' lang='lat' dir='ltr'><em>elemen-</em></span> 
     </span>
    </p>

    <p class='ocr_par' dir='ltr' id='par_1_27' title="bbox 472 2611 1361 2933">
     <span class='ocr_line' id='line_1_39' title="bbox 518 2611 632 2646; baseline 0.018 -2"><span class='ocrx_word' id='word_1_199' title='bbox 518 2611 632 2646; x_wconf 85' lang='lat' dir='ltr'><em>tiam.</em></span> 
     </span>
     <span class='ocr_line' id='line_1_40' title="bbox 472 2667 1361 2722; baseline 0.012 -21"><span class='ocrx_word' id='word_1_200' title='bbox 472 2667 606 2702; x_wconf 79' lang='lat' dir='ltr'><em>Melius</em></span> <span class='ocrx_word' id='word_1_201' title='bbox 626 2673 678 2703; x_wconf 77' lang='lat' dir='ltr'><em>est</em></span> <span class='ocrx_word' id='word_1_202' title='bbox 699 2671 891 2708; x_wconf 82' lang='lat' dir='ltr'><em>interdum</em></span> <span class='ocrx_word' id='word_1_203' title='bbox 915 2675 1122 2719; x_wconf 71' lang='lat' dir='ltr'><em>iquos-ecre,</em></span> <span class='ocrx_word' id='word_1_204' title='bbox 1144 2685 1256 2722; x_wconf 86' lang='lat' dir='ltr'><em>quam</em></span> <span class='ocrx_word' id='word_1_205' title='bbox 1276 2678 1361 2712; x_wconf 72' lang='lat' dir='ltr'><em>vin-</em></span> 
     </span>
     <span class='ocr_line' id='line_1_41' title="bbox 517 2723 846 2770; baseline 0.021 -15"><span class='ocrx_word' id='word_1_206' title='bbox 517 2723 655 2758; x_wconf 82' lang='lat' dir='ltr'><em>dictam</em></span> <span class='ocrx_word' id='word_1_207' title='bbox 677 2737 846 2770; x_wconf 86' lang='lat' dir='ltr'><em>poscere.</em></span> 
     </span>
     <span class='ocr_line' id='line_1_42' title="bbox 473 2778 1360 2834; baseline 0.018 -25"><span class='ocrx_word' id='word_1_208' title='bbox 473 2778 548 2820; x_wconf 81' lang='lat' dir='ltr'><em>Qui</em></span> <span class='ocrx_word' id='word_1_209' title='bbox 556 2779 770 2824; x_wconf 73' lang='lat' dir='ltr'><em>misceretur,</em></span> <span class='ocrx_word' id='word_1_210' title='bbox 779 2785 1085 2821; x_wconf 82' lang='lat' dir='ltr'><em>misericordiam</em></span> <span class='ocrx_word' id='word_1_211' title='bbox 1096 2793 1360 2834; x_wconf 81' lang='lat' dir='ltr'><em>consequetur.</em></span> 
     </span>
     <span class='ocr_line' id='line_1_43' title="bbox 477 2832 1258 2888; baseline 0.019 -23"><span class='ocrx_word' id='word_1_212' title='bbox 477 2832 629 2869; x_wconf 77' lang='lat' dir='ltr'><em>Verbum</em></span> <span class='ocrx_word' id='word_1_213' title='bbox 649 2839 821 2874; x_wconf 74' lang='lat' dir='ltr'><em>veritatis</em></span> <span class='ocrx_word' id='word_1_214' title='bbox 842 2842 1035 2876; x_wconf 76' lang='lat' dir='ltr'><em>subveniet</em></span> <span class='ocrx_word' id='word_1_215' title='bbox 1049 2843 1258 2888; x_wconf 81' lang='lat' dir='ltr'><em>judicatis.</em></span> 
     </span>
     <span class='ocr_line' id='line_1_44' title="bbox 476 2887 1054 2933; baseline 0.022 -13"><span class='ocrx_word' id='word_1_216' title='bbox 476 2887 608 2924; x_wconf 79' lang='lat' dir='ltr'><em>Falsus</em></span> <span class='ocrx_word' id='word_1_217' title='bbox 631 2892 672 2924; x_wconf 80' lang='lat' dir='ltr'><em>in</em></span> <span class='ocrx_word' id='word_1_218' title='bbox 691 2903 752 2927; x_wconf 86' lang='lat' dir='ltr'><em>ore</em></span> <span class='ocrx_word' id='word_1_219' title='bbox 775 2900 875 2930; x_wconf 75' lang='lat' dir='ltr'><em>earet</em></span> <span class='ocrx_word' id='word_1_220' title='bbox 896 2897 1054 2933; x_wconf 77' lang='lat' dir='ltr'><em>tumore.</em></span> 
     </span>
    </p>

    <p class='ocr_par' dir='ltr' id='par_1_28' title="bbox 406 2943 1210 2993">
     <span class='ocr_line' id='line_1_45' title="bbox 406 2943 1210 2993; baseline 0.02 -19"><span class='ocrx_word' id='word_1_221' title='bbox 406 2943 450 2975; x_wconf 62' lang='lat'><em>2251</em></span> <span class='ocrx_word' id='word_1_222' title='bbox 477 2945 552 2986; x_wconf 77' lang='lat' dir='ltr'><em>Qui</em></span> <span class='ocrx_word' id='word_1_223' title='bbox 570 2945 740 2989; x_wconf 68' lang='lat' dir='ltr'><em>salsitate</em></span> <span class='ocrx_word' id='word_1_224' title='bbox 762 2951 858 2986; x_wconf 70' lang='lat' dir='ltr'><em>vivit</em></span> <span class='ocrx_word' id='word_1_225' title='bbox 881 2980 887 2993; x_wconf 88' lang='lat'>‚</span> <span class='ocrx_word' id='word_1_226' title='bbox 912 2954 1041 2989; x_wconf 86' lang='lat' dir='ltr'><em>omnia</em></span> <span class='ocrx_word' id='word_1_227' title='bbox 1059 2955 1210 2990; x_wconf 76' lang='lat' dir='ltr'><em>occidit.</em></span> 
     </span>
    </p>

    <p class='ocr_par' dir='ltr' id='par_1_29' title="bbox 477 2999 1361 3048">
     <span class='ocr_line' id='line_1_46' title="bbox 477 2999 1361 3048; baseline 0.018 -16"><span class='ocrx_word' id='word_1_228' title='bbox 477 2999 551 3041; x_wconf 77' lang='lat' dir='ltr'><em>Qui</em></span> <span class='ocrx_word' id='word_1_229' title='bbox 566 3006 619 3035; x_wconf 74' lang='lat' dir='ltr'><em>est</em></span> <span class='ocrx_word' id='word_1_230' title='bbox 636 3002 777 3039; x_wconf 68' lang='lat' dir='ltr'><em>hilaris</em></span> <span class='ocrx_word' id='word_1_231' title='bbox 794 3007 917 3048; x_wconf 81' lang='lat' dir='ltr'><em>dator,</em></span> <span class='ocrx_word' id='word_1_232' title='bbox 936 3008 1034 3043; x_wconf 80' lang='lat' dir='ltr'><em>hunc</em></span> <span class='ocrx_word' id='word_1_233' title='bbox 1049 3015 1152 3045; x_wconf 88' lang='lat' dir='ltr'><em>amat</em></span> <span class='ocrx_word' id='word_1_234' title='bbox 1169 3012 1361 3048; x_wconf 69' lang='lat' dir='ltr'><em>Salvator,</em></span> 
     </span>
    </p>

    <p class='ocr_par' dir='ltr' id='par_1_30' title="bbox 478 3053 1117 3101">
     <span class='ocr_line' id='line_1_47' title="bbox 478 3053 1117 3101; baseline 0.027 -17"><span class='ocrx_word' id='word_1_235' title='bbox 478 3053 610 3089; x_wconf 76' lang='lat' dir='ltr'><em>Omnis</em></span> <span class='ocrx_word' id='word_1_236' title='bbox 631 3067 770 3095; x_wconf 69' lang='lat' dir='ltr'><em>avarus</em></span> <span class='ocrx_word' id='word_1_237' title='bbox 793 3062 893 3096; x_wconf 83' lang='lat' dir='ltr'><em>nulli</em></span> <span class='ocrx_word' id='word_1_238' title='bbox 921 3068 972 3098; x_wconf 87' lang='lat' dir='ltr'><em>est</em></span> <span class='ocrx_word' id='word_1_239' title='bbox 993 3075 1117 3101; x_wconf 78' lang='lat' dir='ltr'><em>carus.</em></span> 
     </span>
    </p>

    <p class='ocr_par' dir='ltr' id='par_1_31' title="bbox 479 3108 1144 3156">
     <span class='ocr_line' id='line_1_48' title="bbox 479 3108 1144 3156; baseline 0.024 -16"><span class='ocrx_word' id='word_1_240' title='bbox 479 3108 582 3143; x_wconf 80' lang='lat' dir='ltr'><em>Bona</em></span> <span class='ocrx_word' id='word_1_241' title='bbox 603 3114 769 3149; x_wconf 77' lang='lat' dir='ltr'><em>tribuere</em></span> <span class='ocrx_word' id='word_1_242' title='bbox 788 3126 863 3151; x_wconf 82' lang='lat' dir='ltr'><em>non</em></span> <span class='ocrx_word' id='word_1_243' title='bbox 884 3123 935 3153; x_wconf 76' lang='lat' dir='ltr'><em>est</em></span> <span class='ocrx_word' id='word_1_244' title='bbox 958 3121 1144 3156; x_wconf 84' lang='lat' dir='ltr'><em>minnere.</em></span> 
     </span>
    </p>

    <p class='ocr_par' dir='ltr' id='par_1_32' title="bbox 485 3163 1361 3257">
     <span class='ocr_line' id='line_1_49' title="bbox 485 3163 1361 3219; baseline 0.019 -21"><span class='ocrx_word' id='word_1_245' title='bbox 485 3163 554 3194; x_wconf 75' lang='lat' dir='ltr'><em>l&#39;bi</em></span> <span class='ocrx_word' id='word_1_246' title='bbox 571 3173 714 3211; x_wconf 72' lang='lat' dir='ltr'><em>puqnat</em></span> <span class='ocrx_word' id='word_1_247' title='bbox 734 3176 865 3207; x_wconf 73' lang='lat' dir='ltr'><em>saneta</em></span> <span class='ocrx_word' id='word_1_248' title='bbox 883 3176 1021 3219; x_wconf 79' lang='lat' dir='ltr'><em>oratio,</em></span> <span class='ocrx_word' id='word_1_249' title='bbox 1043 3177 1096 3210; x_wconf 84' lang='lat' dir='ltr'><em>ibi</em></span> <span class='ocrx_word' id='word_1_250' title='bbox 1111 3178 1361 3215; x_wconf 65' lang='lat' dir='ltr'><em>vineilurtri-</em></span> 
     </span>
     <span class='ocr_line' id='line_1_50' title="bbox 528 3219 684 3257; baseline 0.032 -8"><span class='ocrx_word' id='word_1_251' title='bbox 528 3219 684 3257; x_wconf 75' lang='lat' dir='ltr'><em>hulalit),</em></span> 
     </span>
    </p>

    <p class='ocr_par' dir='ltr' id='par_1_33' title="bbox 419 3269 1289 3385">
     <span class='ocr_line' id='line_1_51' title="bbox 419 3269 1289 3335; baseline 0.025 -31"><span class='ocrx_word' id='word_1_252' title='bbox 419 3269 459 3302; x_wconf 70' lang='grc' dir='ltr'><em>’σθ</em></span> <span class='ocrx_word' id='word_1_253' title='bbox 490 3272 720 3312; x_wconf 69' lang='lat' dir='ltr'><em>incessanter</em></span> <span class='ocrx_word' id='word_1_254' title='bbox 740 3291 852 3317; x_wconf 83' lang='lat' dir='ltr'><em>orare</em></span> <span class='ocrx_word' id='word_1_255' title='bbox 872 3288 926 3319; x_wconf 77' lang='lat' dir='ltr'><em>est</em></span> <span class='ocrx_word' id='word_1_256' title='bbox 955 3286 1091 3322; x_wconf 68' lang='lat' dir='ltr'><em>delicta</em></span> <span class='ocrx_word' id='word_1_257' title='bbox 1108 3299 1289 3335; x_wconf 71' lang='lat' dir='ltr'><em>purqare.</em></span> 
     </span>
     <span class='ocr_line' id='line_1_52' title="bbox 486 3326 1117 3385; baseline 0.022 -21"><span class='ocrx_word' id='word_1_258' title='bbox 486 3326 578 3360; x_wconf 64' lang='lat'><em>&#39;5⁰²0’</em></span> <span class='ocrx_word' id='word_1_259' title='bbox 600 3336 681 3364; x_wconf 67' lang='lat' dir='ltr'><em>“rat</em></span> <span class='ocrx_word' id='word_1_260' title='bbox 703 3337 765 3377; x_wconf 76' lang='lat' dir='ltr'><em>qui</em></span> <span class='ocrx_word' id='word_1_261' title='bbox 788 3338 825 3371; x_wconf 82' lang='lat' dir='ltr'><em>in</em></span> <span class='ocrx_word' id='word_1_262' title='bbox 848 3341 956 3373; x_wconf 71' lang='lat' dir='ltr'><em>eorde</em></span> <span class='ocrx_word' id='word_1_263' title='bbox 976 3342 1117 3385; x_wconf 76' lang='lat' dir='ltr'><em>plorat.</em></span> 
     </span>
    </p>
   </div>
   <div class='ocr_carea' id='block_1_3' title="bbox 1429 616 2408 3394">
    <p class='ocr_par' dir='ltr' id='par_1_34' title="bbox 1429 616 2408 3394">
     <span class='ocr_line' id='line_1_53' title="bbox 1501 616 2323 662; baseline 0.004 -10"><span class='ocrx_word' id='word_1_264' title='bbox 1501 616 1700 662; x_wconf 80' lang='lat' dir='ltr'><em>Jejnnium</em></span> <span class='ocrx_word' id='word_1_265' title='bbox 1718 616 1816 662; x_wconf 85' lang='lat' dir='ltr'><em>sorte</em></span> <span class='ocrx_word' id='word_1_266' title='bbox 1834 616 1969 652; x_wconf 84' lang='lat' dir='ltr'><em>liberat</em></span> <span class='ocrx_word' id='word_1_267' title='bbox 1989 626 2014 653; x_wconf 86' lang='lat' dir='ltr'><em>a</em></span> <span class='ocrx_word' id='word_1_268' title='bbox 2030 620 2193 657; x_wconf 83' lang='lat' dir='ltr'><em>secunda</em></span> <span class='ocrx_word' id='word_1_269' title='bbox 2210 623 2323 657; x_wconf 81' lang='lat' dir='ltr'><em>sorte.</em></span> 
     </span>
     <span class='ocr_line' id='line_1_54' title="bbox 1502 672 2386 723; baseline 0.007 -17"><span class='ocrx_word' id='word_1_270' title='bbox 1502 672 1580 716; x_wconf 83' lang='lat' dir='ltr'><em>Qui</em></span> <span class='ocrx_word' id='word_1_271' title='bbox 1597 681 1674 707; x_wconf 84' lang='lat' dir='ltr'><em>non</em></span> <span class='ocrx_word' id='word_1_272' title='bbox 1686 676 1811 717; x_wconf 85' lang='lat' dir='ltr'><em>potest</em></span> <span class='ocrx_word' id='word_1_273' title='bbox 1821 674 2002 719; x_wconf 81' lang='lat' dir='ltr'><em>jejunare</em></span> <span class='ocrx_word' id='word_1_274' title='bbox 2020 701 2028 718; x_wconf 91' lang='lat'>‚</span> <span class='ocrx_word' id='word_1_275' title='bbox 2048 674 2171 711; x_wconf 86' lang='lat' dir='ltr'><em>discat</em></span> <span class='ocrx_word' id='word_1_276' title='bbox 2187 676 2366 723; x_wconf 75' lang='lat' dir='ltr'><em>eleemosy</em></span> <span class='ocrx_word' id='word_1_277' title='bbox 2378 695 2386 701; x_wconf 90' lang='lat'><strong>·</strong></span> 
     </span>
     <span class='ocr_line' id='line_1_55' title="bbox 1547 727 1766 763; baseline 0.009 -2"><span class='ocrx_word' id='word_1_278' title='bbox 1547 736 1639 762; x_wconf 88' lang='lat' dir='ltr'><em>nam</em></span> <span class='ocrx_word' id='word_1_279' title='bbox 1659 727 1766 763; x_wconf 86' lang='lat' dir='ltr'><em>dare.</em></span> 
     </span>
     <span class='ocr_line' id='line_1_56' title="bbox 1502 782 2342 829; baseline 0.008 -13"><span class='ocrx_word' id='word_1_280' title='bbox 1502 782 1600 817; x_wconf 87' lang='lat' dir='ltr'><em>Bene</em></span> <span class='ocrx_word' id='word_1_281' title='bbox 1617 782 1807 828; x_wconf 73' lang='lat' dir='ltr'><em>Jubilabit</em></span> <span class='ocrx_word' id='word_1_282' title='bbox 1824 784 1892 829; x_wconf 84' lang='lat' dir='ltr'><em>qui</em></span> <span class='ocrx_word' id='word_1_283' title='bbox 1911 793 1935 818; x_wconf 90' lang='lat' dir='ltr'><em>a</em></span> <span class='ocrx_word' id='word_1_284' title='bbox 1955 783 2051 818; x_wconf 87' lang='lat' dir='ltr'><em>bono</em></span> <span class='ocrx_word' id='word_1_285' title='bbox 2071 794 2147 820; x_wconf 83' lang='lat' dir='ltr'><em>non</em></span> <span class='ocrx_word' id='word_1_286' title='bbox 2171 787 2342 824; x_wconf 81' lang='lat' dir='ltr'><em>cessabit.</em></span> 
     </span>
     <span class='ocr_line' id='line_1_57' title="bbox 1429 836 2392 887; baseline 0.005 -15"><span class='ocrx_word' id='word_1_287' title='bbox 1429 836 1476 872; x_wconf 59' lang='lat'><em>(125</em></span> <span class='ocrx_word' id='word_1_288' title='bbox 1501 837 1637 875; x_wconf 84' lang='lat' dir='ltr'><em>Melius</em></span> <span class='ocrx_word' id='word_1_289' title='bbox 1658 842 1711 873; x_wconf 86' lang='lat' dir='ltr'><em>est</em></span> <span class='ocrx_word' id='word_1_290' title='bbox 1730 838 1925 874; x_wconf 84' lang='lat' dir='ltr'><em>interdum</em></span> <span class='ocrx_word' id='word_1_291' title='bbox 1944 839 2114 874; x_wconf 85' lang='lat' dir='ltr'><em>dormire</em></span> <span class='ocrx_word' id='word_1_292' title='bbox 2131 867 2140 884; x_wconf 93' lang='lat'>‚</span> <span class='ocrx_word' id='word_1_293' title='bbox 2161 849 2275 887; x_wconf 85' lang='lat' dir='ltr'><em>quam</em></span> <span class='ocrx_word' id='word_1_294' title='bbox 2303 841 2392 877; x_wconf 82' lang='lat' dir='ltr'><em>dia-</em></span> 
     </span>
     <span class='ocr_line' id='line_1_58' title="bbox 1547 893 1811 930; baseline 0.008 -3"><span class='ocrx_word' id='word_1_295' title='bbox 1547 893 1630 928; x_wconf 90' lang='lat' dir='ltr'><em>bolo</em></span> <span class='ocrx_word' id='word_1_296' title='bbox 1650 894 1811 930; x_wconf 76' lang='lat' dir='ltr'><em>servire.</em></span> 
     </span>
     <span class='ocr_line' id='line_1_59' title="bbox 1499 949 2364 989; baseline 0.005 -4"><span class='ocrx_word' id='word_1_297' title='bbox 1499 950 1675 986; x_wconf 82' lang='lat' dir='ltr'><em>Dormire</em></span> <span class='ocrx_word' id='word_1_298' title='bbox 1696 959 1775 985; x_wconf 81' lang='lat' dir='ltr'><em>non</em></span> <span class='ocrx_word' id='word_1_299' title='bbox 1794 949 1955 986; x_wconf 82' lang='lat' dir='ltr'><em>multum</em></span> <span class='ocrx_word' id='word_1_300' title='bbox 1975 950 2176 987; x_wconf 64' lang='lat' dir='ltr'><em>exhilarat</em></span> <span class='ocrx_word' id='word_1_301' title='bbox 2202 952 2364 989; x_wconf 79' lang='lat' dir='ltr'><em>vultum.</em></span> 
     </span>
     <span class='ocr_line' id='line_1_60' title="bbox 1501 1006 2313 1052; baseline 0.004 -12"><span class='ocrx_word' id='word_1_302' title='bbox 1501 1006 1578 1050; x_wconf 83' lang='lat' dir='ltr'><em>Qui</em></span> <span class='ocrx_word' id='word_1_303' title='bbox 1595 1015 1632 1041; x_wconf 91' lang='lat' dir='ltr'><em>se</em></span> <span class='ocrx_word' id='word_1_304' title='bbox 1652 1006 1797 1052; x_wconf 81' lang='lat' dir='ltr'><em>fatetur</em></span> <span class='ocrx_word' id='word_1_305' title='bbox 1816 1015 1922 1041; x_wconf 85' lang='lat' dir='ltr'><em>reum</em></span> <span class='ocrx_word' id='word_1_306' title='bbox 1937 1033 1946 1050; x_wconf 91' lang='lat'>,</span> <span class='ocrx_word' id='word_1_307' title='bbox 1964 1006 2096 1051; x_wconf 85' lang='lat' dir='ltr'><em>placat</em></span> <span class='ocrx_word' id='word_1_308' title='bbox 2113 1006 2272 1045; x_wconf 86' lang='lat' dir='ltr'><em>DEUM.</em></span> <span class='ocrx_word' id='word_1_309' title='bbox 2304 1032 2313 1043; x_wconf 85' lang='grc'><strong>.</strong></span> 
     </span>
     <span class='ocr_line' id='line_1_61' title="bbox 1505 1061 2391 1107; baseline 0.001 -10"><span class='ocrx_word' id='word_1_310' title='bbox 1505 1061 1578 1097; x_wconf 85' lang='lat' dir='ltr'><em>Ubi</em></span> <span class='ocrx_word' id='word_1_311' title='bbox 1589 1065 1642 1097; x_wconf 87' lang='lat' dir='ltr'><em>est</em></span> <span class='ocrx_word' id='word_1_312' title='bbox 1651 1071 1742 1097; x_wconf 80' lang='lat' dir='ltr'><em>vera</em></span> <span class='ocrx_word' id='word_1_313' title='bbox 1750 1062 2004 1107; x_wconf 86' lang='lat' dir='ltr'><em>poenitentia,</em></span> <span class='ocrx_word' id='word_1_314' title='bbox 2013 1062 2069 1097; x_wconf 87' lang='lat' dir='ltr'><em>ibi</em></span> <span class='ocrx_word' id='word_1_315' title='bbox 2077 1062 2170 1099; x_wconf 86' lang='lat' dir='ltr'><em>DEI</em></span> <span class='ocrx_word' id='word_1_316' title='bbox 2179 1063 2391 1099; x_wconf 86' lang='lat' dir='ltr'><em>clementia.</em></span> 
     </span>
     <span class='ocr_line' id='line_1_62' title="bbox 1500 1116 2390 1163; baseline 0.003 -11"><span class='ocrx_word' id='word_1_317' title='bbox 1500 1116 1653 1162; x_wconf 83' lang='lat' dir='ltr'><em>Oportet</em></span> <span class='ocrx_word' id='word_1_318' title='bbox 1668 1118 1768 1153; x_wconf 85' lang='lat' dir='ltr'><em>enim</em></span> <span class='ocrx_word' id='word_1_319' title='bbox 1779 1127 1939 1163; x_wconf 85' lang='lat' dir='ltr'><em>parcere</em></span> <span class='ocrx_word' id='word_1_320' title='bbox 1946 1117 2015 1153; x_wconf 85' lang='lat' dir='ltr'><em>diu</em></span> <span class='ocrx_word' id='word_1_321' title='bbox 2020 1118 2161 1163; x_wconf 85' lang='lat' dir='ltr'><em>positis</em></span> <span class='ocrx_word' id='word_1_322' title='bbox 2172 1118 2215 1154; x_wconf 86' lang='lat' dir='ltr'><em>in</em></span> <span class='ocrx_word' id='word_1_323' title='bbox 2226 1128 2390 1155; x_wconf 88' lang='lat' dir='ltr'><em>carcere.</em></span> 
     </span>
     <span class='ocr_line' id='line_1_63' title="bbox 1430 1173 2388 1221; baseline 0.002 -13"><span class='ocrx_word' id='word_1_324' title='bbox 1430 1173 1477 1208; x_wconf 85' lang='lat'><em>50</em></span> <span class='ocrx_word' id='word_1_325' title='bbox 1505 1173 1617 1209; x_wconf 84' lang='lat' dir='ltr'><em>Valde</em></span> <span class='ocrx_word' id='word_1_326' title='bbox 1634 1174 1829 1219; x_wconf 79' lang='lat' dir='ltr'><em>decipitur</em></span> <span class='ocrx_word' id='word_1_327' title='bbox 1849 1174 1917 1220; x_wconf 88' lang='lat' dir='ltr'><em>qui</em></span> <span class='ocrx_word' id='word_1_328' title='bbox 1935 1183 2142 1221; x_wconf 79' lang='lat' dir='ltr'><em>numquam</em></span> <span class='ocrx_word' id='word_1_329' title='bbox 2162 1175 2388 1220; x_wconf 86' lang='lat' dir='ltr'><em>corripitur.</em></span> 
     </span>
     <span class='ocr_line' id='line_1_64' title="bbox 1500 1229 2366 1275; baseline 0.001 -10"><span class='ocrx_word' id='word_1_330' title='bbox 1500 1229 1723 1265; x_wconf 82' lang='lat' dir='ltr'><em>Amicabitis</em></span> <span class='ocrx_word' id='word_1_331' title='bbox 1744 1230 1962 1275; x_wconf 72' lang='lat' dir='ltr'><em>increpatio</em></span> <span class='ocrx_word' id='word_1_332' title='bbox 1980 1239 2059 1264; x_wconf 87' lang='lat' dir='ltr'><em>non</em></span> <span class='ocrx_word' id='word_1_333' title='bbox 2079 1233 2133 1266; x_wconf 85' lang='lat' dir='ltr'><em>est</em></span> <span class='ocrx_word' id='word_1_334' title='bbox 2153 1230 2366 1267; x_wconf 79' lang='lat' dir='ltr'><em>damnatio.</em></span> 
     </span>
     <span class='ocr_line' id='line_1_65' title="bbox 1501 1284 2305 1331; baseline 0.001 -10"><span class='ocrx_word' id='word_1_335' title='bbox 1501 1284 1634 1321; x_wconf 84' lang='lat' dir='ltr'><em>Oleum</em></span> <span class='ocrx_word' id='word_1_336' title='bbox 1651 1286 1869 1331; x_wconf 86' lang='lat' dir='ltr'><em>peccatoris</em></span> <span class='ocrx_word' id='word_1_337' title='bbox 1893 1286 1977 1321; x_wconf 89' lang='lat' dir='ltr'><em>laus</em></span> <span class='ocrx_word' id='word_1_338' title='bbox 1999 1289 2051 1321; x_wconf 87' lang='lat' dir='ltr'><em>est</em></span> <span class='ocrx_word' id='word_1_339' title='bbox 2071 1285 2305 1322; x_wconf 84' lang='lat' dir='ltr'><em>adulatoris.</em></span> 
     </span>
     <span class='ocr_line' id='line_1_66' title="bbox 1504 1341 2392 1388; baseline 0 -11"><span class='ocrx_word' id='word_1_340' title='bbox 1504 1341 1578 1377; x_wconf 83' lang='lat' dir='ltr'><em>L&#39;bi</em></span> <span class='ocrx_word' id='word_1_341' title='bbox 1597 1341 1711 1387; x_wconf 75' lang='lat' dir='ltr'><em>lonqa</em></span> <span class='ocrx_word' id='word_1_342' title='bbox 1740 1341 1902 1377; x_wconf 79' lang='lat' dir='ltr'><em>ebrietas</em></span> <span class='ocrx_word' id='word_1_343' title='bbox 1925 1369 1934 1384; x_wconf 87' lang='lat'>‚</span> <span class='ocrx_word' id='word_1_344' title='bbox 1960 1342 2017 1376; x_wconf 86' lang='lat' dir='ltr'><em>ibi</em></span> <span class='ocrx_word' id='word_1_345' title='bbox 2034 1342 2159 1378; x_wconf 84' lang='lat' dir='ltr'><em>brevis</em></span> <span class='ocrx_word' id='word_1_346' title='bbox 2177 1345 2230 1378; x_wconf 86' lang='lat' dir='ltr'><em>est</em></span> <span class='ocrx_word' id='word_1_347' title='bbox 2252 1341 2392 1388; x_wconf 84' lang='lat' dir='ltr'><em>pietas.</em></span> 
     </span>
     <span class='ocr_line' id='line_1_67' title="bbox 1509 1395 2408 1442; baseline 0.002 -11"><span class='ocrx_word' id='word_1_348' title='bbox 1509 1395 1645 1431; x_wconf 84' lang='lat' dir='ltr'><em>Vinum</em></span> <span class='ocrx_word' id='word_1_349' title='bbox 1655 1397 1814 1432; x_wconf 86' lang='lat' dir='ltr'><em>multum</em></span> <span class='ocrx_word' id='word_1_350' title='bbox 1825 1401 1856 1431; x_wconf 88' lang='lat' dir='ltr'><em>et</em></span> <span class='ocrx_word' id='word_1_351' title='bbox 1864 1397 2111 1442; x_wconf 85' lang='lat' dir='ltr'><em>sorteparum</em></span> <span class='ocrx_word' id='word_1_352' title='bbox 2119 1397 2267 1433; x_wconf 86' lang='lat' dir='ltr'><em>distata</em></span> <span class='ocrx_word' id='word_1_353' title='bbox 2277 1402 2408 1433; x_wconf 87' lang='lat' dir='ltr'><em>morte.</em></span> 
     </span>
     <span class='ocr_line' id='line_1_68' title="bbox 1431 1452 2393 1498; baseline 0.002 -12"><span class='ocrx_word' id='word_1_354' title='bbox 1431 1452 1477 1486; x_wconf 86' lang='lat'><em>55</em></span> <span class='ocrx_word' id='word_1_355' title='bbox 1504 1453 1578 1487; x_wconf 90' lang='lat' dir='ltr'><em>Per</em></span> <span class='ocrx_word' id='word_1_356' title='bbox 1589 1452 1787 1497; x_wconf 82' lang='lat' dir='ltr'><em>crapulam</em></span> <span class='ocrx_word' id='word_1_357' title='bbox 1797 1453 1874 1488; x_wconf 86' lang='lat' dir='ltr'><em>cibi</em></span> <span class='ocrx_word' id='word_1_358' title='bbox 1884 1456 1916 1487; x_wconf 88' lang='lat' dir='ltr'><em>ct</em></span> <span class='ocrx_word' id='word_1_359' title='bbox 1924 1455 2037 1497; x_wconf 84' lang='lat' dir='ltr'><em>potus</em></span> <span class='ocrx_word' id='word_1_360' title='bbox 2043 1453 2150 1498; x_wconf 88' lang='lat' dir='ltr'><em>perit</em></span> <span class='ocrx_word' id='word_1_361' title='bbox 2163 1452 2393 1492; x_wconf 79' lang='lat' dir='ltr'><em>homototus.</em></span> 
     </span>
     <span class='ocr_line' id='line_1_69' title="bbox 1502 1508 2394 1555; baseline 0.001 -12"><span class='ocrx_word' id='word_1_362' title='bbox 1502 1508 1577 1543; x_wconf 84' lang='lat' dir='ltr'><em>Per</em></span> <span class='ocrx_word' id='word_1_363' title='bbox 1589 1508 1872 1543; x_wconf 81' lang='lat' dir='ltr'><em>moderantiam</em></span> <span class='ocrx_word' id='word_1_364' title='bbox 1885 1509 2115 1555; x_wconf 77' lang='lat' dir='ltr'><em>pervenitur</em></span> <span class='ocrx_word' id='word_1_365' title='bbox 2129 1509 2180 1545; x_wconf 85' lang='lat' dir='ltr'><em>ad</em></span> <span class='ocrx_word' id='word_1_366' title='bbox 2194 1509 2394 1545; x_wconf 83' lang='lat' dir='ltr'><em>abundan-</em></span> 
     </span>
     <span class='ocr_line' id='line_1_70' title="bbox 1546 1563 1657 1599; baseline 0.009 -1"><span class='ocrx_word' id='word_1_367' title='bbox 1546 1563 1657 1599; x_wconf 85' lang='lat' dir='ltr'><em>tiam.</em></span> 
     </span>
     <span class='ocr_line' id='line_1_71' title="bbox 1501 1620 2215 1666; baseline -0.001 -10"><span class='ocrx_word' id='word_1_368' title='bbox 1501 1620 1744 1656; x_wconf 84' lang='lat' dir='ltr'><em>Mediocriter</em></span> <span class='ocrx_word' id='word_1_369' title='bbox 1759 1620 1880 1665; x_wconf 83' lang='lat' dir='ltr'><em>ptura</em></span> <span class='ocrx_word' id='word_1_370' title='bbox 1898 1620 2039 1666; x_wconf 64' lang='lat' dir='ltr'><em>§audet</em></span> <span class='ocrx_word' id='word_1_371' title='bbox 2057 1623 2215 1656; x_wconf 83' lang='lat' dir='ltr'><em>natura.</em></span> 
     </span>
     <span class='ocr_line' id='line_1_72' title="bbox 1502 1675 2398 1722; baseline -0.001 -11"><span class='ocrx_word' id='word_1_372' title='bbox 1502 1676 1751 1711; x_wconf 75' lang='lat' dir='ltr'><em>Proverbium</em></span> <span class='ocrx_word' id='word_1_373' title='bbox 1777 1675 1832 1712; x_wconf 87' lang='lat' dir='ltr'><em>Ne</em></span> <span class='ocrx_word' id='word_1_374' title='bbox 1867 1675 1965 1722; x_wconf 88' lang='lat' dir='ltr'><em>quid</em></span> <span class='ocrx_word' id='word_1_375' title='bbox 1998 1675 2116 1711; x_wconf 86' lang='lat' dir='ltr'><em>nimis</em></span> <span class='ocrx_word' id='word_1_376' title='bbox 2143 1675 2329 1712; x_wconf 85' lang='lat' dir='ltr'><em>laudatur</em></span> <span class='ocrx_word' id='word_1_377' title='bbox 2354 1675 2398 1710; x_wconf 87' lang='lat' dir='ltr'><em>in</em></span> 
     </span>
     <span class='ocr_line' id='line_1_73' title="bbox 1542 1732 1702 1776; baseline 0.006 -11"><span class='ocrx_word' id='word_1_378' title='bbox 1542 1732 1702 1776; x_wconf 84' lang='lat' dir='ltr'><em>primis.</em></span> 
     </span>
     <span class='ocr_line' id='line_1_74' title="bbox 1501 1785 2306 1833; baseline 0 -11"><span class='ocrx_word' id='word_1_379' title='bbox 1501 1787 1662 1823; x_wconf 78' lang='lat' dir='ltr'><em>Juvenis</em></span> <span class='ocrx_word' id='word_1_380' title='bbox 1681 1788 1879 1823; x_wconf 87' lang='lat' dir='ltr'><em>animosus</em></span> <span class='ocrx_word' id='word_1_381' title='bbox 1900 1796 2020 1822; x_wconf 74' lang='lat' dir='ltr'><em>senex</em></span> <span class='ocrx_word' id='word_1_382' title='bbox 2037 1785 2080 1832; x_wconf 80' lang='lat' dir='ltr'><em>fit</em></span> <span class='ocrx_word' id='word_1_383' title='bbox 2099 1786 2306 1833; x_wconf 64' lang='lat' dir='ltr'><em>gloriosus.</em></span> 
     </span>
     <span class='ocr_line' id='line_1_75' title="bbox 1429 1839 2397 1887; baseline -0.002 -9"><span class='ocrx_word' id='word_1_384' title='bbox 1429 1842 1477 1878; x_wconf 83' lang='lat'><em>60</em></span> <span class='ocrx_word' id='word_1_385' title='bbox 1503 1843 1580 1886; x_wconf 83' lang='lat' dir='ltr'><em>Qui</em></span> <span class='ocrx_word' id='word_1_386' title='bbox 1588 1844 1766 1887; x_wconf 85' lang='lat' dir='ltr'><em>torpescit</em></span> <span class='ocrx_word' id='word_1_387' title='bbox 1774 1843 1863 1878; x_wconf 88' lang='lat' dir='ltr'><em>dum</em></span> <span class='ocrx_word' id='word_1_388' title='bbox 1874 1842 1984 1883; x_wconf 83' lang='lat' dir='ltr'><em>calet,</em></span> <span class='ocrx_word' id='word_1_389' title='bbox 1992 1841 2165 1887; x_wconf 65' lang='lat' dir='ltr'><em>frigidus</em></span> <span class='ocrx_word' id='word_1_390' title='bbox 2176 1839 2397 1877; x_wconf 84' lang='lat' dir='ltr'><em>nihitvalet.</em></span> 
     </span>
     <span class='ocr_line' id='line_1_76' title="bbox 1501 1897 2398 1945; baseline -0.001 -12"><span class='ocrx_word' id='word_1_391' title='bbox 1501 1898 1578 1944; x_wconf 85' lang='lat' dir='ltr'><em>Qui</em></span> <span class='ocrx_word' id='word_1_392' title='bbox 1596 1902 1705 1934; x_wconf 75' lang='lat' dir='ltr'><em>vacat</em></span> <span class='ocrx_word' id='word_1_393' title='bbox 1729 1899 1771 1933; x_wconf 86' lang='lat' dir='ltr'><em>in</em></span> <span class='ocrx_word' id='word_1_394' title='bbox 1791 1900 2010 1945; x_wconf 77' lang='lat' dir='ltr'><em>Juventute,</em></span> <span class='ocrx_word' id='word_1_395' title='bbox 2031 1897 2212 1933; x_wconf 87' lang='lat' dir='ltr'><em>turbatnr</em></span> <span class='ocrx_word' id='word_1_396' title='bbox 2228 1897 2272 1932; x_wconf 88' lang='lat' dir='ltr'><em>in</em></span> <span class='ocrx_word' id='word_1_397' title='bbox 2290 1906 2398 1932; x_wconf 78' lang='lat' dir='ltr'><em>senc-</em></span> 
     </span>
     <span class='ocr_line' id='line_1_77' title="bbox 1549 1958 1659 1990; baseline 0.009 -1"><span class='ocrx_word' id='word_1_398' title='bbox 1549 1958 1659 1990; x_wconf 84' lang='lat' dir='ltr'><em>ctute.</em></span> 
     </span>
     <span class='ocr_line' id='line_1_78' title="bbox 1504 2008 2174 2046; baseline -0.001 -2"><span class='ocrx_word' id='word_1_399' title='bbox 1504 2009 1634 2045; x_wconf 86' lang='lat' dir='ltr'><em>Fortes</em></span> <span class='ocrx_word' id='word_1_400' title='bbox 1660 2010 1741 2046; x_wconf 79' lang='lat' dir='ltr'><em>viri</em></span> <span class='ocrx_word' id='word_1_401' title='bbox 1760 2010 1936 2045; x_wconf 84' lang='lat' dir='ltr'><em>omnibus</em></span> <span class='ocrx_word' id='word_1_402' title='bbox 1956 2011 2047 2044; x_wconf 88' lang='lat' dir='ltr'><em>sunt</em></span> <span class='ocrx_word' id='word_1_403' title='bbox 2066 2008 2174 2044; x_wconf 84' lang='lat' dir='ltr'><em>miri.</em></span> 
     </span>
     <span class='ocr_line' id='line_1_79' title="bbox 1503 2063 2386 2110; baseline -0.001 -10"><span class='ocrx_word' id='word_1_404' title='bbox 1503 2066 1617 2110; x_wconf 79' lang='lat' dir='ltr'><em>Reqes</em></span> <span class='ocrx_word' id='word_1_405' title='bbox 1638 2069 1671 2099; x_wconf 84' lang='lat' dir='ltr'><em>et</em></span> <span class='ocrx_word' id='word_1_406' title='bbox 1686 2065 1884 2109; x_wconf 82' lang='lat' dir='ltr'><em>praesides</em></span> <span class='ocrx_word' id='word_1_407' title='bbox 1911 2074 1988 2099; x_wconf 80' lang='lat' dir='ltr'><em>non</em></span> <span class='ocrx_word' id='word_1_408' title='bbox 2010 2064 2108 2099; x_wconf 88' lang='lat' dir='ltr'><em>decet</em></span> <span class='ocrx_word' id='word_1_409' title='bbox 2131 2073 2207 2100; x_wconf 83' lang='lat' dir='ltr'><em>esse</em></span> <span class='ocrx_word' id='word_1_410' title='bbox 2226 2063 2386 2099; x_wconf 77' lang='lat' dir='ltr'><em>desides.</em></span> 
     </span>
     <span class='ocr_line' id='line_1_80' title="bbox 1503 2120 2395 2166; baseline 0 -11"><span class='ocrx_word' id='word_1_411' title='bbox 1503 2120 1641 2155; x_wconf 83' lang='lat' dir='ltr'><em>Mundi</em></span> <span class='ocrx_word' id='word_1_412' title='bbox 1657 2123 1819 2154; x_wconf 83' lang='lat' dir='ltr'><em>rectores</em></span> <span class='ocrx_word' id='word_1_413' title='bbox 1831 2123 1989 2166; x_wconf 79' lang='lat' dir='ltr'><em>aequent</em></span> <span class='ocrx_word' id='word_1_414' title='bbox 2001 2129 2086 2155; x_wconf 87' lang='lat' dir='ltr'><em>cum</em></span> <span class='ocrx_word' id='word_1_415' title='bbox 2096 2120 2249 2155; x_wconf 86' lang='lat' dir='ltr'><em>nomine</em></span> <span class='ocrx_word' id='word_1_416' title='bbox 2258 2128 2395 2156; x_wconf 81' lang='lat' dir='ltr'><em>mores.</em></span> 
     </span>
     <span class='ocr_line' id='line_1_81' title="bbox 1436 2175 2327 2222; baseline 0.002 -12"><span class='ocrx_word' id='word_1_417' title='bbox 1436 2176 1482 2210; x_wconf 83' lang='grc'><em>65</em></span> <span class='ocrx_word' id='word_1_418' title='bbox 1509 2175 1594 2211; x_wconf 85' lang='lat' dir='ltr'><em>Viri</em></span> <span class='ocrx_word' id='word_1_419' title='bbox 1607 2179 1698 2220; x_wconf 82' lang='lat' dir='ltr'><em>pont</em></span> <span class='ocrx_word' id='word_1_420' title='bbox 1708 2175 1848 2220; x_wconf 79' lang='lat' dir='ltr'><em>ificales</em></span> <span class='ocrx_word' id='word_1_421' title='bbox 1864 2176 2007 2211; x_wconf 81' lang='lat' dir='ltr'><em>sanctis</em></span> <span class='ocrx_word' id='word_1_422' title='bbox 2027 2178 2116 2210; x_wconf 82' lang='lat' dir='ltr'><em>sunt</em></span> <span class='ocrx_word' id='word_1_423' title='bbox 2136 2176 2327 2222; x_wconf 82' lang='lat' dir='ltr'><em>aequales.</em></span> 
     </span>
     <span class='ocr_line' id='line_1_82' title="bbox 1503 2231 2298 2276; baseline -0.001 -9"><span class='ocrx_word' id='word_1_424' title='bbox 1503 2231 1642 2267; x_wconf 84' lang='lat' dir='ltr'><em>Medici</em></span> <span class='ocrx_word' id='word_1_425' title='bbox 1662 2232 1883 2267; x_wconf 86' lang='lat' dir='ltr'><em>animarum</em></span> <span class='ocrx_word' id='word_1_426' title='bbox 1901 2231 2125 2266; x_wconf 68' lang='lat' dir='ltr'><em>exorbitent</em></span> <span class='ocrx_word' id='word_1_427' title='bbox 2140 2240 2298 2276; x_wconf 85' lang='lat' dir='ltr'><em>parum.</em></span> 
     </span>
     <span class='ocr_line' id='line_1_83' title="bbox 1502 2286 2372 2332; baseline 0.002 -12"><span class='ocrx_word' id='word_1_428' title='bbox 1502 2286 1646 2321; x_wconf 82' lang='lat' dir='ltr'><em>Cuntra</em></span> <span class='ocrx_word' id='word_1_429' title='bbox 1669 2287 1800 2332; x_wconf 85' lang='lat' dir='ltr'><em>lupum</em></span> <span class='ocrx_word' id='word_1_430' title='bbox 1820 2286 1985 2332; x_wconf 66' lang='lat' dir='ltr'><em>vigilare</em></span> <span class='ocrx_word' id='word_1_431' title='bbox 2004 2289 2058 2322; x_wconf 87' lang='lat' dir='ltr'><em>est</em></span> <span class='ocrx_word' id='word_1_432' title='bbox 2078 2290 2217 2332; x_wconf 87' lang='lat' dir='ltr'><em>raptus</em></span> <span class='ocrx_word' id='word_1_433' title='bbox 2234 2287 2372 2322; x_wconf 87' lang='lat' dir='ltr'><em>vitare.</em></span> 
     </span>
     <span class='ocr_line' id='line_1_84' title="bbox 1506 2341 2398 2389; baseline 0.002 -13"><span class='ocrx_word' id='word_1_434' title='bbox 1506 2343 1582 2386; x_wconf 83' lang='lat' dir='ltr'><em>Qui</em></span> <span class='ocrx_word' id='word_1_435' title='bbox 1602 2343 1758 2378; x_wconf 78' lang='lat' dir='ltr'><em>viduam</em></span> <span class='ocrx_word' id='word_1_436' title='bbox 1784 2342 1954 2389; x_wconf 78' lang='lat' dir='ltr'><em>defendit</em></span> <span class='ocrx_word' id='word_1_437' title='bbox 1975 2343 2026 2377; x_wconf 86' lang='lat' dir='ltr'><em>ad</em></span> <span class='ocrx_word' id='word_1_438' title='bbox 2049 2341 2258 2379; x_wconf 81' lang='lat' dir='ltr'><em>GHristum</em></span> <span class='ocrx_word' id='word_1_439' title='bbox 2273 2352 2398 2389; x_wconf 85' lang='lat' dir='ltr'><em>reqem</em></span> 
     </span>
     <span class='ocr_line' id='line_1_85' title="bbox 1551 2399 1690 2434; baseline 0.014 -2"><span class='ocrx_word' id='word_1_440' title='bbox 1551 2399 1690 2434; x_wconf 84' lang='lat' dir='ltr'><em>tendit.</em></span> 
     </span>
     <span class='ocr_line' id='line_1_86' title="bbox 1504 2454 2394 2500; baseline 0.002 -11"><span class='ocrx_word' id='word_1_441' title='bbox 1504 2455 1581 2498; x_wconf 74' lang='lat' dir='ltr'><em>(tui</em></span> <span class='ocrx_word' id='word_1_442' title='bbox 1590 2455 1630 2489; x_wconf 83' lang='lat' dir='ltr'><em>vi</em></span> <span class='ocrx_word' id='word_1_443' title='bbox 1634 2455 1763 2490; x_wconf 82' lang='lat' dir='ltr'><em>ndieat</em></span> <span class='ocrx_word' id='word_1_444' title='bbox 1767 2454 1964 2500; x_wconf 83' lang='lat' dir='ltr'><em>pupillum</em></span> <span class='ocrx_word' id='word_1_445' title='bbox 1981 2454 2092 2491; x_wconf 86' lang='lat' dir='ltr'><em>DEus</em></span> <span class='ocrx_word' id='word_1_446' title='bbox 2104 2457 2257 2490; x_wconf 89' lang='lat' dir='ltr'><em>coronet</em></span> <span class='ocrx_word' id='word_1_447' title='bbox 2270 2454 2394 2492; x_wconf 88' lang='lat' dir='ltr'><em>illum.</em></span> 
     </span>
     <span class='ocr_line' id='line_1_87' title="bbox 1433 2509 2398 2555; baseline 0.002 -11"><span class='ocrx_word' id='word_1_448' title='bbox 1433 2510 1479 2545; x_wconf 77' lang='lat'><em>70</em></span> <span class='ocrx_word' id='word_1_449' title='bbox 1507 2511 1727 2555; x_wconf 82' lang='lat' dir='ltr'><em>Pauperum</em></span> <span class='ocrx_word' id='word_1_450' title='bbox 1758 2509 1974 2546; x_wconf 79' lang='lat' dir='ltr'><em>consolator</em></span> <span class='ocrx_word' id='word_1_451' title='bbox 2001 2513 2055 2546; x_wconf 91' lang='lat' dir='ltr'><em>est</em></span> <span class='ocrx_word' id='word_1_452' title='bbox 2087 2512 2266 2546; x_wconf 82' lang='lat' dir='ltr'><em>aeternae</em></span> <span class='ocrx_word' id='word_1_453' title='bbox 2299 2510 2398 2548; x_wconf 78' lang='lat' dir='ltr'><em>vitae</em></span> 
     </span>
     <span class='ocr_line' id='line_1_88' title="bbox 1550 2569 1714 2601; baseline 0.006 -1"><span class='ocrx_word' id='word_1_454' title='bbox 1550 2569 1714 2601; x_wconf 86' lang='lat' dir='ltr'><em>amator.</em></span> 
     </span>
     <span class='ocr_line' id='line_1_89' title="bbox 1502 2620 2208 2666; baseline 0.001 -9"><span class='ocrx_word' id='word_1_455' title='bbox 1502 2620 1656 2666; x_wconf 87' lang='lat' dir='ltr'><em>Oportet</em></span> <span class='ocrx_word' id='word_1_456' title='bbox 1676 2631 1808 2658; x_wconf 69' lang='lat' dir='ltr'><em>cai-ere</em></span> <span class='ocrx_word' id='word_1_457' title='bbox 1828 2622 2040 2658; x_wconf 80' lang='lat' dir='ltr'><em>vanitatem</em></span> <span class='ocrx_word' id='word_1_458' title='bbox 2064 2621 2208 2658; x_wconf 84' lang='lat' dir='ltr'><em>videre.</em></span> 
     </span>
     <span class='ocr_line' id='line_1_90' title="bbox 1503 2677 2365 2724; baseline 0.005 -13"><span class='ocrx_word' id='word_1_459' title='bbox 1503 2677 1576 2712; x_wconf 74' lang='lat' dir='ltr'><em>Cor</em></span> <span class='ocrx_word' id='word_1_460' title='bbox 1595 2678 1769 2713; x_wconf 87' lang='lat' dir='ltr'><em>incendit</em></span> <span class='ocrx_word' id='word_1_461' title='bbox 1789 2678 1921 2715; x_wconf 87' lang='lat' dir='ltr'><em>oculus</em></span> <span class='ocrx_word' id='word_1_462' title='bbox 1939 2682 1981 2714; x_wconf 86' lang='lat' dir='ltr'><em>ut</em></span> <span class='ocrx_word' id='word_1_463' title='bbox 2000 2678 2184 2724; x_wconf 84' lang='lat' dir='ltr'><em>stipulam</em></span> <span class='ocrx_word' id='word_1_464' title='bbox 2201 2677 2365 2724; x_wconf 78' lang='lat' dir='ltr'><em>foculus.</em></span> 
     </span>
     <span class='ocr_line' id='line_1_91' title="bbox 1511 2733 2256 2779; baseline 0.001 -9"><span class='ocrx_word' id='word_1_465' title='bbox 1511 2733 1691 2779; x_wconf 83' lang='lat' dir='ltr'><em>Voluptas</em></span> <span class='ocrx_word' id='word_1_466' title='bbox 1710 2743 1789 2770; x_wconf 86' lang='lat' dir='ltr'><em>non</em></span> <span class='ocrx_word' id='word_1_467' title='bbox 1808 2735 1895 2770; x_wconf 81' lang='lat' dir='ltr'><em>visa</em></span> <span class='ocrx_word' id='word_1_468' title='bbox 1912 2735 2031 2771; x_wconf 83' lang='lat' dir='ltr'><em>citius</em></span> <span class='ocrx_word' id='word_1_469' title='bbox 2049 2734 2127 2770; x_wconf 85' lang='lat' dir='ltr'><em>erit</em></span> <span class='ocrx_word' id='word_1_470' title='bbox 2145 2735 2256 2771; x_wconf 81' lang='lat' dir='ltr'><em>elisa.</em></span> 
     </span>
     <span class='ocr_line' id='line_1_92' title="bbox 1504 2789 2396 2837; baseline 0.006 -14"><span class='ocrx_word' id='word_1_471' title='bbox 1504 2789 1581 2833; x_wconf 86' lang='lat' dir='ltr'><em>Qui</em></span> <span class='ocrx_word' id='word_1_472' title='bbox 1588 2789 1749 2826; x_wconf 85' lang='lat' dir='ltr'><em>libenter</em></span> <span class='ocrx_word' id='word_1_473' title='bbox 1760 2790 1898 2826; x_wconf 87' lang='lat' dir='ltr'><em>bonum</em></span> <span class='ocrx_word' id='word_1_474' title='bbox 1905 2791 2031 2835; x_wconf 84' lang='lat' dir='ltr'><em>audit,</em></span> <span class='ocrx_word' id='word_1_475' title='bbox 2041 2791 2151 2827; x_wconf 85' lang='lat' dir='ltr'><em>corde</em></span> <span class='ocrx_word' id='word_1_476' title='bbox 2158 2791 2278 2827; x_wconf 83' lang='lat' dir='ltr'><em>Deum</em></span> <span class='ocrx_word' id='word_1_477' title='bbox 2281 2791 2396 2837; x_wconf 76' lang='lat' dir='ltr'><em>plau-</em></span> 
     </span>
     <span class='ocr_line' id='line_1_93' title="bbox 1551 2846 1623 2881; baseline 0.014 -1"><span class='ocrx_word' id='word_1_478' title='bbox 1551 2846 1623 2881; x_wconf 87' lang='lat' dir='ltr'><em>dit.</em></span> 
     </span>
     <span class='ocr_line' id='line_1_94' title="bbox 1431 2901 2396 2950; baseline 0.003 -15"><span class='ocrx_word' id='word_1_479' title='bbox 1431 2901 1478 2936; x_wconf 82' lang='lat'><em>75</em></span> <span class='ocrx_word' id='word_1_480' title='bbox 1503 2901 1638 2938; x_wconf 78' lang='lat' dir='ltr'><em>Melius</em></span> <span class='ocrx_word' id='word_1_481' title='bbox 1655 2905 1707 2938; x_wconf 83' lang='lat' dir='ltr'><em>est</em></span> <span class='ocrx_word' id='word_1_482' title='bbox 1719 2912 1927 2949; x_wconf 82' lang='lat' dir='ltr'><em>pauperem</em></span> <span class='ocrx_word' id='word_1_483' title='bbox 1942 2902 2080 2938; x_wconf 86' lang='lat' dir='ltr'><em>audire</em></span> <span class='ocrx_word' id='word_1_484' title='bbox 2094 2912 2208 2950; x_wconf 85' lang='lat' dir='ltr'><em>quam</em></span> <span class='ocrx_word' id='word_1_485' title='bbox 2221 2902 2396 2940; x_wconf 72' lang='lat' dir='ltr'><em>sonitum</em></span> 
     </span>
     <span class='ocr_line' id='line_1_95' title="bbox 1552 2957 1668 2994; baseline 0.017 -2"><span class='ocrx_word' id='word_1_486' title='bbox 1552 2957 1668 2994; x_wconf 87' lang='lat' dir='ltr'><em>lirae.</em></span> 
     </span>
     <span class='ocr_line' id='line_1_96' title="bbox 1502 3013 2395 3060; baseline 0.001 -13"><span class='ocrx_word' id='word_1_487' title='bbox 1502 3013 1702 3050; x_wconf 78' lang='lat' dir='ltr'><em>Incassum</em></span> <span class='ocrx_word' id='word_1_488' title='bbox 1721 3015 1878 3050; x_wconf 86' lang='lat' dir='ltr'><em>miseros</em></span> <span class='ocrx_word' id='word_1_489' title='bbox 1899 3013 2033 3059; x_wconf 86' lang='lat' dir='ltr'><em>audit,</em></span> <span class='ocrx_word' id='word_1_490' title='bbox 2056 3013 2124 3060; x_wconf 86' lang='lat' dir='ltr'><em>qui</em></span> <span class='ocrx_word' id='word_1_491' title='bbox 2143 3023 2184 3049; x_wconf 76' lang='lat' dir='ltr'><em>os</em></span> <span class='ocrx_word' id='word_1_492' title='bbox 2201 3016 2237 3049; x_wconf 85' lang='lat' dir='ltr'><em>et</em></span> <span class='ocrx_word' id='word_1_493' title='bbox 2254 3022 2395 3049; x_wconf 84' lang='lat' dir='ltr'><em>manus</em></span> 
     </span>
     <span class='ocr_line' id='line_1_97' title="bbox 1549 3069 1708 3104; baseline 0 0"><span class='ocrx_word' id='word_1_494' title='bbox 1549 3069 1708 3104; x_wconf 83' lang='lat' dir='ltr'><em>claudit.</em></span> 
     </span>
     <span class='ocr_line' id='line_1_98' title="bbox 1502 3124 2395 3171; baseline 0 -11"><span class='ocrx_word' id='word_1_495' title='bbox 1502 3125 1653 3171; x_wconf 79' lang='lat' dir='ltr'><em>Linqua</em></span> <span class='ocrx_word' id='word_1_496' title='bbox 1667 3125 1875 3171; x_wconf 80' lang='lat' dir='ltr'><em>placabitis</em></span> <span class='ocrx_word' id='word_1_497' title='bbox 1887 3124 1992 3170; x_wconf 77' lang='lat' dir='ltr'><em>liquo</em></span> <span class='ocrx_word' id='word_1_498' title='bbox 2009 3125 2111 3160; x_wconf 83' lang='lat' dir='ltr'><em>vitae</em></span> <span class='ocrx_word' id='word_1_499' title='bbox 2127 3127 2179 3161; x_wconf 84' lang='lat' dir='ltr'><em>est</em></span> <span class='ocrx_word' id='word_1_500' title='bbox 2197 3133 2395 3170; x_wconf 82' lang='lat' dir='ltr'><em>compara-</em></span> 
     </span>
     <span class='ocr_line' id='line_1_99' title="bbox 1549 3181 1654 3217; baseline 0.01 -1"><span class='ocrx_word' id='word_1_501' title='bbox 1549 3181 1654 3217; x_wconf 74' lang='lat' dir='ltr'><em>bitis.</em></span> 
     </span>
     <span class='ocr_line' id='line_1_100' title="bbox 1501 3233 2188 3282; baseline -0.003 -10"><span class='ocrx_word' id='word_1_502' title='bbox 1501 3237 1652 3282; x_wconf 68' lang='lat' dir='ltr'><em>Lingua</em></span> <span class='ocrx_word' id='word_1_503' title='bbox 1672 3237 1803 3272; x_wconf 87' lang='lat' dir='ltr'><em>dolosa</em></span> <span class='ocrx_word' id='word_1_504' title='bbox 1822 3244 1947 3280; x_wconf 81' lang='lat' dir='ltr'><em>sempr</em></span> <span class='ocrx_word' id='word_1_505' title='bbox 1966 3237 2020 3270; x_wconf 81' lang='lat' dir='ltr'><em>est</em></span> <span class='ocrx_word' id='word_1_506' title='bbox 2041 3233 2188 3270; x_wconf 87' lang='lat' dir='ltr'><em>odiosa.</em></span> 
     </span>
     <span class='ocr_line' id='line_1_101' title="bbox 1502 3289 2322 3338; baseline 0 -12"><span class='ocrx_word' id='word_1_507' title='bbox 1502 3292 1578 3335; x_wconf 82' lang='lat' dir='ltr'><em>Oui</em></span> <span class='ocrx_word' id='word_1_508' title='bbox 1598 3292 1769 3338; x_wconf 84' lang='lat' dir='ltr'><em>loquitur</em></span> <span class='ocrx_word' id='word_1_509' title='bbox 1788 3290 1948 3326; x_wconf 84' lang='lat' dir='ltr'><em>modeste</em></span> <span class='ocrx_word' id='word_1_510' title='bbox 1970 3289 2066 3325; x_wconf 88' lang='lat' dir='ltr'><em>liber</em></span> <span class='ocrx_word' id='word_1_511' title='bbox 2083 3291 2137 3325; x_wconf 82' lang='lat' dir='ltr'><em>est</em></span> <span class='ocrx_word' id='word_1_512' title='bbox 2157 3299 2180 3324; x_wconf 87' lang='lat' dir='ltr'><em>a</em></span> <span class='ocrx_word' id='word_1_513' title='bbox 2205 3293 2322 3335; x_wconf 84' lang='lat' dir='ltr'><em>peste.</em></span> 
     </span>
     <span class='ocr_line' id='line_1_102' title="bbox 1435 3346 2322 3394; baseline 0.002 -13"><span class='ocrx_word' id='word_1_514' title='bbox 1435 3346 1482 3381; x_wconf 84' lang='lat'><em>80</em></span> <span class='ocrx_word' id='word_1_515' title='bbox 1508 3348 1644 3384; x_wconf 79' lang='lat' dir='ltr'><em>Manus</em></span> <span class='ocrx_word' id='word_1_516' title='bbox 1666 3348 1749 3383; x_wconf 83' lang='lat' dir='ltr'><em>sine</em></span> <span class='ocrx_word' id='word_1_517' title='bbox 1772 3356 1882 3394; x_wconf 83' lang='lat' dir='ltr'><em>opere</em></span> <span class='ocrx_word' id='word_1_518' title='bbox 1902 3346 2132 3382; x_wconf 84' lang='lat' dir='ltr'><em>mendicabit</em></span> <span class='ocrx_word' id='word_1_519' title='bbox 2150 3356 2322 3393; x_wconf 88' lang='lat' dir='ltr'><em>propere.</em></span> 
     </span>
    </p>
   </div>
   <div class='ocr_carea' id='block_1_4' title="bbox 2483 3150 2500 4009">
    <p class='ocr_par' dir='ltr' id='par_1_35' title="bbox 2483 3150 2500 4009">
     <span class='ocr_line' id='line_1_103' title="bbox 2483 3150 2500 4009; baseline 0 0"><span class='ocrx_word' id='word_1_520' title='bbox 2483 3150 2500 4009; x_wconf 95' lang='lat' dir='ltr'><em> </em></span> 
     </span>
    </p>
   </div>
  </div>
 </body>
</html>
