2500 4009
401 234 475 273 110

1186 225 1579 267 ANSELMUS

399 304 533 353 quiin
565 307 708 341 terram
746 302 921 337 sanctam
952 297 1110 333 venisse
1140 305 1182 333 se
1211 295 1346 334 scribit
1421 297 1586 338 Abbatia
1628 301 1834 342 Laubiensi
1874 306 2092 357 successit,
2130 307 2285 348 obviam
2329 308 2366 346 in

401 366 474 404 An,
495 366 606 404 1308.
624 362 720 411 Ejus
747 356 960 407 Descriptio
976 356 1217 396 Palaestinae
1241 357 1344 396 edita

400 439 420 464 a
445 427 600 464 Canisio
630 429 721 460 tom.
747 421 793 457 w
829 424 1081 468 antiquarum
1112 420 1340 459 Lectionum

401 499 483 537 pag,
501 486 594 532 1289
605 490 639 521 et
651 482 831 521 editionis
842 491 965 519 novae
975 485 1067 520 tom.
1080 482 1127 520 IV
1137 510 1144 529 ‚
1154 492 1240 533 pag.
1252 482 1338 523 779.

450 545 711 587 ANSELMI'S
747 542 793 581 cie
821 543 947 581 Monte
976 543 1113 582 Leonis
1139 544 1342 596 Archiepi-

398 618 538 658 scopus
562 606 791 647 Remensis,
816 605 951 643 nullus
969 617 1143 656 unquam
1166 607 1252 657 suit,
1270 606 1339 645 sed

395 670 440 707 ‹le
454 670 578 707 Monte
593 666 734 706 Laom's
750 672 809 705 est
826 666 872 706 de
890 667 1015 707 Monte
1029 668 1227 708 Lauduno.
1245 669 1341 709 Vide

395 742 534 781 supra,
564 728 851 768 Louduneiise'S.

446 793 482 829 S.
507 792 772 831 ANSELML'S
809 790 872 830 ob.
898 792 1225 840 Novantulanus,
1250 794 1340 833 vide

394 854 492 893 Acta
517 855 751 892 Sanctorum
778 859 870 892 tom.
896 856 923 893 I.
953 857 1077 894 Martii
1102 868 1186 907 pag.
1212 857 1300 896 265.

445 917 660 956 ANSELMI
702 916 955 967 Peripatetici
984 918 1339 958 Rhetorimachiam

392 980 468 1017 MS.
487 979 633 1017 evolvit
650 980 822 1026 Cangius
847 981 883 1018 in
905 980 1045 1020 Codice
1069 981 1232 1020 Thuano
1248 983 1336 1021 589.

446 1040 555 1078 Petri
575 1040 789 1080 ANSELMI
815 1052 903 1080 esse
926 1053 1085 1081 carmen
1108 1042 1154 1082 de
1181 1043 1338 1082 Eucha-

389 1102 504 1140 risti'o
524 1133 531 1148 ,
549 1102 649 1153 quod
670 1102 858 1142 Anselmo
874 1105 1147 1144 Cantuariensi
1164 1106 1212 1145 ab
1230 1107 1334 1158 aliis,

388 1165 437 1203 ab
457 1165 542 1203 aliis
571 1167 681 1204 Petro
711 1167 909 1205 Blaesensi
939 1167 1149 1217 tribuitur,
1173 1174 1337 1208 conten-

389 1227 445 1264 dit
469 1230 618 1279 (Iaspar
637 1229 833 1268 Barthius.
859 1241 977 1279 quem
1001 1229 1091 1269 vide
1115 1235 1207 1270 tom.
1234 1234 1265 1271 ΙΙ
1286 1232 1334 1271 33

392 1292 504 1327 Statii
531 1291 590 1329 IV.
616 1291 800 1330 Thebaid.
824 1293 899 1331 552
920 1304 1005 1343 pag.
1027 1294 1141 1332 4453.

440 1352 638 1391 ANSEIM
648 1354 711 1392 [M
733 1354 892 1393 Ordinis
907 1355 1105 1394 Minorum
1115 1386 1123 1404 ,
1133 1362 1335 1398 auctorem

389 1413 661 1465 descriptionis
681 1417 924 1456 Palaestinae
942 1447 950 1466 ,
967 1418 1015 1457 de
1038 1431 1116 1469 quo
1135 1418 1217 1469 jam
1241 1420 1338 1471 dixi,

397 1475 582 1515 Polonum
606 1478 909 1518 Cracoviensem
933 1481 1055 1520 fuisse
1070 1514 1080 1530 ,
1097 1483 1260 1522 Vossius
1275 1495 1342 1522 su-

386 1540 584 1588 spic-atur.
609 1543 799 1590 quoniam
825 1542 1053 1582 distantiam
1082 1545 1224 1584 domus
1245 1545 1340 1596 {Cai-

387 1599 486 1649 phae
506 1632 513 1649 ,
537 1613 559 1640 3
579 1614 654 1652 qua
673 1604 859 1642 Servator
874 1605 1018 1644 ductus
1034 1612 1096 1644 est
1111 1607 1158 1645 ad
1176 1607 1337 1647 domum

390 1662 497 1700 Pilati
517 1663 815 1715 ,descripturus
833 1696 840 1713 7
857 1673 1006 1707 tantam
1023 1681 1111 1707 esse.
1128 1672 1198 1716 ait⁷
1213 1682 1338 1722 quau-

388 1726 467 1761 tum
486 1724 642 1764 distata
661 1728 699 1766 S.
716 1728 962 1768 Bernardi'no
979 1732 1196 1771 Cracovtae
1211 1744 1336 1785 usque

386 1784 441 1822 (αἰ
462 1786 675 1826 Ecclesiam
701 1791 739 1829 S.
764 1791 947 1842 Spiritus.

437 1848 698 1890 Axsiimics
721 1854 933 1892 Monachus
962 1856 1120 1895 Ordinis
1145 1859 1182 1896 S.
1208 1860 1332 1896 Bene-

387 1909 478 1947 dicti
518 1912 740 1961 Remensis.
764 1915 880 1965 cujus
918 1916 1169 1956 itinerarium
1192 1920 1330 1959 Leonis

388 1970 448 2008 IX.
476 1973 605 2024 Papae
628 1977 747 2015 Iloma
772 1978 808 2015 in
829 1979 992 2017 Galliam
1012 1986 1202 2020 memorat
1223 1984 1331 2033 Sige-

387 2032 522 2071 bertus
546 2047 628 2086 cap.
655 2039 728 2076 452
749 2043 788 2077 et
811 2040 1052 2079 Trithemius
1074 2053 1155 2093 cap.
1182 2044 1256 2082 333
1281 2045 1329 2083 dc

388 2094 425 2131 S.
451 2096 495 2133 13.
527 2102 565 2133 et
596 2099 625 2135 ll
652 2100 700 2136 88
731 2101 941 2140 illustrium
973 2104 1326 2144 Benedictinorum.

390 2157 464 2194 Leo
490 2158 554 2195 lx.
578 2160 676 2210 I'apa
713 2162 783 2200 suit
806 2163 854 2201 ab
874 2163 986 2202 Anno
1022 2167 1121 2204 4049
1146 2167 1192 2204 ad
1216 2169 1327 2206 ⁴054..

392 2219 444 2255 lie
466 2219 647 2259 Conciliis
663 2223 735 2261 An.
754 2225 853 2263 4049
869 2227 1001 2265 Remis
1034 2233 1151 2278 atque
1175 2241 1243 2279 per
1257 2230 1329 2268 alia

391 2281 469 2318 loca
485 2281 629 2321 Galliae
645 2296 663 2322 a
683 2287 807 2324 Leone
831 2289 880 2326 IX
909 2288 1049 2327 habitis
1066 2290 1154 2328 vide
1173 2292 1329 2341 l'agiuni

389 2342 435 2378 ad
461 2343 504 2381 A.
534 2346 690 2383 40:341).
717 2348 781 2386 xi.

440 2404 703 2449 ANSELML'S
717 2410 763 2449 de
779 2410 1052 2461 Ribodimonte,
1068 2416 1133 2465 qui
1148 2413 1219 2452 An.
1233 2417 1246 2454 4
1259 2415 1332 2452 099

393 2469 545 2517 scripsit
570 2481 616 2508 ex
645 2473 860 2513 Palaestina
880 2475 1096 2525 Epistolam
1114 2477 1160 2515 ad
1186 2478 1335 2516 Manas-

392 2541 474 2567 seni
505 2531 875 2586 Archiepiscopum,
910 2537 1054 2576 editam
1089 2550 1109 2576 a
1149 2540 1334 2577 Dat-herio

390 2596 480 2629 tom.
506 2594 583 2632 vil.
616 2596 807 2648 Spicilegii
834 2612 917 2649 pag.
946 2602 1010 2639 191
1051 2601 1247 2639 leditionis
1271 2613 1338 2639 no-

396 2664 468 2690 vae
494 2661 584 2693 tom.
604 2658 672 2705 ΙΙΙ,
689 2671 773 2710 pag.
793 2661 898 2709 434.)
921 2661 1017 2712 Ejus
1033 2662 1240 2714 descriptio
1262 2665 1337 2702 Pu-

390 2714 575 2755 laestinae
596 2720 752 2770 vulgata
774 2733 795 2760 a
812 2724 966 2763 Canisio
983 2730 1074 2763 tom.
1093 2726 1139 2763 VI
1156 2727 1335 2776 autiqua-

389 2789 475 2817 1‘um
507 2781 733 2822 Lectionum
764 2798 847 2836 pag.
880 2788 981 2826 4280
1010 2793 1050 2826 et
1078 2788 1169 2827 edit.
1209 2800 1333 2827 novae

393 2845 485 2879 torn.
512 2844 576 2891 iv.
600 2856 683 2894 pag.
709 2848 796 2886 779.

441 2904 570 2943 ANSO
589 2936 597 2953 ,
622 2909 706 2944 sive
731 2909 889 2950 ANSUS
907 2914 1106 2952 Lobiensis
1124 2945 1130 2963 ,
1150 2916 1185 2953 in
1203 2917 1331 2967 Belgio

388 2964 515 3003 Ahbas
535 2969 582 3006 :ib
603 2969 714 3008 Anno
739 2972 814 3009 776
839 2974 884 3011 33
906 2976 993 3014 800.
1020 2978 1184 3028 Scripsit
1202 2981 1332 3017 Mona-

388 3028 486 3066 chus
512 3031 664 3079 adhuc.
690 3033 736 3070 ad
767 3035 1025 3076 Theoduli'um
1042 3071 1051 3087 ‚
1081 3039 1329 3080 decessorem

393 3088 530 3127 deinde
555 3103 670 3131 suum
689 3124 696 3142 ,
721 3095 840 3134 Vitam
856 3099 894 3135 S.
919 3100 1124 3150 L'rsmori',
1146 3114 1247 3152 quae
1263 3115 1331 3142 ex-

391 3155 466 3187 stat
494 3156 508 3170 ⁶
531 3155 566 3191 in
589 3156 696 3194 Actis
713 3158 944 3199 Sanctorum
969 3164 1016 3200 48
1032 3164 1150 3214 April.
1167 3169 1260 3204 tom.
1279 3167 1328 3215 ΙΙ,

392 3224 473 3261 pag.
501 3216 571 3252 :3530
596 3223 634 3255 et
656 3224 759 3258 tomo
785 3222 832 3259 ΙΙΙ
870 3224 953 3260 Soc.
980 3226 1217 3265 Benedictin.
1244 3240 1328 3279 pag.

394 3273 466 3310 2263
496 3280 531 3310 vt
564 3278 686 3317 titani
712 3284 750 3319 S.
783 3282 953 3333 Ermini,
979 3289 1045 3336 qui
1078 3289 1260 3328 Uismaro
1290 3291 1326 3329 in

445 3346 456 3357 ·
475 3347 567 3384 Apud
586 3348 715 3380 Surium
737 3350 772 3381 18
785 3355 904 3393 Aprilis
923 3356 1123 3396 interpolata
1139 3368 1156 3391 a
1174 3360 1344 3396 notherio.

1418 360 1555 400 iisdem
1575 361 1686 403 Actis
1709 365 1945 407 Sanctorum
1968 369 2018 408 25
2034 368 2153 421 April.
2179 374 2272 410 tom.
2289 370 2364 419 III,

1415 434 1500 473 pag.
1525 424 1600 464 375
1626 430 1666 465 et
1690 429 1727 465 in
1749 429 1957 468 Mabillonii
1982 432 2066 471 Sec.
2095 433 2117 471 3
2140 444 2226 485 pag.
2247 433 2336 473 564.

1464 484 1699 527 ANTENOR
1721 490 1940 543 Episcopus
1963 494 2134 534 incertae
2150 495 2256 534 sedis
2273 499 2365 547 post

1413 550 1541 587 octavi
1566 550 1720 590 Saeculi
1745 553 1879 603 initia,
1900 556 2057 606 scripsit
2082 557 2206 596 Vitam
2225 558 2265 597 S.
2288 557 2366 598 Sil-

1413 608 1518 657 υἰηί,
1547 613 1784 653 Morinorum
1814 616 1853 653 in
1876 615 2000 656 Gallia
2031 618 2238 670 Episcopi,
2261 631 2362 671 quae

1415 684 1492 711 non
1517 674 1592 712 nisi
1611 675 1660 714 ab
1688 681 1848 716 auctore
1877 679 1994 717 medii
2017 680 2163 719 saeculi
2190 682 2283 719 noni
2306 683 2364 720 in-

1415 736 1602 787 terpolata
1628 737 1677 776 ad
1714 749 1786 777 nos
1820 741 2027 790 pervenit,
2051 740 2165 780 obvia
2188 742 2227 781 in
2257 742 2360 782 Guil.

1413 798 1550 836 Catelli
1584 799 1753 839 Historia
1780 802 2063 853 Episcoporum
2095 803 2362 853 Tolosatium,

1413 861 1576 899 Tolosae
1601 861 1702 901 4623
1732 862 1794 902 fol.
1819 868 1906 902 tum
1928 865 1967 902 in
1991 862 2102 904 Actis
2126 865 2362 905 Sanctorum

1414 922 1462 961 47
1485 924 1594 962 Febr.
1618 928 1658 964 et
1678 926 1715 963 in
1736 924 1848 965 Actis
1876 927 2141 967 Benedictinis
2169 928 2254 968 Sec.
2279 928 2332 968 III
2353 958 2361 980 ‚

1412 998 1496 1037 pag.
1522 988 1610 1027 295.

1463 1050 1712 1092 ANTERIUS
1731 1052 1971 1092 Clalidianus
1998 1053 2117 1092 Sacra
2138 1052 2259 1092 Biblia
2280 1063 2364 1107 me-

1408 1116 1468 1151 tro
1487 1114 1718 1164 complexus
1732 1119 1974 1155 memoratur
1992 1126 2014 1154 a
2028 1114 2206 1155 Guidone
2223 1115 2364 1155 Vicen-

1408 1176 1508 1224 tino,
1529 1177 1595 1226 qui
1615 1175 1660 1215 A.
1683 1178 1777 1218 4334
1808 1177 1913 1217 diem
1935 1179 2040 1217 obiit.

1458 1236 1691 1279 ANTEROS
1725 1241 1946 1292 Episcopus
1970 1242 2171 1281 Romanus
2206 1240 2255 1280 ab
2282 1239 2356 1280 An.

1407 1301 1496 1339 235.
1522 1302 1753 1341 Novembris
1773 1303 1823 1343 22
1847 1303 1894 1341 33
1918 1302 2080 1343 Aunum
2101 1304 2201 1353 236,
2220 1304 2243 1343 3
2269 1304 2356 1343 Jan.

1409 1369 1450 1403 et
1485 1366 1655 1415 Martyr,
1691 1367 1754 1405 cui
1788 1367 1991 1417 supposita
2025 1366 2130 1418 apud
2166 1366 2360 1406 Isidorum

1412 1428 1664 1466 Mercatorem
1682 1427 1860 1479 Epistola
1877 1428 1926 1467 ad
1944 1430 2159 1481 Episcopos
2175 1441 2246 1481 per
2267 1432 2364 1470 Bae-

1411 1491 1527 1529 ticam
1547 1494 1586 1529 et
1602 1491 1830 1530 Toletanam
1849 1492 2094 1531 Provinciam
2109 1493 2359 1543 constit-utos,

1409 1564 1431 1591 a
1454 1552 1653 1591 Blondello
1678 1554 1715 1591 in
1733 1553 2060 1592 Pseudo-Isidoro
2078 1565 2164 1605 pag.
2182 1553 2259 1594 278
2275 1565 2358 1605 seq.

1410 1615 1611 1654 refellitur.
1650 1616 1681 1654 V
1686 1615 1872 1654 ide-ndum
1895 1627 1943 1654 an
1978 1614 2138 1667 majoris
2160 1615 2250 1655 fidei
2272 1620 2358 1664 est,

1409 1676 1512 1727 quod
1536 1676 1683 1716 Auctor
1707 1677 1793 1715 libri
1816 1677 2052 1716 Pontificalis
2075 1681 2115 1716 et
2137 1677 2201 1716 alii
2223 1688 2360 1717 recen—

1408 1741 1527 1778 tiores
1547 1740 1758 1790 scriptores
1779 1739 1943 1778 tradunt
1965 1751 2057 1778 eum
2071 1750 2148 1791 per
2170 1739 2357 1779 Notarios

1407 1813 1473 1841 res
1494 1803 1721 1853 Martyrum
1748 1804 1935 1839 accurate
1964 1800 2240 1853 descripsisse,
2260 1805 2299 1840 et
2318 1801 2364 1840 in,

1400 1863 1607 1902 aerarium
1630 1861 1831 1902 Ecclesiae
1850 1862 2085 1914 reposuisse.
2106 1862 2203 1903 Vide
2227 1863 2354 1904 Ludo-

1403 1927 1535 1965 vicum
1559 1926 1747 1965 Jacobum
1767 1937 1790 1965 a
1813 1926 1851 1965 S.
1876 1926 2015 1965 Carolo
2039 1927 2078 1964 in
2111 1926 2351 1966 Bibliotheca

1404 1988 1602 2027 Pontificia
1625 2000 1711 2039 pag.
1739 1989 1799 2027 49.

1455 2050 1769 2090 ANTHELMUS.
1794 2060 1912 2101 supra
1927 2077 1936 2095 ‚
1957 2047 2269 2091 ALDHELMUS.

1453 2111 1941 2159 ANTISSIODORENSE,
1977 2113 2061 2151 sive
2095 2111 2349 2153 AUTISSIO-

1403 2175 1633 2214 noRENSE
1656 2173 1877 2212 Chronicon
1913 2174 2089 2213 Monachi
2114 2175 2151 2215 S.
2189 2176 2348 2215 Meriani

1402 2236 1756 2275 Autissiodorensis
1773 2234 1984 2284 (Auxerre
2001 2237 2039 2274 in
2055 2236 2183 2276 Gallia
2195 2238 2351 2289 Lugdu-

1405 2300 1541 2347 nensi)
1567 2299 1615 2337 ab
1637 2298 1680 2335 O.
1707 2298 1747 2338 C.
1773 2297 1821 2336 ad
1845 2297 2006 2337 Annum
2038 2298 2140 2338 4242
2167 2310 2260 2339 cum
2284 2312 2351 2352 ap-

1404 2361 1569 2412 pendice
1593 2359 1641 2399 ad
1665 2359 1825 2399 Annum
1851 2360 1952 2399 4223
1977 2359 2128 2399 editum
2153 2372 2175 2400 a
2197 2362 2353 2401 Nicolao

1407 2424 1644 2462 Camussaeo
1662 2452 1670 2470 ,
1687 2425 1716 2462 T
1720 2424 1819 2462 recis
1836 2423 1936 2462 4608
1954 2423 1988 2461 4.
2009 2421 2353 2463 Autissiodorense

1410 2486 1628 2525 Chronicon
1656 2484 1775 2523 breve
1804 2484 1852 2523 ab
1877 2484 1951 2523 An.
1979 2485 2080 2524 4005
2103 2484 2151 2523 33
2185 2485 2283 2525 4474
2314 2488 2352 2525 in

1409 2547 1569 2599 Philippi
1594 2547 1733 2586 Labbei
1752 2547 1989 2585 Bibliotheca
2009 2558 2111 2585 nova
2130 2547 2236 2586 MSS.
2258 2551 2352 2586 tom.

1410 2611 1443 2657 1,
1473 2621 1556 2661 pag.
1587 2610 1682 2655 292,
1713 2610 1788 2648 293
1813 2608 2023 2660 Appendix⁴
2049 2608 2098 2647 ad
2126 2608 2200 2648 An.
2232 2611 2351 2660 4490,

1408 2683 1491 2722 pag.
1517 2672 1603 2711 405.
1626 2670 1742 2710 Aliud
1762 2671 1983 2709 Chronicon
2007 2669 2351 2711 Autissiodorense

1406 2735 1454 2773 ab
1478 2734 1521 2773 A.
1554 2734 1655 2773 4022
1685 2733 1732 2773 33
1759 2734 1859 2773 4488
1890 2735 1928 2771 in
1951 2733 2150 2773 Edmundi
2178 2735 2352 2773 Martene

1405 2797 1604 2836 Thesauro
1620 2796 1852 2835 Anecdotor.
1870 2800 1963 2835 tom.
1980 2797 2045 2846 ΙΙΙ,
2061 2808 2098 2849 p.
2118 2797 2218 2837 4384
2235 2797 2350 2837 4385.

1456 2861 1505 2899 M.
1526 2858 1714 2898 Aurelius
1746 2859 2032 2899 ANTONINUS
2057 2853 2273 2911 Imperator
2301 2859 2350 2899 ab

1404 2922 1516 2962 Anno
1532 2923 1683 2962 CIIristi
1706 2922 1773 2961 464
1796 2921 1844 2960 33
1861 2922 1934 2962 480
1951 2923 2012 2960 cui
2027 2921 2213 2961 tribuitur
2230 2922 2349 2972 vulgo

1403 2985 1660 3024 Ili'nerarium
1678 3013 1686 3034 ,
1702 2984 1750 3023 dc
1767 2995 1844 3034 quo
1859 2983 1939 3022 dixi
1964 2985 2002 3022 in
2027 2983 2264 3023 Bibliotheca
2280 2985 2352 3022 La-

1404 3050 1494 3087 tina.
1516 3050 1569 3087 De
1593 3048 1666 3086 alio
1687 3047 1883 3084 itinerario
1907 3047 1946 3084 in
1967 3046 2048 3084 loca
2067 3049 2227 3094 sancta,
2249 3045 2348 3084 infra

1404 3112 1440 3149 in
1464 3109 1748 3151 ANTONINUS
1773 3106 2035 3146 Placentinus.

1455 3171 1737 3213 ANTONINUS
1757 3169 2005 3208 Florentinus
2023 3169 2164 3220 patria,
2188 3166 2346 3208 Ordinis

1398 3235 1731 3282 Praedicatorum,
1768 3236 1808 3271 et
1840 3231 1888 3270 ab
1925 3241 2062 3270 mense
2098 3231 2282 3270 Januario
2305 3232 2346 3281 a)

1454 3313 1486 3353 a)
1508 3313 1659 3347 Giornale
1679 3311 1896 3346 de'Lettei-ati
1917 3309 2045 3343 d’Italia
2067 3313 2146 3343 torn.
2169 3309 2241 3341 XIII
2261 3318 2336 3352 pag.

1392 3362 1466 3397 400.
2275 3385 2278 3388 ,
2353 3371 2356 3373 >
