2500 4009
397 190 471 229 176

398 260 460 297 illo
483 264 659 310 poemate
685 261 849 298 illustrat
871 258 1053 296 Barthius
1077 258 1141 306 ΙΙΙ,
1165 259 1229 297 ·19
1257 256 1336 297 Ad-

395 323 600 360 versarier.

448 383 532 420 Vita
561 383 603 419 B.
629 380 767 419 Felicis
804 380 1066 429 Conscssoris,
1094 392 1143 419 ex
1172 383 1333 421 metrico

391 454 505 492 opor«=
527 445 564 480 B.
590 443 764 492 Episcopi
786 441 976 481 PAULlN.
993 453 1078 493 pag.
1104 443 1175 481 186
1192 444 1333 482 Exstat

389 509 426 541 ct
454 506 488 540 in
510 504 616 552 ⁴&ctis
640 504 812 541 Sanctor.
839 504 886 542 14
909 505 1066 543 Januar.
1092 509 1118 542 t.
1144 506 1169 543 l.
1196 517 1231 555 p.
1257 506 1330 543 493

389 571 424 602 et
450 577 468 602 a
493 566 547 601 Jo.
573 565 723 603 Smitho
748 567 939 605 recensita
964 566 1081 605 Lond.
1108 567 1208 606 1722
1230 567 1291 606 fol.

438 629 476 664 S.
499 624 652 664 l'edasti
665 627 847 679 Episcopi
862 628 1132 667 Atrebatensis
1148 630 1229 668 vita
1244 640 1329 679 pag.

391 690 456 726 191
487 698 578 726 cum
615 688 770 728 homilia
805 689 865 728 die
897 689 983 740 ejus
1012 691 1148 738 natali,
1167 690 1330 730 dicenda

385 749 430 787 ad
448 750 633 800 populum
648 762 733 802 pag.
752 753 836 791 198.
853 752 1008 792 Gallum
1024 751 1234 803 quendam,
1252 764 1328 791 non

386 811 528 849 Bedam
552 817 752 851 auctorem
786 825 875 852 esse
910 814 1089 854 Oudinus
1112 813 1325 853 contendit.

385 874 527 912 Confer
549 874 648 913 Acta
667 875 842 914 Sanctor.
868 877 891 915 6
915 875 1121 914 Februarii.

436 936 522 973 Vita
547 937 586 974 S.
617 935 851 976 columbani
875 948 959 988 pag.
991 938 1064 976 199
1101 941 1142 976 et
1175 935 1329 976 Attalae

382 996 542 1035 Abbatis
567 1009 651 1048 pag·
676 999 752 1037 222
776 1004 912 1038 auctor
933 998 1089 1038 JONAS
1109 1000 1329 1038 Luxovien-

382 1059 453 1098 sis.
471 1059 519 1097 de
540 1072 617 1110 quo
637 1061 752 1099 infra:
768 1061 866 1100 adde
881 1062 1039 1100 Surium
1055 1061 1100 1100 21
1122 1062 1328 1100 Novembr.

382 1122 411 1158 T
417 1122 475 1159 ho.
510 1123 788 1173 Massinghami
834 1124 1063 1174 florilegium
1094 1124 1327 1162 Sanctorum

382 1184 584 1223 llibcrniae
604 1196 688 1235 pag.
706 1186 793 1224 219.
811 1185 1018 1224 Mabillonii
1033 1184 1133 1223 Acta
1148 1185 1240 1224 Ord.
1257 1187 1329 1224 Be-

381 1246 522 1284 nedici.
547 1252 573 1284 t.
599 1248 629 1285 ll
652 1259 687 1298 p.
717 1247 835 1297 1001,
860 1248 974 1287 1031.

431 1309 473 1346 B.
501 1308 667 1346 Patricii
680 1309 936 1348 llibernorum
951 1308 1125 1361 Apostoli
1142 1309 1240 1359 Vita,
1257 1310 1328 1348 mi-

381 1371 509 1408 racula
533 1375 573 1408 ct
596 1372 787 1410 transitus
813 1371 920 1410 libris
944 1373 976 1410 ΙΙ
997 1384 1032 1423 p.
1058 1372 1134 1411 225
1162 1373 1227 1422 qui
1255 1383 1325 1411 au-

377 1437 525 1470 ctorem
565 1433 709 1472 habent
745 1435 941 1473 PROBUM
981 1434 1205 1473 Hibernum.
1236 1435 1323 1473 Vita

376 1496 582 1534 Baronium
607 1495 655 1533 ad
679 1496 922 1546 Martyrolog.
949 1496 996 1535 17
1016 1497 1159 1546 Martii,
1188 1501 1228 1535 et
1256 1497 1320 1535 ubi

378 1559 456 1594 vita
479 1557 559 1607 ipsa
580 1557 760 1606 habetur⁷
780 1557 854 1595 Act
878 1560 1008 1596 sanct.
1033 1562 1126 1596 tom.
1144 1559 1195 1597 111
1213 1560 1320 1597 Mart.

378 1630 413 1668 p.
436 1619 485 1656 97
509 1630 594 1668 sqq.

430 1681 514 1718 vita
535 1681 573 1719 S.
592 1680 784 1725 Eustasii,
799 1682 864 1731 qui
880 1680 1097 1733 discipulus
1110 1683 1148 1721 S.
1167 1684 1324 1722 Colum-

377 1740 464 1779 bani
501 1742 572 1780 suit
607 1754 692 1793 pag.
718 1743 804 1782 243.
839 1748 975 1782 auctor
1013 1744 1168 1783 JONAS
1199 1746 1323 1783 Luxo-

380 1813 539 1841 vwnsis.

427 1864 610 1916 Bertliolfi
632 1867 727 1914 vita,
749 1866 910 1905 Abbatis
938 1866 1140 1906 Bobiensis
1172 1879 1207 1919 p.
1232 1868 1321 1907 248.

372 1926 519 1966 Auctor
543 1927 643 1966 idem
667 1928 830 1967 JONAS.

428 1991 512 2028 Vita
532 1989 680 2041 Arnolsi
698 1992 884 2029 Metensis
907 1992 1086 2042 Episcopi
1125 2002 1210 2041 pag.
1232 1991 1322 2030 253.

374 2051 571 2090 PAULUM
594 2053 806 2091 Diaconum
831 2063 907 2090 non
943 2052 1087 2091 Bedam
1116 2052 1234 2091 habet
1255 2064 1324 2091 au-

375 2117 536 2150 ctorem.

427 2176 466 2212 S.
509 2174 832 2227 Burqumlosorae
861 2174 1092 2213 Abbatissae
1125 2175 1206 2213 vita
1235 2186 1319 2225 pag.

378 2234 454 2272 258
479 2235 603 2274 Bedac
626 2236 757 2274 itidem
781 2237 993 2286 supposita.

431 2297 567 2335 Passio
601 2298 639 2335 S.
663 2297 810 2335 Justini
831 2299 1022 2335 novennis
1044 2297 1197 2348 pueruli
1226 2299 1324 2336 Mar-

376 2359 474 2406 tyris
507 2359 580 2397 sub
609 2360 843 2398 Diocletiano
864 2364 903 2398 ct
926 2361 1156 2399 Maximiano
1180 2371 1215 2410 p.
1247 2359 1322 2398 266

377 2420 559 2458 versibus
584 2420 714 2459 liberis
736 2422 920 2461 Jambicis
944 2422 1216 2472 quaternariis.

427 2482 749 2534 Martyroloyium
771 2494 855 2534 pag.
880 2482 956 2522 277
986 2483 1215 2533 neutiquam
1244 2483 1323 2521 sin-

374 2556 508 2582 cerum
530 2544 656 2583 Bedae
678 2545 747 2583 sed
772 2546 1047 2596 interpolatum
1071 2545 1207 2583 multis
1241 2556 1322 2584 mo-

375 2605 452 2653 dis⁷
487 2607 601 2656 quale
641 2606 835 2657 prodierat
858 2606 1061 2657 Antwerp.
1095 2607 1225 2656 4565,
1257 2607 1317 2645 12.

377 2668 469 2705 vido
495 2667 722 2707 Bollandum
747 2669 864 2719 praef.
889 2668 938 2706 ad
958 2673 1051 2707 tom.
1077 2670 1092 2707 Ι
1114 2668 1198 2708 Act.
1224 2669 1322 2708 San-

374 2734 467 2768 ctor.
492 2731 650 2769 Januari
674 2741 758 2781 pag.
783 2731 829 2768 40
855 2741 936 2781 seq.
955 2730 1202 2770 Albertinum
1217 2730 1265 2770 de
1281 2731 1318 2770 S.

376 2792 618 2831 Eucharistia
634 2804 717 2843 pag.
735 2792 809 2831 263
833 2796 873 2830 et
892 2791 1050 2842 Launoji
1073 2792 1166 2831 diss.
1191 2792 1239 2831 de
1259 2793 1323 2831 Vi-

375 2855 533 2891 ‹·torinis
557 2866 640 2904 pag.
666 2854 728 2901 36,
751 2856 976 2893 Genuinum
991 2853 1133 2903 Bedae,
1149 2856 1216 2905 qui
1237 2854 1321 2893 dies

377 2917 550 2954 CLXXX
575 2927 719 2954 vacuos
742 2916 898 2965 reliquit
919 2917 1001 2964 (ubi
1020 2928 1091 2955 nec
1112 2916 1248 2955 Florus
1264 2920 1321 2955 te-

377 2982 434 3013 sti·
464 2977 597 3015 Adone
624 2989 762 3016 omnes
800 2978 1014 3028 supplevit)
1053 2989 1145 3017 oum
1175 2977 1319 3018 FLORI

378 3039 616 3089 aliorumque
626 3040 921 3090 supplementis,
938 3039 1121 3078 distincto
1138 3044 1320 3091 typorum

379 3099 600 3138 charactere
638 3102 794 3139 excusis
829 3101 1015 3139 exhibent
1051 3100 1320 3139 llenschenius

380 3165 418 3195 vt
443 3162 722 3211 papebrochius
742 3164 780 3201 in
799 3163 1081 3214 prolegomenis
1104 3162 1152 3202 ad
1168 3167 1319 3202 tomum

382 3222 598 3261 secundum
623 3225 807 3264 Actorum
831 3225 966 3263 Martii.
989 3226 1031 3263 ln
1057 3225 1120 3264 illo
1149 3226 1319 3276 reperias

382 3294 482 3333 quac
506 3293 553 3321 cx
578 3284 678 3323 Beda
714 3286 761 3324 ab
784 3285 975 3325 Amalario
1009 3287 1182 3326 citantur
1207 3287 1237 3325 ΙΙ
1267 3286 1316 3327 24

1271 191 1478 232 BEDAE

1409 259 1457 298 de
1476 260 1612 299 officiis
1633 261 1780 301 Eccles.
1805 267 1845 301 et
1864 261 1912 301 de
1934 261 2067 302 ordine
2090 262 2347 313 antiphonarii

1407 332 1490 371 cap.
1514 322 1563 360 28
1580 326 1623 361 ut
1637 322 1852 362 Colomesio
1871 323 1951 373 jam
1977 328 2166 363 notatum.
2191 324 2351 364 Addita-

1407 386 1584 421 mentum
1607 383 1655 423 ad
1676 385 1800 423 Bedae
1824 386 2140 436 Martyrologium
2163 398 2213 426 ex
2237 386 2350 427 Codi-

1405 454 1449 482 ce
1475 445 1791 497 wirceburgensi
1817 447 1901 485 Sec.
1923 447 1976 486 lX
2009 451 2049 485 et
2085 448 2347 499 necrologium

1407 506 1598 545 insertum
1639 506 1766 546 Bedae
1791 508 2065 558 martyrologio
2103 509 2262 549 exhibet
2289 510 2347 548 Jo.

1404 568 1592 618 Georgius
1628 568 1850 607 Eckarthus
1872 573 1965 607 tom.
1990 570 2004 608 Ι
2029 570 2348 609 Commentarior.

1403 627 1451 665 de
1475 629 1592 667 rebus
1615 630 1798 668 Franciae
1817 630 2025 669 Orientalis
2040 635 2079 668 et
2093 630 2350 682 Episcopatus

1401 687 1642 741 wirceburg.
1680 702 1765 741 pag.
1796 691 1890 739 829,
1920 691 2008 729 830.
2046 692 2101 730 De
2123 691 2350 731 differentiis

1403 751 1664 801 martyrologii
1688 752 1839 790 metrici
1874 763 1898 791 a
1936 751 2126 791 Dacherio
2153 751 2246 792 editi
2275 752 2349 803 (de

1402 823 1478 862 quo
1501 823 1636 863 supra,
1657 824 1742 864 pag.
1769 814 1858 862 498)
1873 813 1922 852 ab
1936 813 2009 853 hoc
2039 813 2348 864 Henscheniano,

1402 873 1490 911 vide
1514 875 1545 912 si
1570 875 1697 924 placet
1716 874 1916 914 Oudinum
1940 879 2033 914 tom.
2052 877 2066 915 Ι
2085 887 2170 927 pag.
2195 876 2283 917 683.

1453 935 1507 973 De
1530 934 1609 974 situ
1627 935 1876 975 Hierusalem
1895 940 1933 975 et
1953 935 2047 976 locis
2070 936 2217 976 sanctis
2237 937 2347 976 libel-

1402 995 1478 1043 luS,
1502 996 1549 1034 de
1573 998 1772 1048 opusculis
1795 997 2005 1049 majorum,
2028 997 2290 1038 abbreviatus.
2307 1009 2344 1050 p.

1402 1059 1476 1096 363
1509 1070 1558 1097 ex
1587 1059 1745 1098 Arculso
1780 1065 1820 1097 et
1859 1058 2163 1110 ADAMANNO‚
2191 1059 2240 1099 de
2268 1071 2345 1111 quo

1401 1130 1538 1170 supra,
1562 1132 1597 1171 p.
1622 1121 1658 1158 7.

1453 1183 1726 1234 Inter-precatio
1747 1183 1945 1222 nominum
1957 1181 2267 1233 Hebraeorum,
2284 1195 2346 1223 or-

1400 1242 1490 1282 dine
1513 1243 1766 1295 Alphabctico
1798 1258 1882 1297 pag.
1907 1244 1995 1286 371.
2036 1247 2143 1285 Hanc
2164 1244 2344 1285 Oudinus

1401 1308 1570 1345 testatur
1606 1307 1642 1344 in
1678 1307 1886 1346 Codicibus
1905 1309 2074 1359 optimae
2089 1311 2205 1347 notae
2225 1307 2344 1346 tribui

1399 1368 1604 1407 llEMlGlO
1632 1368 1975 1408 Autissiodorensi.

1446 1429 1729 1481 Efficerptiones
1752 1433 1935 1481 Patrum,
1954 1430 2198 1481 collectanea,
2222 1430 2341 1483 flores

1394 1503 1448 1530 ea.-
1470 1492 1656 1541 (liversis,
1692 1493 1936 1544 quaestiones
1959 1497 1996 1532 et
2008 1491 2227 1545 parabolae
2249 1505 2334 1544 pag.

1398 1554 1484 1591 480.
1522 1556 1599 1593 llae
1639 1557 1782 1606 pariter
1801 1561 1841 1594 et
1864 1567 1965 1606 quae
1999 1555 2184 1605 deinceps
2209 1555 2246 1592 in
2274 1554 2346 1592 hoc

1397 1620 1503 1653 tomo
1523 1623 1761 1666 sequuntur,
1786 1629 1924 1668 parum
1947 1617 2065 1669 digna
2086 1615 2213 1656 Bedae
2236 1617 2342 1668 inge-

1396 1679 1458 1716 nio
1478 1676 1704 1727 judicantur
1727 1691 1749 1718 a
1774 1680 1872 1718 Viris
1890 1678 2066 1718 eruditis.

1448 1739 1504 1777 De
1526 1739 1603 1777 XII
1623 1739 1819 1790 lapidibus
1838 1752 1923 1792 pag.
1949 1741 2037 1779 491.

1448 1801 1504 1839 De
1526 1801 1603 1839 XII
1622 1799 1888 1840 luminaribus
1910 1800 2121 1840 Ecclesiae.
2155 1800 2244 1840 ibid.
2267 1802 2346 1840 Hoc

1395 1866 1458 1900 est
1476 1862 1581 1912 quod
1606 1863 1733 1902 fertur
1754 1865 1873 1903 etiam
1897 1864 1972 1903 sub
1984 1862 2213 1915 Hieronymi
2223 1864 2347 1902 nomi-

1397 1935 1446 1962 ne
1469 1923 1515 1963 de
1538 1924 1615 1963 XII
1631 1924 1862 1965 Ductoribus
1877 1924 1932 1963 ad
1950 1923 2213 1976 Desiderium,
2227 1929 2346 1976 atque

1396 1985 1434 2023 in
1458 1986 1695 2025 Bibliotheca
1717 1986 2001 2026 Ecclesiastica
2034 1985 2255 2036 subjectum
2282 1991 2345 2025 est

1396 2057 1419 2085 a
1441 2058 1504 2084 me
1526 2048 1709 2098 Catalogo
1724 2044 2054 2098 hieronymiano,
2088 2059 2172 2098 pag.
2196 2048 2273 2087 226
2301 2048 2344 2086 li-

1395 2112 1458 2146 cet
1491 2119 1563 2147 nec
1603 2110 1888 2159 Hieronymum
1921 2120 1994 2148 neo
2021 2108 2167 2148 Bedam
2202 2109 2343 2149 habeat

1395 2175 1608 2208 auctorem.

1446 2231 1502 2268 De
1523 2233 1668 2283 septem
1686 2230 1797 2270 donis
1818 2231 1994 2282 Spiritus
2012 2232 2052 2271 S.
2072 2243 2159 2284 pag.
2184 2233 2273 2273 492.

1447 2292 1503 2331 De
1525 2296 1668 2344 septem
1695 2292 1907 2332 Ordinibus
1931 2305 2016 2345 pag.
2039 2294 2124 2334 493.

1448 2355 1504 2392 De
1525 2353 1752 2406 quindecim
1773 2354 1896 2407 siynis
1915 2360 2006 2395 ante
2018 2355 2122 2395 diem
2149 2356 2288 2396 Judicii
2303 2369 2340 2409 p.

1449 2479 1505 2516 De
1527 2489 1643 2517 cruce
1662 2479 1868 2528 DOMINI,
1892 2478 1938 2518 de
1960 2482 2105 2530 quator
2125 2478 2340 2520 Ordinibus

1395 2554 1430 2593 p.
1457 2542 1542 2580 495.
1567 2541 1622 2579 De
1641 2539 1899 2580 Eucharistia
1920 2539 2110 2580 sumenda
2132 2553 2168 2593 p.
2194 2541 2281 2580 469.

1447 2602 1593 2654 Hymni
1608 2601 1654 2641 de
1677 2602 1738 2641 die
1759 2601 1908 2641 Judicii
1926 2614 2010 2653 pag.
2035 2603 2109 2641 496
2131 2613 2190 2653 sq.

1445 2666 1529 2705 Sea:
1548 2662 1743 2717 formulae
1764 2663 1995 2703 orationum
2016 2665 2100 2704 sive
2110 2675 2277 2717 precum
2300 2677 2338 2717 p,

1395 2727 1483 2779 498,
1508 2728 1594 2777 499,
1615 2727 1703 2766 500.

1721 2825 1916 2866 ΤΟΜΟ
1965 2825 2027 2864 lv.

1449 2915 1734 2962 11eaeaemron,
1764 2915 1848 2952 sive
1871 2912 1918 2952 de
1939 2923 2017 2952 seae
2037 2911 2339 2954 dierumCrea-

1395 2976 1493 3015 tione
1515 2975 1563 3016 ad
1586 2974 1729 3015 Accam
1753 2974 1965 3025 Abbatem‚
2000 2986 2037 3025 p.
2062 2976 2077 3014 1
2106 2973 2205 3013 adde
2233 2977 2338 3011 tomo

1394 3039 1479 3077 VIII
1503 3049 1587 3089 pag.
1614 3037 1681 3084 52,
1705 3034 1754 3074 79
1779 3047 1860 3086 seq.

1446 3101 1610 3139 Caetera
1633 3099 1671 3136 in
1695 3098 1893 3136 Geneseos
1912 3097 2038 3148 capita
2059 3096 2150 3136 XXI
2170 3094 2219 3134 ad
2241 3107 2337 3135 eun-

1394 3161 1483 3200 dem
1507 3160 1673 3208 Accam,
1696 3159 1800 3199 MSS.
1836 3159 1875 3196 in
1911 3156 2146 3197 Bibliotheca
2175 3157 2337 3196 Lambe-

1394 3223 1530 3271 thana,
1550 3234 1597 3261 ex
1623 3233 1699 3273 quo
1721 3220 1860 3260 Codice
1898 3219 1960 3259 illa
1996 3218 2117 3259 edidit
2152 3219 2195 3258 ll.
2221 3219 2332 3259 War—

1395 3285 1559 3334 thonus‚
1583 3288 1627 3324 ut
1650 3283 1747 3323 infra
1766 3281 1903 3322 dicam.
