2500 3841
850 235 1274 277 FULCUINUS

70 318 263 354 sumenS,
293 316 365 343 nec
395 305 523 354 primo
545 302 762 350 volumini,
787 314 858 341 nec
886 305 1023 343 ultimo

72 369 248 410 medium
277 365 539 406 continuavit.
580 364 763 401 Tertium
793 368 927 402 autem
959 377 1028 415 per

73 435 228 482 septem
258 429 378 468 libros
407 426 626 476 septiformi
665 425 826 463 afflatus
860 426 1029 475 spiritu,

77 492 153 532 sub
168 491 321 540 dialogo
336 488 502 538 spiritus
520 492 560 526 et
576 486 760 533 hominis,
778 485 880 524 fideli
902 498 1031 536 opere⁷

74 552 239 593 mirifico
276 550 454 589 carmine
483 549 704 587 contexuit.
727 549 805 586 Hac
830 547 878 586 de
908 559 1030 587 causa

75 613 183 666 quod
229 617 350 651 vetus
379 616 419 650 et
460 612 617 650 Novum
661 610 855 648 maritans
894 611 1032 648 Testa-

77 679 263 716 mentum
294 675 462 713 Cllristo
491 673 632 720 JESU,
663 672 790 710 Verbo
814 672 954 720 Patris,
984 672 1038 710 la—

77 729 151 776 tori
180 736 351 788 gratiae,
381 736 449 785 qui
480 735 574 772 fecit
603 738 775 784 utraque
805 745 946 780 unum,
967 735 1037 772 uni

42 842 45 843 ⁷
78 800 163 838 viro
192 799 387 848 vlrginem
417 800 597 844 castam,
645 796 866 835 Ecclesiam
901 795 1040 834 videli-

82 865 148 900 cet
165 859 400 912 despondit.

93 930 214 962 Pulere
231 930 423 969 composuit
444 928 547 960 libros
565 927 726 960 Fulcoius
745 928 840 959 istos.

92 981 185 1011 Fecit
201 979 337 1010 Utrum.
354 978 435 1010 fecit
452 978 638 1014 Neutrum,
649 976 792 1016 profecit
815 977 1005 1016 Utrumque

93 1028 198 1060 Scidit
215 1027 354 1065 Utrum,
364 1027 488 1065 sparsit
501 1027 688 1063 Neutrum,
703 1025 839 1065 collegit
857 1026 1046 1065 Utrumque

94 1080 213 1109 'tentat
234 1077 333 1115 Utro,
350 1076 423 1107 fidit
439 1076 588 1112 Neutro,
606 1075 784 1114 desponsat
807 1076 961 1114 Utroque

94 1125 188 1158 Solus
208 1126 303 1164 Uter,
318 1125 518 1164 Neuterque
533 1123 668 1164 duplex,
689 1129 852 1164 septenus
875 1125 1028 1165 Utroque

92 1179 242 1215 suntque
257 1176 386 1214 decem,
405 1182 603 1215 nonumque
620 1174 753 1214 triplex.
777 1176 975 1215 trinumque
989 1183 1048 1207 vo-

819 1224 945 1256 lumen.

96 1274 245 1309 Solvitur
260 1275 313 1307 his
330 1274 466 1307 demum
481 1276 604 1306 merito
618 1275 784 1306 Denarius
804 1273 876 1306 ille.
904 1286 918 1302 ιι

137 1345 185 1384 Π.
209 1343 414 1395 Epistulas
433 1342 623 1382 metricas
637 1374 648 1391 ,
666 1354 837 1393 quarum
857 1354 936 1382 una
955 1341 1046 1381 Ale-

76 1405 250 1445 oeandro
274 1406 410 1458 Papae
430 1405 483 1443 II.
505 1406 582 1445 alia
607 1404 800 1444 Gervasio
834 1405 1045 1443 Remensis

80 1468 285 1509 Ecclesiae
303 1467 510 1517 Antistia,
530 1467 737 1507 Manassae
761 1466 964 1505 decessori
988 1466 1047 1504 di-

31 1566 34 1567 7
85 1533 194 1568 recta
216 1534 291 1568 est.

15 1640 18 1641 ⁷
138 1592 205 1630 ΙΙΙ.
227 1589 485 1644 Epitaphium
511 1589 667 1641 therii
683 1593 723 1628 et
748 1589 952 1628 Benedicti
968 1589 1048 1628 ele-

45 1653 51 1658 '
85 1654 242 1703 giacum
268 1684 281 1702 ,
319 1665 343 1692 a
369 1653 591 1692 Mabillonio
634 1663 723 1703 pag.
762 1652 852 1690 664.
892 1650 1046 1691 editum

90 1714 164 1753 hoc
187 1715 321 1753 initio:
631 1718 635 1722 '

71 1783 73 1785 ’
106 1788 214 1824 Quam
223 1784 310 1818 male
319 1784 595 1826 discernit,quod
605 1788 707 1823 emat,
721 1784 895 1825 velqualia
909 1777 1048 1825 spernit.

142 1845 247 1884 Haec
271 1844 513 1894 Polycarpus
528 1845 728 1894 Leyserus
742 1843 792 1882 de
813 1844 942 1894 poetis
968 1854 1050 1881 me-

91 1906 144 1946 dii
168 1907 258 1946 aevi
286 1917 375 1957 pag.
397 1907 475 1946 352
491 1936 502 1956 ,
525 1916 609 1956 seq.
638 1907 702 1945 cui
736 1905 882 1943 addere
906 1904 1048 1955 juvat,

95 1968 200 2018 quod
240 1967 368 2008 Vitam
391 1969 433 2008 S.
472 1967 670 2006 Pharonz's
705 1971 832 2006 metro
856 1968 1046 2017 scriptam

91 2031 141 2069 ab
173 2030 247 2068 hoc
268 2031 452 2079 Fulcoio,
474 2030 626 2069 evolvit
649 2031 824 2080 Cangius
846 2030 886 2068 in
910 2030 1052 2068 Biblio-

94 2092 212 2131 theca
235 2093 276 2131 S.
297 2092 487 2131 Germani
512 2092 562 2131 de
585 2093 713 2131 Pratis
729 2123 741 2140 ,
766 2092 910 2132 Codice
936 2091 1026 2130 738.

146 2155 455 2203 FULCUINUS,
476 2165 597 2206 supra
619 2166 706 2206 pag.
737 2155 827 2194 524.
853 2156 879 2193 F
885 2154 1054 2193 OLCUI-

92 2218 203 2258 NUS.
232 2216 543 2257 Emendandum
574 2217 679 2267 quod
712 2216 818 2268 apud
857 2217 1051 2268 Gangium

92 2280 314 2320 Fulcuinus
333 2279 468 2318 Abbas
492 2280 530 2318 S.
555 2280 706 2318 Bertini
730 2279 779 2317 ab
802 2278 958 2317 Abbate
983 2281 1055 2316 Lo-

93 2343 223 2382 biensi
237 2341 424 2380 diversus
439 2340 623 2387 traditur,
645 2351 738 2378 cum
758 2351 808 2377 ex
824 2341 1055 2378 Bertiniano

97 2404 203 2444 idem
229 2403 375 2452 fuerit,
395 2401 530 2441 Abbas
560 2401 777 2440 Lobiensis.

149 2466 348 2506 FULCUS
362 2495 374 2514 ,
405 2465 492 2503 sive
511 2462 690 2512 FULCO,
710 2463 980 2513 Placentinus,
1004 2474 1054 2501 ex

99 2529 351 2576 Placentino,
375 2527 602 2578 Episcopus
637 2526 843 2576 Papiensis
867 2525 916 2563 ab
939 2524 1054 2563 Anno

100 2592 204 2632 4246
227 2590 276 2631 ad
303 2590 418 2630 ⁴229.
444 2588 542 2628 Vide
564 2587 773 2638 Ughellum
799 2591 896 2625 tom.
927 2589 942 2626 4
973 2586 1056 2625 edi-

100 2655 220 2693 tionis
242 2663 370 2692 novae
390 2663 478 2703 pag.
505 2651 609 2690 4098
636 2649 699 2688 ubi
720 2650 878 2687 Ilonorii
897 2649 962 2687 III.
987 2649 1069 2698 Pa1

102 2727 175 2767 pae
199 2716 320 2764 bulla,
343 2725 423 2764 qua
451 2714 488 2753 ei
511 2713 701 2752 honorem
727 2712 832 2763 pallii
857 2716 897 2749 et
918 2711 1057 2751 Crucis

103 2777 299 2818 concedit.
323 2777 434 2816 Fulci
464 2777 674 2816 Sermones
708 2775 859 2814 laudari
886 2775 924 2812 in
955 2773 1057 2812 Petri

104 2842 248 2881 Mariae
271 2840 322 2880 de
345 2841 509 2890 Campis
538 2839 709 2879 Historia
737 2838 941 2876 Ecclesiae
978 2836 1062 2875 Pla-

102 2904 290 2944 centinae
314 2906 410 2942 tom.
435 2903 472 2942 2.
499 2913 587 2953 pag.
610 2901 678 2941 444
705 2900 858 2939 notavit
874 2899 1061 2950 cangius,

106 2976 238 3016 neque
262 2963 368 3004 aliud
394 2964 443 3003 de
467 2975 513 3002 eo
537 2963 634 3002 mihi
658 2966 920 3014 compertum.

33 3080 39 3087 Ι
160 3026 182 3049 ³*
204 3026 363 3078 Optime
387 3025 547 3076 quidem
567 3028 720 3064 monuit
749 3025 950 3063 Fabricius
975 3024 1064 3061 Ser-

108 3099 248 3129 mones
271 3087 379 3128 Fulci
404 3089 444 3126 in
467 3089 634 3127 Historia
658 3087 936 3126 Ecclesiastico
962 3084 1062 3122 Petri

110 3151 159 3191 de
182 3151 345 3202 Campis
369 3149 543 3199 indicari3
561 3149 629 3189 sed
648 3148 832 3188 monendi
849 3150 961 3185 erant
977 3157 1065 3183 eru-

55 3213 61 3218 ’
110 3213 180 3252 diti
203 3225 251 3252 ex
277 3213 505 3252 testimonio
543 3211 722 3252 eiusdem
766 3210 902 3259 Campi
928 3212 1063 3246 extare

49 3287 54 3296 ·
110 3276 149 3313 in
185 3275 263 3314 MS.
288 3274 384 3314 Cod.
409 3276 479 3314 PP.
504 3274 852 3313 Dominicanorum
883 3268 1062 3307 eiusdem

112 3337 222 3377 urbis
246 3339 461 3378 Sermones
495 3336 603 3375 Fulci
630 3335 750 3374 buius
788 3333 853 3370 LX
890 3340 1057 3379 quorum

1975 242 2052 278 615)

1099 307 1235 345 titulos
1271 308 1412 346 ibidem
1451 310 1627 359 Campus
1665 309 1881 356 1l‹·sci·il›it;
1908 311 1976 349 dat
2002 313 2058 348 in-

1102 379 1221 418 super
1241 370 1458 419 praelixam
1482 370 1530 408 ab
1554 370 1693 409 eodem
1720 372 1839 410 Fulco
1860 373 2060 411 Sermoni-

1105 428 1179 467 bus
1215 430 1322 468 hisce
1363 433 1674 481 praefationem,
1702 434 1738 470 in
1776 446 1855 484 qua
1889 439 2059 474 testatur

1107 491 1315 539 scripsisse
1353 504 1395 529 sc
1439 493 1579 532 librum
1615 494 1661 531 (le
1698 493 1825 534 tribus
1854 494 2060 534 ordinibus

1108 549 1429 595 Salvandorum:
1454 555 1546 592 item
1573 554 1618 593 dc
1650 555 1852 606 siynaculo
1876 558 2060 598 ultimae:

1111 611 1270 649 tandem
1289 611 1335 650 (le
1349 613 1520 652 eiusdem
1536 616 1692 654 animae
1709 617 1944 657 salvatione.
1956 619 2060 658 Obiit

1115 671 1335 722 Episcopus
1361 675 1434 711 isto
1458 687 1522 714 an.
1551 677 1649 715 4229
1674 678 1735 716 die
1760 679 1809 716 26
1833 680 2024 718 Octobris,

1167 733 1639 775 FULDENSESAnnales
1659 740 1895 779 Francorum
1919 741 1967 779 ab
1987 742 2061 780 An.

1113 794 1268 832 CIlristi
1295 794 1370 833 744
1396 795 1445 833 ad
1483 797 1560 835 883
1596 798 1689 836 editi
1719 811 1740 837 a
1764 802 1878 838 Petro
1905 802 2060 840 Pitlioeo

1114 856 1152 892 in
1183 855 1318 894 limine
1348 858 1483 895 statim
1508 859 1595 905 ΧΙΙ7
1620 861 1855 909 scriptorum
1876 892 1883 910 ‚
1906 864 2061 901 Parisiis

1116 917 1220 956 4588
1244 920 1284 955 et
1306 918 1555 957 Francofurti
1580 921 1681 958 4594
1699 952 1709 969 ‚
1741 922 1778 958 8.
1807 928 1846 959 et
1885 925 2062 962 meliores

1115 989 1273 1029 semper
1292 990 1314 1017 a
1330 979 1500 1018 Frehero
1517 986 1557 1019 et
1582 993 1709 1032 usque
1725 982 1773 1021 ad
1791 983 1950 1023 Annum
1968 986 2063 1029 900,

1115 1044 1212 1078 tom.
1238 1043 1252 1080 4
1285 1042 1524 1092 scriptorum
1551 1043 1738 1082 German.
1765 1044 1813 1083 ab
1833 1045 1990 1084 Andrea
2013 1047 2066 1085 du

1115 1101 1276 1142 Chesne
1300 1106 1395 1141 tom.
1420 1104 1455 1143 2.
1475 1116 1511 1155 p.
1539 1107 1633 1145 4534
1661 1110 1702 1145 et
1726 1107 1764 1143 in
1785 1117 1888 1145 nova
1909 1107 2064 1146 Freheri

1116 1163 1287 1203 editione
1325 1165 1537 1206 Struviana
1553 1199 1564 1216 ‚
1605 1169 1641 1205 in
1681 1179 1758 1217 qua
1794 1172 1909 1207 notae
1947 1171 2064 1207 etiam

1116 1226 1313 1265 accedunt
1335 1229 1553 1268 Burchardi
1578 1230 1758 1268 Gotthclf
1779 1230 1940 1269 Struvii.
1967 1232 2068 1280 Sup-

1117 1288 1365 1338 plementum
1391 1290 1512 1329 breve
1542 1291 1646 1342 apud
1673 1292 1907 1330 Leibnitium
1935 1295 2060 1330 tom.I

1119 1351 1356 1400 scriptorum
1394 1354 1750 1393 Brunsvicensium
1789 1365 1874 1404 pag.
1914 1354 1988 1392 492
2026 1359 2067 1393 et

1114 1412 1447 1463 Supplementum
1471 1415 1519 1453 ab
1543 1415 1617 1454 An.
1652 1416 1728 1454 882
1753 1415 1801 1454 ad
1827 1415 1903 1453 887
1931 1420 1971 1453 et
1990 1415 2069 1454 An-

1120 1485 1262 1512 norum
1286 1474 1389 1523 894,
1416 1476 1492 1515 895
1513 1508 1523 1525 ,
1550 1477 1654 1528 apud
1691 1478 1946 1517 Muratorium
1977 1482 2070 1516 tom.

1122 1536 1146 1573 2
1170 1539 1282 1586 parte
1307 1537 1343 1575 2.

1174 1598 1468 1639 FULDENSES
1484 1601 1647 1639 annales
1664 1601 1712 1639 ab
1736 1601 1809 1639 An.
1831 1600 1909 1641 7444
1928 1600 1976 1640 ad
1993 1601 2067 1640 847

1122 1659 1214 1697 vide
1238 1660 1365 1708 infra,
1397 1661 1858 1702 LAURISHAMENSES.
1889 1663 2068 1702 Lambec.

1121 1725 1216 1759 tom.
1248 1722 1284 1759 2.
1315 1734 1403 1774 pag.
1431 1724 1534 1772 366,
1565 1735 1650 1774 seq,
1683 1726 1868 1764 Murator.
1900 1729 1993 1762 tom.
2034 1725 2069 1762 Ξ.

1123 1787 1234 1833 parte
1259 1784 1297 1823 2.

1179 1846 1295 1884 Vetas
1332 1846 1550 1899 Diptychon
1590 1847 1877 1895 FULDENSE,
1919 1848 1955 1884 in
1995 1857 2071 1896 quo

1124 1907 1228 1946 nuda
1250 1910 1409 1948 nomina
1435 1909 1714 1948 defunctorum
1730 1910 1882 1959 Regum
1904 1909 2070 1946 Franco-

1121 1981 1208 2008 rum
1235 1982 1257 2009 a
1277 1972 1436 2021 Pipino⁷
1460 1972 1779 2020 Reginarumquc
1803 1975 1843 2008 et
1859 1970 2071 2020 Episcopi-

1125 2045 1214 2072 rum
1244 2045 1290 2072 ac
1315 2035 1527 2079 Comitum,
1553 2038 1685 2072 exstat
1717 2035 1753 2070 in
1781 2032 1968 2083 praeclari
1994 2033 2070 2068 I’iri

1124 2095 1316 2134 Jolzannis
1344 2094 1546 2134 Friderz'ci
1580 2094 1783 2134 Sclzannat
1809 2094 1924 2144 pleno
1947 2093 2071 2131 bonae,

1127 2159 1251 2209 frugis
1270 2169 1400 2208 opere⁷
1424 2159 1458 2205 a)
1480 2157 1583 2206 quod
1605 2156 1833 2195 Vindemias
1863 2155 2073 2193 litterarias

1129 2221 1330 2271 inscripsit
1350 2232 1435 2271 pag.
1463 2220 1524 2259 46.
1555 2219 1700 2257 Fuldae
1725 2223 1764 2256 et
1789 2218 1941 2267 Lipsiae
1960 2216 2073 2262 1723,

1129 2284 1192 2322 fol.
1210 2283 1287 2322 Sed
1312 2283 1427 2332 longe
1452 2281 1565 2331 plura
1589 2280 1770 2329 ejusdem
1793 2279 1941 2317 sollerti
1966 2278 2077 2316 indu-

1128 2346 1248 2384 striae
1273 2344 1492 2390 debemus,
1515 2342 1587 2380 hoc
1611 2342 1694 2379 loco
1721 2353 1796 2379 non
1825 2345 2079 2390 praetereun-

1128 2407 1202 2455 da,
1243 2407 1422 2457 inprimis
1460 2405 1615 2456 Corpus
1660 2401 1952 2447 Traditionum,
1992 2402 2077 2438 sive

1127 2469 1392 2507 Donationum
1415 2465 1672 2505 Fuldensium
1694 2465 1726 2512 b)
1752 2464 1799 2502 ab
1823 2463 1894 2501 An.
1922 2462 1996 2500 742
2026 2461 2075 2500 ad

1130 2531 1249 2569 finem
1282 2530 1412 2569 Seculi
1437 2530 1542 2568 XIII.
1582 2528 1734 2577 Lipsiae
1774 2524 1896 2569 4724,
1939 2522 2000 2560 fol.
2038 2526 2078 2560 et

1133 2590 1362 2632 Clientelam
1383 2589 1614 2629 Fuldenscm
1633 2590 1667 2636 C)
1697 2585 1982 2625 beneficiariam
2006 2594 2073 2620 no-

1131 2655 1250 2692 bilem
1288 2658 1328 2692 ct
1364 2657 1592 2703 equestrem
1613 2681 1623 2698 ,
1663 2647 1902 2687 Franeofurti
1948 2645 2073 2691 4726,

1134 2717 1197 2755 fol.
1221 2727 1312 2755 cum
1344 2715 1510 2754 elencho
1534 2714 1722 2751 clientum
1744 2713 1807 2758 ‚et
1832 2706 1970 2746 Codice
1986 2717 2080 2756 pro-

1136 2777 1335 2816 bationum
1354 2808 1364 2825 ,
1392 2778 1429 2814 in
1459 2786 1536 2825 quo
1577 2773 1788 2823 diplomata
1817 2768 2048 2807 mlxxxxi
2066 2798 2075 2813 ,

1135 2840 1277 2879 deiude
1302 2839 1512 2878 Ilistorifflu
1539 2835 1775 2874 Fuldcnsem
1803 2833 1840 2868 in
1865 2835 1946 2868 tres
1980 2829 2079 2866 divi-

1135 2914 1219 2941 sam
1236 2905 1368 2952 partes
1382 2931 1392 2948 ,
1414 2900 1462 2938 ab
1485 2899 1559 2937 An.
1582 2897 1657 2935 744
1675 2894 1721 2933 ad
1745 2903 1932 2943 praesens
1952 2902 2077 2940 usque

1137 2969 1323 3013 tempus,
1350 2960 1595 2999 Francofurti
1623 2957 1722 2996 4729
1742 2985 1749 3000 ,
1772 2955 1834 2992 fol.
1864 2956 1895 2998 a]
1926 2954 1986 2991 cui
2014 2964 2077 2989 su-

1192 3138 1224 3174 a)
1247 3140 1327 3168 Acta
1348 3136 1562 3166 Eruditorum
1582 3125 1648 3161 Ltn.
1677 3128 1765 3159 4724.
1787 3135 1860 3166 pag.
1877 3124 1928 3156 51.

1191 3188 1225 3226 b)
1251 3185 1333 3216 lbid.
1359 3188 1395 3214 ,4.
1428 3183 1522 3213 4725.
1548 3190 1622 3220 pag.
1646 3179 1717 3210 2925.

1192 3238 1223 3271 c)
1250 3233 1442 3265 Fuldisclier
1468 3229 1641 3261 Lolin-llol'.
1679 3231 1757 3258 Acta
1780 3223 1995 3255 Erudltorum
2022 3227 2080 3254 An.

1131 3286 1222 3317 1720.
1246 3292 1322 3323 pag.
1345 3282 1396 3313 024.

1188 3340 1218 3373 a)
1242 3337 1321 3364 Acta
1344 3331 1557 3362 Erinlitorum
1582 3331 1641 3358 An.
1671 3326 1757 3356 1750.
1783 3332 1855 3363 pag.
1878 3322 1931 3355 91.
