2500 4009
368 254 436 284 xrv

368 319 444 356 mio
483 314 654 357 delectu.
689 324 734 352 ac
771 310 906 349 sedula
959 310 1320 358 commentatione,

371 375 414 410 ut
451 380 553 420 quae
591 363 868 417 perlustianda
908 366 1032 409 erant⁷
1074 367 1322 401 scrutaretur

369 429 488 473 atque
514 424 731 459 excuteret.
757 421 796 453 et
820 420 1002 454 accurate
1025 413 1322 465 perpenderet?

369 477 517 525 Obtigit
544 473 701 511 tandem
729 475 771 508 ut
795 480 931 507 carum
959 480 1104 513 rerum,
1129 480 1230 519 quae
1255 480 1321 508 ve-

371 532 485 567 ritate
512 527 634 574 magis
658 522 958 560 commendatae
975 527 1110 560 essent
1128 523 1322 560 recensio-

372 595 418 620 ne
444 586 482 618 et
504 580 601 617 bene
628 581 778 614 sirusta
803 576 1056 614 collocatione
1083 578 1234 614 tantam
1261 586 1323 613 se-

371 640 499 685 getem
527 634 744 681 appararet,
766 640 866 679 quac
917 640 986 667 sex
1034 631 1192 666 omnino
1209 640 1323 677 gran-

371 686 543 725 dioribus
596 683 864 721 voluminibus
906 682 1124 721 lautissime.
1167 688 1324 720 struen-

372 741 431 779 dis
456 736 699 787 edendisque
727 741 968 786 suppeteret.
992 736 1179 774 Errarent
1210 747 1322 784 porro

372 794 620 841 turpissime,
644 791 708 840 qui
735 800 806 828 seu
831 790 867 826 iri
896 801 996 826 novo
1020 790 1090 828 boc
1116 789 1321 839 praediviti

369 846 625 885 conciliorum
663 843 940 893 supplemento
964 843 1219 890 conficiendo,
1251 854 1322 882 seu

372 902 408 938 in
430 898 718 938 Ecclesiasticis
739 896 970 935 Annalibus.
990 908 1089 947 quos
1110 902 1223 934 antea
1245 908 1326 933 me-

374 954 631 995 moravimus
652 950 952 999 diligentissime
977 949 1228 999 expoliendis
1246 961 1325 987 ma-

373 1008 524 1045 ximum
546 1011 585 1043 et
602 1003 806 1042 assiduum
827 1003 1102 1042 tantummodo
1119 1005 1251 1040 Mansii
1274 1003 1325 1041 la-

371 1060 504 1098 borem
525 1061 561 1096 in
582 1059 728 1105 praetio
745 1056 968 1094 babendum
987 1067 1074 1094 esse
1093 1061 1317 1094 censerent.

415 1113 534 1158 Quasi
563 1112 661 1148 Vero
690 1111 889 1154 tantatus.
910 1109 1327 1157 1.udevigius,1)aehe-

375 1167 486 1207 rius,
512 1165 739 1210 Marionius,
778 1163 1037 1209 Mabitlonius,
1076 1165 1325 1211 Muratorius,

376 1218 654 1258 Tiraboscliius
695 1218 896 1265 ceterique
921 1227 1059 1254 omnes
1080 1217 1231 1265 impigri
1258 1228 1325 1254 an-

377 1274 570 1323 tiquitatis
586 1271 918 1320 conquisitoresa
941 1270 1085 1319 quibus
1108 1275 1237 1308 tantas
1259 1269 1325 1307 do-

373 1328 590 1364 ctrinarum
632 1325 824 1362 utilitates
865 1325 1103 1371 accepimus,
1143 1322 1322 1361 industrii

378 1379 587 1418 dumtaxat
611 1382 651 1414 et
695 1375 874 1414 laboriosi
912 1375 1092 1414 homines
1123 1377 1324 1426 appellan-

375 1432 412 1470 di
430 1436 579 1475 essent,
598 1429 757 1468 litterati
777 1433 816 1466 et
840 1428 941 1466 docti
966 1441 1040 1466 non
1064 1431 1171 1474 item,
1189 1435 1324 1467 contra

374 1497 492 1536 quam
511 1494 709 1522 consensu
731 1483 908 1520 omnium
931 1487 971 1519 et
991 1494 1058 1531 pro
1084 1485 1135 1520 rei
1160 1483 1325 1520 veritate

369 1538 590 1589 judicatum
617 1536 704 1575 fuit.
727 1536 800 1582 Qui
826 1536 930 1573 enim
958 1537 1036 1574 fere
1063 1536 1255 1574 infinitam
1284 1535 1327 1573 li-

376 1594 534 1631 brorum
571 1595 611 1627 et
652 1594 1000 1628 monumentorum
1029 1590 1323 1628 multitudinem

376 1645 617 1685 acutioribus
651 1645 796 1681 mentis
831 1643 954 1681 oculis
989 1645 1200 1693 inquirere,
1226 1648 1325 1680 tem-

374 1710 513 1751 porum
538 1704 577 1736 ct
599 1709 730 1736 rerum
772 1697 940 1734 latebras
975 1708 1194 1747 peragrare,
1230 1697 1324 1734 falsa

375 1765 396 1792 a
429 1754 536 1790 veris
559 1751 784 1799 decernere,
808 1752 954 1799 optima
989 1750 1172 1800 deligere,
1206 1755 1325 1798 atque

373 1812 462 1858 apte
482 1806 778 1854 illumiriateque
795 1803 1004 1852 disponere
1022 1807 1120 1841 sciat
1143 1805 1325 1853 (quenia-

374 1861 562 1901 dmodum
585 1871 604 1898 a
626 1859 773 1896 Mansio
800 1857 945 1894 factum
975 1857 1094 1895 fuisse
1122 1858 1324 1904 novimus)

376 1927 451 1954 non
475 1914 547 1953 nisi
571 1911 913 1963 praestantissima
950 1922 1037 1948 esse
1066 1912 1100 1948 in
1127 1922 1171 1948 eo
1195 1915 1324 1961 potest

377 1969 519 2019 ingenii
545 1973 584 2005 et
606 1967 815 2004 memoriae,
841 1967 902 2002 vis
927 1968 966 2000 et
991 1965 1214 2014 intelligens
1239 1976 1324 2014 gra-

376 2023 666 2070 vissimumque
688 2018 893 2068 judicium,
912 2022 1030 2067 atque
1051 2017 1217 2055 eruditio
1239 2029 1325 2066 per-

378 2077 491 2115 fecta.
518 2076 660 2112 Verum
687 2073 834 2121 i·el:qua
860 2072 994 2109 Mansii
1019 2083 1133 2121 opera
1170 2074 1325 2120 {neque

378 2131 483 2169 enirn
514 2129 563 2166 ita
586 2137 709 2177 pauca
734 2130 840 2172 sunt,
857 2130 925 2163 aut
947 2125 1080 2163 niiiius
1103 2124 1327 2171 elaborata)

378 2192 677 2235 persequamur.

431 2235 610 2274 Occurrit
634 2237 766 2271 autem
813 2231 947 2269 statim
987 2242 1086 2268 nova
1125 2230 1243 2269 editio
1279 2229 1327 2269 ab

379 2302 424 2328 eo
441 2291 673 2327 concinnata
692 2285 989 2324 licclesiasticae
1012 2285 1114 2322 illius
1144 2284 1328 2322 historiae

379 2354 496 2394 quam
521 2341 666 2380 Natalis
691 2336 999 2377 Attfixaxbssii
1025 2339 1326 2387 conscripserat,

381 2403 421 2435 et
436 2397 561 2434 doctis
586 2404 710 2444 aeque
736 2402 779 2429 ac
801 2391 1012 2429 luculentis
1037 2391 1329 2429 dissertationi—

380 2451 453 2490 bus
484 2450 764 2488 illustraverat.
786 2445 1088 2483 Enarrationum
1120 2456 1207 2495 ope,
1231 2454 1330 2494 quas

383 2510 514 2556 postca
540 2503 828 2541 Constantinus
854 2497 1088 2549 Itoncaylius
1112 2499 1158 2536 ad
1184 2510 1227 2537 ea
1267 2509 1329 2536 ca-

382 2561 473 2610 pita,
495 2559 531 2594 in
557 2554 702 2606 quibus
730 2554 868 2591 vitium
899 2559 983 2590 erat
1006 2553 1188 2602 pe”d‹)cte
1213 2563 1330 2602 appo-

382 2615 474 2652 suit.
497 2622 517 2649 a
535 2618 727 2648 censurae
748 2611 852 2651 nota,
873 2618 973 2656 quac
1006 2608 1192 2645 universo
1222 2605 1326 2656 operi

383 2667 430 2704 ab
461 2664 686 2703 innocentio
716 2659 771 2698 xi
811 2659 936 2698 fuerat
978 2671 1053 2698 non
1093 2659 1213 2698 semel
1248 2663 1333 2696 inu-

385 2719 602 2769 stalssieam
623 2723 783 2767 prorsus
802 2713 954 2752 liberari
971 2725 1017 2752 ex
1037 2715 1232 2752 sententia
1244 2722 1333 2751 suc-

382 2776 570 2811 cesserat.

436 2826 588 2875 Operae
614 2829 746 2860 tamen
785 2821 977 2871 praetium
1013 2824 1099 2859 erat
1131 2819 1333 2871 complura

386 2879 542 2926 addere,
567 2887 669 2928 quae
695 2880 783 2926 post
809 2873 1018 2913 Alexandri
1045 2874 1193 2913 obitum
1224 2873 1336 2912 evul-

443 3004 488 3042 (2)
512 3001 664 3032 Primum
688 3001 741 3031 die
768 3001 805 3030 10
829 2998 908 3030 Jniii
938 3001 1015 3029 tom
1035 2999 1157 3029 deinde
1176 3001 1215 3029 26
1235 2997 1335 3029 Febr.

390 3047 482 3076 ¹087.
509 3044 589 3075 Vtile
616 3044 794 3084 Ali1ysiiini
833 3040 1005 3072 Mozzitim
1042 3040 1108 3071 vol.
1147 3040 1174 3071 Ι.
1206 3050 1260 3079 op.
1289 3041 1336 3070 in-

388 3087 500 3125 scripti
519 3087 729 3125 compen-iio
750 3084 880 3113 Sioiicn
905 3083 1118 3115 monologii-o
1141 3084 1172 3113 di
1197 3083 1251 3121 piu
1276 3082 1335 3112 im-

390 3130 536 3168 portanli
557 3128 681 3166 ggiudizi
708 3127 829 3165 portati
867 3126 952 3154 dalla
977 3125 1010 3155 S.
1035 3125 1121 3155 Sede
1144 3123 1336 3163 Aposiotim

389 3172 489 3201 Boni.
514 3179 611 3209 sopra
637 3170 656 3200 il
683 3166 1180 3210 Bajanismo,Gianseninismo
1203 3175 1221 3197 e
1246 3165 1337 3205 Que-

388 3212 576 3243 snellisnio.

445 3256 491 3291 (3)
516 3253 614 3282 Liber
640 3255 711 3283 erat
736 3250 916 3288 inscriptus
932 3249 1174 3288 Espltcazi'one
1190 3250 1225 3280 di
1243 3253 1339 3290 qual-

391 3299 444 3325 lro
465 3294 649 3333 parrulossi
675 3295 786 3334 ibique
811 3301 887 3332 pag.
912 3294 950 3322 47
975 3292 1166 3328 legebatur.
1200 3291 1228 3322 11
1252 3291 1340 3322 libi-o

389 3337 443 3368 del
467 3335 508 3367 Ρ.
533 3336 649 3367 Mansa·
670 3335 711 3375 su
735 3334 943 3366 denunzi‘ulo
966 3334 1039 3363 uua
1065 3333 1100 3364 S.
1128 3333 1253 3372 Conyr.
1274 3333 1342 3363 del-

391 3379 539 3410 l'i'ndt'ce
562 3380 579 3409 e
601 3380 695 3407 stato
716 3376 915 3407 meritevote
934 3374 1024 3406 detta
1042 3374 1290 3414 proscrizione.
1311 3373 1344 3404 E

1085 240 1118 276 J.
1163 238 1307 287 noir.
1351 237 1594 279 iiiAix'sil

1395 315 1482 359 gata
1504 309 1550 348 ad
1579 310 1778 349 historiam
1798 311 2066 351 exornandam
2085 314 2335 362 potissimum

1396 362 1688 403 conducebant:
1716 376 1788 402 nec
1811 367 1920 412 pauci
1950 366 2113 414 insuper
2127 373 2240 406 erant
2264 369 2350 416 loci,

1397 427 1496 466 quos
1513 428 1532 454 a
1553 419 1664 455 novis
1684 418 1976 458 haereticorum
1997 424 2035 456 et
2049 421 2225 467 Rasnagii
2246 432 2359 471 prae-

1397 471 1533 507 sertim
1559 471 1901 509 criminationibus
1926 471 2113 510 vindicari
2136 474 2354 523 plurimum

1398 523 1657 562 interfuisset.
1681 526 1780 562 llaec
1806 535 1899 561 vero
1924 523 2132 571 diligenter
2162 529 2355 576 praestita

1399 585 1487 613 esse
1513 587 1533 614 a
1560 578 1708 615 Mansio
1728 577 1932 626 perspicue
1951 576 2153 616 declarant
2173 580 2354 618 selectis-

1398 629 1522 666 simae,
1547 630 1913 667 animadversiones
1948 629 2168 669 eruditione
2208 631 2356 671 doctri-

1403 693 1530 731 naque
1557 683 1709 732 plenae,
1731 693 1831 732 quas
1871 688 2162 732 peropportune
2208 689 2248 722 et
2283 685 2357 724 fre-

1401 740 1570 784 quenter
1593 735 1746 773 addidit
1777 746 1853 772 non
1881 735 2066 773 mediocri
2091 740 2132 774 et
2155 737 2201 776 ad
2240 737 2361 778 histo-

1401 790 1479 825 riae
1525 790 1749 831 veritatem.
1797 793 1837 826 et
1883 788 2098 828 adversum
2147 795 2361 842 perpetuos

1402 841 1601 891 religionis
1625 842 1759 879 hostes
1788 842 1992 891 praesidio.

1454 895 1528 934 Sed
1558 901 1599 933 ut
1624 901 1812 945 tyronum
1851 895 1984 938 eiiam,
2006 906 2224 947 eorumque
2249 909 2358 948 prae·
2472 905 2500 929 f

1402 949 1537 986 sertim
1585 951 1649 998 qui
1695 949 1894 986 tenuiores
1942 954 2078 986 essent
2101 980 2111 996 ,
2151 952 2358 990 commodo

1401 1002 1639 1046 consuleret,
1665 1001 1713 1039 de
1741 1012 1841 1040 nova
1867 1012 2024 1052 quoque
2055 1002 2226 1041 editione
2255 1006 2356 1055 cogi-

1402 1056 1501 1092 tavit
1554 1055 1745 1093 brevioris
1795 1056 2096 1094 Ecclesiasticae
2146 1055 2356 1107 historiae,

1401 1119 1519 1158 quam
1566 1110 1781 1159 llyacintus
1820 1105 2176 1148 GRAVESONIUS
2211 1112 2358 1160 peruti-

1402 1161 1489 1198 liter
1509 1168 1780 1200 contexuerat.
1806 1162 1939 1212 Neque
1967 1172 2060 1199 vero
2085 1162 2213 1201 solum
2239 1168 2278 1202 et
2298 1169 2357 1202 at-

1401 1216 1550 1252 tentius
1581 1217 1778 1265 recognita
1822 1225 1843 1252 a
1889 1216 2035 1253 Mansio
2078 1216 2163 1265 ipsa
2205 1222 2278 1262 est,
2317 1222 2358 1256 et

1400 1268 1641 1306 cumulatius
1693 1268 1904 1316 adornata3
1960 1268 2029 1306 sed
2082 1271 2347 1309 recentiorum

1401 1332 1558 1372 quoque.
1588 1327 1810 1372 temporum
1843 1321 2026 1360 historica
2072 1322 2281 1373 appendix,
2308 1323 2356 1363 ad

1400 1376 1626 1412 Graiesonii
1651 1385 1828 1412 normam
1851 1374 2014 1413 adiecta.

1453 1429 1550 1466 Dum
1569 1433 1608 1465 et
1633 1429 1829 1477 religionis
1847 1435 1885 1465 et
1912 1428 2130 1467 litterarum
2152 1428 2252 1468 bono
2273 1434 2354 1469 tam

1404 1481 1582 1520 sedulam
1613 1493 1829 1531 numquam
1855 1481 2038 1520 defessus
2064 1489 2236 1521 navavat
2266 1495 2358 1534 ope-

1404 1546 1501 1582 ram,
1548 1536 1640 1573 niliil
1682 1545 1776 1573 sane
1817 1536 2061 1584 inopinatum
2103 1535 2200 1574 adeo
2236 1542 2358 1588 atque

1405 1589 1709 1638 inespectaium,
1740 1599 1859 1638 quam
1909 1593 1951 1626 ut
1996 1593 2088 1626 ante
2137 1590 2357 1630 Romanum

1402 1642 1714 1692 Tribunal,quorl
1731 1640 2078 1692 Corcyreyationem
2097 1642 2239 1682 Indicis
2257 1656 2358 1684 nun-

1401 1700 1562 1744 cupant,
1583 1699 1858 1734 vocareturatt
1874 1697 2042 1745 cuipiam
2061 1695 2258 1746 (Concina)
2277 1709 2353 1737 non

1400 1749 1523 1786 intimi
1543 1749 1611 1787 loci
1639 1750 1834 1796 'riieoiogo
1852 1751 1931 1798 iqui
1957 1749 1992 1786 in
2021 1750 2158 1787 naevis
2177 1751 2356 1789 Probabi-

1401 1802 1580 1840 listarum
1601 1804 1790 1841 rimandis
1807 1810 1875 1843 aut
1897 1802 2051 1841 mendis
2068 1804 2355 1855 exaggerandis

1397 1862 1639 1897 contentioni
1659 1860 1883 1908 plusculum
1901 1858 2151 1897 etacerbitati
2170 1863 2348 1908 naturae,

1399 1925 1517 1964 quam
1542 1916 1696 1952 veritati
1722 1915 1848 1964 largiri
1875 1914 2136 1958 assueverat)
2168 1911 2349 1952 liberiora

1399 1968 1591 2018 quaedam
1624 1974 1663 2005 et
1683 1969 1859 2006 censoria
1888 1966 2084 2003 notatione
2109 1965 2224 2015 digna
2248 1965 2346 2005 forte

1401 2025 1482 2059 visa
1515 2027 1610 2060 sunt
1630 2023 1819 2059 contineri
1848 2022 1882 2057 in
1905 2030 1950 2057 eo
1976 2019 2083 2061 libro,
2103 2029 2222 2068 quem
2260 2029 2349 2057 suo-

1403 2087 1489 2114 rum
1531 2077 1707 2113 omnium
1755 2075 1922 2124 primum
1969 2071 2119 2110 editum
2151 2082 2173 2108 a
2202 2073 2350 2110 Mansio

1403 2129 1523 2167 fuisse
1548 2128 1696 2166 dictum
1720 2139 1790 2165 sno
1812 2127 1894 2165 loco
1918 2130 1994 2163 est.
2016 2124 2218 2163 Eiusmodi
2242 2136 2352 2176 prae-

1404 2188 1509 2219 terea
1539 2182 1851 2219 criminationem
1880 2184 1922 2217 ut
1963 2183 2004 2217 ut
2028 2179 2241 2216 severioris
2284 2177 2352 2216 do-

1403 2236 1551 2274 ctrinae
1584 2236 1863 2273 tenacissimus
1892 2232 2113 2280 Tlieologus
2159 2231 2221 2270 iile
2251 2236 2358 2271 esset

1405 2290 1556 2326 veritus
1576 2290 1734 2326 minime
1762 2289 1888 2325 fuerat
1907 2287 2066 2325 Venetis
2091 2286 2198 2337 typis
2223 2297 2260 2324 in
2286 2296 2359 2325 suo

1405 2341 1572 2392 quodam
1605 2353 1720 2391 opere.
1753 2341 1800 2393 (3)
1832 2340 2078 2389 pervulgare.

1462 2396 1603 2433 Verum
1643 2396 1756 2433 aliter
1786 2406 1848 2432 res
1876 2393 2017 2432 cecidit
2046 2404 2092 2432 ac
2121 2397 2358 2444 putaverat,

1409 2460 1497 2487 nam
1514 2449 1753 2499 Epistolisad
1767 2451 1983 2487 Romanum
1997 2447 2166 2486 tribunal
2181 2447 2359 2486 aMansio

1410 2505 1543 2541 missis
1573 2504 1717 2542 facturn
1750 2504 1858 2541 brevi
1902 2506 1976 2547 est,
2010 2505 2051 2540 ut
2098 2501 2243 2538 nomini
2287 2511 2359 2540 suo

1407 2569 1565 2609 aspersa
1593 2558 1841 2607 iniquissima
1866 2555 1977 2594 labes
2005 2554 2187 2605 perfacile
2208 2565 2354 2593 evane-

1407 2617 1547 2657 sceret,
1564 2611 1770 2661 siquidem
1785 2610 2012 2660 planissime.
2029 2607 2217 2649 ostendit,
2235 2619 2355 2657 quam

1409 2667 1559 2704 detorta
1603 2671 1721 2715 atque,
1753 2663 1908 2713 indigna
1941 2663 2081 2701 suisset
2118 2662 2360 2701 accusatoris

1410 2719 1690 2770 interpretatiO,
1722 2719 1771 2755 ita
1804 2722 1846 2755 ut
1876 2723 1915 2754 et
1943 2715 2183 2762 mochinius,
2217 2716 2282 2765 qui
2315 2714 2357 2753 il-

1411 2773 1486 2812 lius
1515 2772 1828 2821 congregationis
1857 2782 1876 2808 a
1902 2770 2066 2808 secretis
2089 2773 2186 2816 erat,
2211 2772 2252 2806 et
2271 2767 2364 2807 Car-

1411 2826 1562 2865 dinales
1592 2826 1804 2865 Besozzius
1833 2828 1952 2874 atque.
1990 2822 2185 2861 Gentilius
2213 2821 2264 2869 (Δ)
2295 2821 2361 2870 qui

1409 2881 1592 2919 eximiam
1637 2879 1819 2918 Auctoris
1862 2877 2080 2916 doctrinam
2118 2884 2276 2913 summo
2319 2875 2356 2911 in
2473 2866 2493 2897 ff

1414 2998 1550 3038 quando
1574 3004 1643 3026 mm
1668 2994 1700 3025 lo
1722 2993 1850 3033 stampe·
1876 2994 2039 3033 spuryneo
2061 2990 2106 3020 da
2127 2989 2229 3020 molle
2243 2998 2367 3030 propo-

1413 3040 1505 3070 ztnni·
1526 3039 1615 3078 salse
1645 3046 1660 3067 e
1683 3036 1904 3068 scandatuse.
1930 3033 2103 3063 s'imende
2125 3031 2244 3067 (come
2267 3033 2283 3062 e
2305 3040 2365 3062 no-

1414 3082 1502 3112 torio
1528 3083 1565 3110 in
1590 3080 1710 3114 Romu)
1734 3077 1787 3106 sia
1811 3079 1901 3105 ,ε’(αιο
1925 3075 2159 3106 conclamato.

1482 3120 1726 3160 (emanando.
1744 3127 1763 3147 a
1780 3118 1910 3147 misni-a
1926 3117 2016 3146 dalla
2031 3115 2245 3155 particulare
2260 3115 2365 3146 sn'ma

1413 3167 1472 3197 che
1495 3165 1646 3195 nuiri'sco
1667 3169 1730 3200 per
1754 3162 1788 3189 ιί
1808 3166 1959 3199 persona
1981 3158 2016 3188 di
2050 3158 2083 3189 V.
2105 3160 2145 3189 Ρ.
2167 3166 2187 3187 a
2210 3161 2311 3196 parte
2328 3157 2364 3188 di:

1417 3208 1494 3248 oqui
1520 3215 1582 3237 sua
1604 3202 1784 3234 letter-uria
1800 3199 2027 3238 sodissazi'oue
2045 3207 2060 3229 e
2080 3199 2365 3232 inconvenienza.

1418 3252 1459 3281 ho
1481 3250 1628 3289 provata
1650 3245 1755 3274 molto
1777 3244 1917 3282 placere
1940 3241 2000 3271 che
2024 3249 2094 3271 non
2117 3242 2172 3271 sia
2190 3248 2253 3280 per
2273 3240 2366 3279 farsi

1417 3293 1480 3333 pia
1502 3291 1538 3321 la
1561 3287 1731 3318 motivam
1753 3284 1925 3314 relazione
1948 3283 2001 3314 del
2022 3290 2083 3312 suo
2107 3282 2206 3316 libro,
2226 3289 2288 3320 per
2310 3281 2366 3312 cui

1423 3344 1439 3364 e
1460 3341 1520 3372 per
1543 3330 1571 3361 it
1593 3326 1798 3359 benemerito
1821 3327 1950 3355 Amore
1972 3324 2097 3364 yodercl
2134 3323 2188 3354 del
2217 3323 2299 3362 part
2329 3323 2366 3354 (Ιί

1422 3378 1521 3415 poter
1542 3378 1672 3411 sempre
1695 3377 1759 3400 con
1777 3366 1887 3406 fruuo
1923 3366 2112 3406 impieqare
2135 3363 2216 3406 oym‘
2234 3364 2299 3405 pia
2321 3363 2367 3404 ef„

2474 3226 2476 3230 '
2468 2990 2490 3166 nixas-:dcv
2487 2927 2491 2970 ,μ-

2472 3373 2486 3418 {i
