2500 3841
925 191 1312 232 CANDIDL'S

154 260 267 310 Huyo
303 257 582 306 CANDIDUS,
614 258 700 296 sive
750 258 885 311 leyte
903 291 912 310 ,
951 260 1069 310 cujus

100 321 305 361 historiam
320 319 508 360 Coenohii
524 319 618 359 Ord.
636 321 732 359 Ben.
747 322 964 372 Burgensis
979 325 1069 373 (Pe-

96 383 372 434 troburgensis
395 381 531 431 hodie)
549 392 680 432 usque
709 383 759 421 ad
783 381 945 423 Annum
964 387 1004 425 4-1
1016 385 1066 424 77

95 445 454 485 13ιιόειειωνοεείο
475 455 560 495 pag.
573 445 648 483 454
666 445 737 483 sed
758 449 855 485 tunc
875 447 1067 486 ineditam

95 507 280 559 vulgavit
312 505 508 557 Josephus
540 504 697 557 Sparke
725 508 769 547 V.
795 509 836 548 C.
862 509 967 547 inter
1001 511 1067 548 Hi-

93 571 239 609 storiae
259 568 502 620 Anglicanae
526 569 743 619 scriptores
768 569 933 608 Londin.
961 570 1064 611 4723

97 631 162 672 fol.
178 631 216 681 h)
236 642 318 670 una
331 642 425 670 cum
435 630 632 670 Chronico
641 630 850 671 JOANMS
863 633 1067 672 BURIEN-

97 694 197 742 Sis,
221 693 271 733 de
295 703 374 743 quo
397 703 519 743 supra
538 704 625 744 pag.
651 693 729 732 284
763 693 981 733 ROBERTI
1013 705 1063 734 DE

94 753 351 795 SWAPHAM
376 755 472 805 <qui
494 755 601 794 circa
626 755 792 795 Annum
819 756 921 795 4273
945 758 1063 806 obiit)

90 819 257 859 historia
287 822 329 856 et
350 821 509 867 regesto
542 818 846 869 Privilegiorum
879 817 1062 868 ejusdem

91 880 278 920 Coenobii
315 879 648 930 Petroburgensis
670 893 677 917 :
725 879 965 919 WALTERI
1011 891 1061 919 DE

90 941 381 981 WYTLESEY
408 939 590 990 ejusdem
616 942 803 982 Coenobii
826 942 989 981 historia
1013 943 1062 981 ab

89 1004 206 1044 Anno
230 1003 334 1043 4246
358 1002 405 1041 ad
432 1003 530 1043 432⁴
560 1014 654 1042 cum
677 1003 907 1043 ANONYMI
937 1005 1063 1042 conti-

89 1066 280 1105 nuatione
303 1064 353 1103 ad
378 1065 483 1104 4338
501 1069 543 1103 et
561 1064 794 1105 ANONYMI
814 1066 981 1104 alterius
1004 1065 1063 1103 hi-

90 1129 212 1166 storia
235 1127 421 1168 Coenobii
446 1126 680 1178 petroburg.
702 1127 888 1165 versibus
911 1138 962 1165 ex
983 1138 1062 1166 usu

88 1191 246 1229 illorum
265 1193 494 1239 temporum
523 1189 685 1228 Gallicis
701 1219 710 1237 ,
734 1194 776 1228 et
800 1189 1060 1228 WILHELMI

88 1249 423 1291 STEPHANIDAE
458 1250 763 1290 Cantuariensis
805 1250 854 1288 de
893 1251 977 1288 vita
1019 1251 1059 1290 S.

83 1314 258 1352 Thomae
278 1312 469 1351 Cantuar.
489 1311 801 1363 Archiepiscopi.

141 1374 415 1424 CANDIDUS,
438 1385 561 1424 quem
586 1376 623 1412 in
645 1376 919 1413 Hexaemeron
962 1376 1060 1414 scri-

83 1439 214 1489 psisse
236 1440 440 1475 testantur
461 1436 663 1475 Eusebius
686 1437 730 1475 V.
756 1437 806 1477 22
826 1438 984 1475 Hieron.
1016 1449 1054 1476 c.

86 1501 147 1538 48.
174 1500 214 1538 S.
235 1498 506 1549 NicephoruS,
531 1499 728 1537 Honorius
757 1503 834 1538 etc.
864 1504 906 1538 et
936 1500 1057 1539 CAN-

83 1562 235 1601 DIDUS
256 1561 437 1608 Isaurus,
461 1561 566 1598 circa
588 1559 634 1598 A.
659 1561 734 1599 480
760 1566 901 1600 auctor
924 1564 1057 1601 Histo-

85 1625 237 1663 riarum
261 1621 367 1673 apud
390 1622 575 1661 Photium
594 1623 688 1661 Cod.
710 1622 774 1661 79.
793 1624 942 1663 Graece
961 1626 1058 1663 scri-

84 1697 202 1737 psere
226 1696 305 1724 non
328 1685 480 1723 Latine.

139 1749 286 1787 Petrus
310 1745 534 1786 CADIDUS
564 1744 792 1786 December.
818 1747 946 1797 infra,
976 1750 1062 1787 DE-

85 1809 305 1850 CEMBER.

140 1871 161 1894 *
183 1869 349 1911 Michael
385 1868 638 1910 CANENSIS
662 1870 711 1908 de
733 1870 935 1919 Viterbio⁷
967 1872 1059 1911 inde

85 1934 310 1984 Episcopus
333 1932 588 1980 Castrensis3
618 1932 675 1970 De
705 1930 909 1971 Laudibus
935 1934 979 1972 B.
1010 1934 1058 1973 D.

86 1996 134 2035 N.
157 1993 316 2035 Nicolai
336 1995 368 2034 V
383 1995 495 2032 Pont.
518 1995 634 2033 Max.
661 1997 699 2031 et
719 1992 858 2032 divina
876 1993 1058 2034 electione

84 2056 250 2109 scripsit
259 2068 272 2104 ;
295 2066 398 2106 quae
427 2056 552 2094 oratio
571 2056 650 2094 MS.
673 2059 786 2094 extat
809 2056 848 2093 in
867 2057 966 2094 Bibl.
982 2058 1059 2096 Va-

84 2120 151 2158 tic.
174 2117 272 2158 Cod.
294 2116 412 2156 3097.
433 2121 475 2155 et
494 2116 602 2156 aliud
627 2117 834 2168 exemplar
858 2118 895 2155 in
920 2130 1060 2169 perga-

85 2191 205 2219 meno
228 2178 332 2230 apud
353 2180 399 2219 V.
419 2179 466 2218 C.
486 2178 778 2218 Bernardinum
798 2180 954 2217 Baroni.
979 2181 1057 2219 Lu-

83 2253 155 2281 cae
175 2245 363 2280 servatur
380 2271 389 2291 ,
405 2242 470 2280 cui
487 2241 787 2292 subiunguntur
807 2239 946 2292 hymni
959 2244 1053 2291 tres,

83 2307 121 2342 et
141 2303 269 2341 oratio
297 2314 367 2354 pro
389 2304 433 2342 B.
459 2304 730 2353 Hieronymo,
763 2307 804 2341 et
832 2304 1052 2353 gratiarum

80 2366 182 2403 actio
201 2376 272 2416 pro
291 2375 366 2403 sua
384 2364 578 2403 electione
599 2364 646 2403 ad
666 2365 973 2415 Episcopatum.
994 2366 1051 2403 De

82 2426 157 2465 hoc
184 2425 475 2465 authore-vide
505 2426 816 2465 Constantinum
852 2427 1050 2477 Ruggeri,

81 2490 123 2526 in
139 2487 238 2525 libro
253 2487 303 2525 de
317 2488 360 2525 B.
376 2487 534 2525 Niecolo
548 2486 1050 2538 Alhergati.Romae›1745.

83 2551 118 2588 4.
143 2552 185 2591 ct
206 2547 462 2586 Dominioum
483 2547 642 2598 Georgii
665 2549 704 2586 in
728 2550 813 2587 vita
835 2549 983 2588 Nicolai
1003 2550 1048 2588 V.

81 2622 169 2662 pag.
195 2608 287 2648 200.
307 2612 348 2646 ct
368 2608 483 2648 Card.
510 2609 663 2654 Quirini
692 2610 732 2647 in
761 2611 845 2648 vita
868 2610 978 2648 Pauli
1002 2611 1049 2649 II.

82 2672 133 2710 ab
171 2669 399 2709 eodemmet
428 2669 612 2708 Canense
643 2672 802 2722 scripta.
832 2671 931 2710 Vide
955 2683 1052 2721 quo-

79 2744 158 2783 que
183 2730 397 2782 Ughellum
421 2731 460 2767 in
485 2730 706 2781 Episcopis.

131 2791 322 2833 Nicotaus
344 2790 611 2840 CANTLOW,
633 2793 719 2831 sive
735 2793 1050 2836 CANTILUPUS

79 2855 237 2906 Anglus
259 2853 546 2899 BristoliensiS,
569 2853 787 2893 Monachus
811 2857 1047 2908 carmelita,

80 2920 202 2967 atque
218 2915 309 2957 inde
317 2914 699 2965 Northampthoniae
709 2917 818 2954 Prior
832 2917 1047 2959 defunctus

79 2977 154 3017 An.
179 2977 276 3017 4444
295 3007 303 3028 ,
328 2978 352 3016 6
376 2977 485 3027 Sept.
505 2976 567 3015 Ex
588 2975 676 3027 ejus
696 2978 858 3030 scriptis
882 2979 1048 3020 laudan-

139 3143 173 3182 a)
190 3145 322 3175 Rcines.
334 3145 395 3184 Epi
417 3148 440 3176 t.
455 3143 497 3175 ad
518 3145 700 3175 Daumium
725 3153 757 3183 p.
774 3144 843 3176 129.
859 3146 1050 3183 Tiiiernmm

70 3198 157 3226 tom.
178 3194 234 3223 vn
257 3201 396 3226 memor.
420 3201 498 3233 pag,
521 3194 596 3224 508.

132 3240 170 3280 h)
190 3244 272 3274 Acta
287 3243 508 3276 Eruditorum
533 3241 614 3274 1725
627 3251 706 3284 pag.
718 3243 790 3275 488.
814 3246 987 3278 Memoires
1007 3247 1047 3279 de

69 3293 103 3324 la
117 3290 242 3331 grande
259 3293 422 3332 Bretagne
445 3297 534 3325 tome
557 3294 624 3324 xlv
639 3317 648 3332 ,
667 3301 739 3334 pag.
757 3294 830 3326 2592.

2039 202 2117 241 305

1143 267 1210 302 tur
1231 264 1394 304 Ordinis
1417 266 1485 304 sui
1511 267 1745 305 Encomium
1787 272 1828 306 et
1868 268 2114 321 Appendices

1141 326 1427 367 Historiarum.
1448 328 1526 368 Sed
1549 330 1693 368 librum
1717 329 1766 368 de
1799 332 2040 382 antiquitate
2069 340 2110 372 et

1141 388 1301 440 Origine
1326 391 1608 431 Universitatis
1628 391 1994 444 Cantabrigiensis,
2025 396 2112 433 sive

1143 450 1340 490 Chronica
1353 451 1599 504 fundationis
1619 452 1906 505 Cantabriqiae
1925 456 2110 506 vulgavit

1140 514 1185 552 V.
1210 515 1253 553 C.
1277 514 1450 554 Thomas
1472 517 1645 564 Ilearne‚
1674 515 1802 554 Oxon.
1833 515 1959 565 4719,
1991 518 2028 555 8.
2060 523 2106 557 ut

1140 575 1270 614 dicere
1291 588 1356 614 me
1381 577 1543 614 memini
1566 588 1687 627 supra
1710 589 1798 628 pag.
1825 580 1914 618 400.

1196 637 1362 676 Thomas
1376 637 1734 687 deCANTILUPO,
1750 639 1974 691 Episcopus
1983 643 2090 680 Here
2100 666 2110 673 -

1136 697 1354 750 fordensis,
1378 700 1496 749 cujus
1511 700 1699 738 Miracula
1721 703 1942 741 assertione
1966 705 2108 754 proba-

1139 765 1179 798 ta
1203 765 1441 800 enarrantur
1464 762 1504 798 in
1529 760 1674 800 Codice
1711 762 1789 800 MS.
1816 763 1878 801 87.
1918 765 2107 804 Guilelmi

1137 821 1521 872 GlynnaBaronetti.
1537 824 1623 861 Τ.ΙΙ
1638 824 1779 862 MStor.
1796 825 1962 875 Angliae
1979 839 2017 877 p.
2036 829 2099 866 52

1189 884 1423 923 CANUTUS
1446 885 1461 923 Ι
1484 885 1568 923 Rex
1591 884 1826 935 Anglorum⁷
1845 888 2048 927 Danorum
2065 895 2105 928 et

1136 947 1477 997 Norweganorum
1501 947 1550 984 ab
1574 946 1690 985 Anno
1716 947 1821 986 4047
1844 947 1892 985 ad
1919 950 2021 987 4035
2037 961 2106 989 cu-

1130 1006 1198 1057 jus
1213 1008 1322 1059 leges
1338 1008 1443 1058 apud
1458 1009 1477 1046 J
1482 1019 1654 1047 oannem
1670 1010 1960 1059 Bromp'tonum
1982 1021 2105 1061 supra

1136 1080 1223 1120 pag.
1248 1070 1338 1108 263.
1370 1070 1640 1109 Lambardum
1672 1071 1711 1107 in
1748 1066 2037 1111 Archaeu'omia
2066 1078 2107 1111 et

1137 1131 1453 1181 Speelmannum
1477 1136 1585 1170 tomo
1608 1133 1623 1170 Ι
1649 1132 1799 1171 Concil.
1824 1132 1939 1183 Angl.
1964 1145 2002 1184 p.
2028 1135 2105 1173 539

1135 1192 1313 1243 aliosque
1337 1193 1385 1232 de
1410 1194 1556 1243 quibus
1592 1205 1682 1245 pag.
1712 1195 1805 1243 283,
1836 1194 1914 1232 286
1949 1199 2036 1234 tum
2066 1197 2105 1234 in

1134 1255 1254 1292 tomis
1271 1256 1538 1295 Conciliorum
1565 1256 1709 1295 Labbei
1727 1262 1823 1295 tom.
1845 1257 1900 1295 IX
1917 1257 2106 1297 Harduini

1134 1316 1183 1354 '⁸171
1208 1320 1249 1353 et
1274 1316 1426 1356 Veneta
1450 1318 1577 1357 Coleti
1600 1320 1669 1357 XI.

1186 1376 1380 1417 Robcrtas
1397 1379 1648 1429 CANUTUS,
1664 1381 1983 1431 Crecoladensis,
2001 1385 2102 1431 sive,

1132 1439 1476 1490 Crickeladensis,
1508 1444 1659 1482 rectius
1680 1444 1716 1491 a)
1745 1444 2075 1484 Graecoladensis
2098 1477 2107 1494 ,

1130 1502 1305 1553 Angius,
1330 1505 1439 1541 Prior
1481 1505 1519 1543 S.
1554 1504 1826 1543 Frideswidae
1850 1506 2108 1556 Augustinia-

1133 1576 1277 1603 norum
1293 1565 1471 1604 Oxoniae
1487 1567 1592 1604 circa
1607 1565 1682 1605 An.
1695 1569 1710 1605 4
1722 1569 1736 1605 4
1748 1568 1797 1606 20
1815 1568 1850 1617 b)
1869 1571 2029 1620 scripsit
2043 1570 2108 1608 de-

1130 1625 1379 1677 florationem
1404 1627 1595 1666 historiae
1631 1628 1834 1668 naturalis
1856 1630 1978 1669 Plinii
1991 1634 2025 1681 c)
2055 1634 2104 1672 ad

1134 1689 1352 1729 Henricum
1391 1691 1406 1728 Ι
1443 1691 1665 1741 Anglorum
1707 1693 1869 1742 Regem.
1911 1693 2108 1733 Homilias

1136 1751 1225 1788 XLI
1240 1763 1364 1802 super
1383 1751 1565 1791 ultimam
1592 1757 1755 1804 partem
1784 1754 2008 1796 Ezechielis
2038 1757 2116 1798 ubi.

1133 1813 1172 1851 S.
1196 1813 1412 1864 Gregorius
1436 1815 1585 1865 finivit,
1624 1816 1673 1854 ad
1712 1817 1978 1867 Reginaldum
2009 1820 2106 1859 Gre-

1133 1875 1344 1914 sebianum
1369 1878 1614 1916 Canonicum
1638 1879 1695 1916 De
1719 1879 1897 1929 conjnyio
1919 1882 2106 1920 Patria-r-

1134 1936 1230 1976 chae
1242 1937 1377 1976 Jacob.
1387 1940 1441 1977 De
1456 1938 1792 1979 benedictionibus
1805 1940 1929 1979 Jacob
1945 1946 1983 1980 et
1995 1944 2104 1995 Moy-

1133 1998 1190 2037 sis
1213 1999 1263 2038 ad
1286 2001 1534 2040 Gutlandum
1558 2003 1814 2041 Monachum:
1836 2009 1875 2042 et
1891 2004 2104 2056 Speculum

1131 2060 1256 2100 Fidei.
1278 2062 1377 2100 Vide
1401 2064 1621 2102 Lei-<indum
1645 2075 1679 2102 c.
1704 2066 1794 2104 213.
1826 2066 1992 2105 Baleum
2017 2067 2068 2105 111
2094 2098 2102 2113 ⁷

1131 2120 1156 2159 [ι
1185 2125 1252 2173 qui
1283 2129 1489 2174 praeterea
1519 2131 1716 2164 memorat
1745 2127 1892 2166 Canuti
1922 2140 2023 2179 opus
2053 2128 2099 2167 (le

1130 2186 1395 2225 matrimonio.
1408 2187 1723 2227 Commentarios
1740 2189 1967 2240 inGencsin,
1988 2192 2100 2231 Exo-

1129 2245 1241 2297 dum,
1286 2249 1529 2299 Leviticum,
1565 2252 1762 2291 Numeros
1777 2285 1787 2301 ,
1830 2253 2096 2305 Psalterimn‚

1129 2309 1296 2349 Cantica
1313 2311 1591 2363 Canticorum,
1608 2316 1757 2365 Regmm
1773 2315 1894 2354 libros
1909 2313 1986 2354 XII
2000 2318 2098 2355 Pro-

1118 2370 1275 2423 phetas,
1296 2375 1558 2426 Matthaeum,
1578 2376 1699 2416 Pauli
1717 2377 1920 2428 Epistolas
1939 2382 1977 2417 et
1994 2379 2096 2430 Apo-

1124 2434 1314 2486 calypsin.
1338 2438 1395 2475 Dc
1428 2438 1642 2490 utriusque
1683 2439 1921 2478 Testamenti
1955 2451 2096 2478 sacra-

1123 2497 1276 2536 mentis.
1289 2500 1499 2538 Sermones
1514 2506 1555 2538 et
1571 2501 1607 2537 E
1604 2499 1789 2552 pistolas,
1802 2506 1842 2539 et
1853 2500 1976 2539 libros
1993 2501 2092 2540 duos

1123 2559 1411 2599 sententiarum
1430 2561 1764 2613 Theoloyicarum.
1787 2563 1939 2601 Eadem
1956 2576 2006 2601 ex
2022 2566 2096 2603 Ba-

1096 2650 1101 2651 .
1125 2620 1185 2658 leo
1208 2624 1352 2672 repetit
1376 2625 1533 2662 Pitseus
1557 2636 1644 2674 pag.
1665 2625 1755 2663 234.
1781 2636 1903 2674 quem
1925 2631 2092 2665 secutus

1125 2685 1244 2721 ctiam
1264 2684 1464 2732 juniorem
1490 2686 1582 2724 facit
1602 2686 1709 2724 hunc
1730 2687 1930 2725 Canutum
1964 2698 2087 2738 quam

1125 2744 1293 2783 debebat
1315 2747 1458 2784 multis
1482 2748 1610 2784 annis.

1176 2807 1403 2846 Martianus
1426 2808 1581 2847 ,ilinezis
1606 2809 1639 2846 F
1641 2808 1727 2847 021·oe
1751 2808 1995 2858 CAPELLA,
2017 2812 2095 2850 Ma—

1122 2868 1333 2907 daurensis
1347 2869 1442 2908 Afer
1461 2872 1566 2910 circa
1586 2870 1630 2910 A.
1655 2871 1744 2910 470.
1764 2871 1911 2909 Romae
1930 2873 2092 2924 scripsit.

1175 2999 1209 3039 a)
1231 3002 1323 3032 Duae
1345 3001 1426 3033 olim
1442 3001 1576 3033 scholae
1595 3004 1630 3035 in
1646 3002 1780 3035 duobus
1801 3012 1905 3043 prope
1926 3003 2096 3039 oxoniam

1112 3050 1306 3088 oppidulis,
1326 3060 1472 3090 quorum
1499 3055 1556 3083 uni
1590 3053 1807 3084 Latinoiadae
1831 3053 1928 3086 alteri
1952 3057 2100 3088 Graeco-

1111 3098 1205 3130 iudae
1234 3108 1359 3131 nomen
1394 3102 1618 3140 impositum,
1640 3103 1683 3133 ob
1707 3105 1850 3134 Graecas
1883 3109 1914 3134 et
1950 3107 2090 3138 Latinas

1108 3148 1224 3179 literas
1246 3157 1332 3187 quae
1350 3150 1397 3181 ibi
1421 3144 1644 3191 docebantur,
1668 3154 1717 3183 lta
1742 3161 1782 3184 ex
1803 3152 1950 3185 Leiando
1969 3157 2003 3186 in
2023 3158 2094 3188 vita

1112 3197 1238 3229 Ain-edi
1256 3200 1367 3237 Magni
1390 3199 1508 3230 Baieus
1532 3209 1611 3239 pag.
1632 3200 1708 3233 ⁶215.

1173 3245 1210 3285 h)
1234 3247 1314 3278 vide
1336 3250 1472 3279 Antonii
1493 3250 1594 3281 Wood
1618 3251 1763 3282 Athenas
1780 3254 1929 3285 oxoniae
1948 3262 2024 3294 pag.
2040 3255 2094 3288 43.

1176 3296 1207 3336 c)
1224 3298 1305 3329 MSS.
1323 3299 1357 3330 in
1369 3298 1506 3338 angliae
1519 3299 1602 3332 Bibl·
1617 3300 1712 3333 eous.
1727 3301 1851 3335 oudin.
1866 3307 1888 3335 t.
1907 3305 1934 3334 11
1954 3313 1984 3345 p.
2003 3305 2094 3343 1024?Q

1660 3370 1709 3408 35)
