2500 4009
404 250 481 289 :3:34

404 321 473 358 hoc
499 319 593 358 iniit.
634 319 666 355 Ε
686 315 842 369 plumbo
882 314 1056 353 tabulam
1087 316 1172 356 divi
1208 319 1361 359 Cataldi

400 383 554 420 nomine
577 378 794 417 elam-ulum
810 390 832 415 a
851 388 892 416 se
911 377 1138 430 inscriptam
1160 380 1268 419 haud
1293 383 1363 420 Ta-

405 449 514 482 rento
535 441 678 494 procul
701 452 736 478 in
761 439 903 479 sacello
928 441 1158 480 semidiruto
1182 442 1255 481 sub
1286 457 1361 495 pa—

400 502 746 561 rietem*occuluitf.
772 514 891 553 quam
916 502 1085 542 triennio
1104 508 1197 555 post
1219 517 1357 544 eruen-

399 567 486 604 dam
510 564 669 603 rui-‹wit
694 568 880 615 corrupto
903 565 1138 609 sacerdote
1157 566 1228 618 qui
1254 566 1357 606 dice-

402 632 459 665 ret
477 659 483 666 .
511 628 548 665 in
571 626 716 665 somnis
739 627 911 666 astitisse
926 626 1004 666 sibi
1021 628 1231 668 Cataldum
1252 641 1359 668 mon-

394 693 581 727 strantem
605 700 679 740 quo
709 688 748 726 in
772 688 850 727 loco
886 688 1030 728 tabelln
1059 694 1159 729 esset
1191 690 1353 741 abdita,

395 755 769 803 coinmanentemque
798 752 858 790 uti
878 764 965 790 cum
986 752 1129 804 populo
1152 753 1326 804 supplice
1343 786 1352 802 ‚

393 813 891 870 colli‘qi‘oquesacerdotum
917 815 992 853 iret
1012 815 1066 853 ad
1094 815 1350 866 effodiendam

395 875 518 916 illam.
544 888 662 928 quam
684 877 867 926 effossam
885 881 1049 916 curaret
1069 877 1122 916 ad
1142 889 1271 928 reqem
1293 878 1357 917 de-

391 938 620 990 serendam.
646 939 1010 977 communicandam
1034 939 1084 977 ab
1109 951 1150 978 eo
1171 941 1243 978 uni
1269 944 1354 978 tan-

391 1005 472 1038 tum
494 1001 603 1040 viro.
630 1013 743 1052 quem
779 1013 798 1039 e
827 1001 910 1039 suis
939 1002 1125 1052 optimum
1148 1007 1348 1051 nosceret,

394 1074 441 1100 ae
467 1063 640 1101 marimo
661 1062 794 1113 fidum.
825 1064 895 1101 DE
901 1065 971 1101 [111
993 1065 1093 1102 enim
1118 1064 1267 1102 iratum
1296 1064 1356 1103 illi

388 1124 590 1176 futurum,
610 1124 834 1176 clademque
850 1138 897 1164 ac
917 1125 1181 1164 calamitatem
1205 1126 1351 1165 immis-

390 1199 554 1228 surum,
588 1187 631 1224 ni
658 1187 762 1238 quod
786 1187 824 1225 in
847 1187 985 1226 tabula
1008 1188 1200 1240 scriptum
1231 1193 1350 1237 esset,

398 1254 436 1287 et
456 1253 613 1287 cautum
630 1281 639 1298 ,
671 1261 695 1286 a
724 1260 815 1299 regye
834 1253 1124 1301 praestaretur.
1154 1250 1353 1302 Scriptum

395 1323 485 1349 vero
508 1311 631 1362 ipsum
650 1323 725 1362 per
747 1310 933 1362 ambaqes
963 1311 1182 1363 quasdam,
1213 1324 1261 1351 ac
1297 1312 1353 1351 la-

395 1372 586 1411 tebricosa
613 1371 738 1411 verba
762 1385 803 1411 eo
827 1372 1080 1425 spectabant,
1105 1374 1165 1412 uti
1190 1376 1352 1414 JUDAE—

392 1435 527 1473 ORL‘M
558 1435 942 1475 liXTERMlNATIO
972 1435 1230 1474 indicaretur.
1264 1438 1353 1475 Rex

392 1500 550 1548 accepta
579 1495 716 1534 tabula
745 1496 998 1548 deprehendit
1021 1496 1232 1549 fraudem,
1270 1510 1350 1550 qua

389 1557 633 1608 deprehensa
657 1558 813 1597 minime
831 1559 1090 1598 Franciscum
1113 1559 1167 1598 ad
1189 1572 1275 1598 eam
1295 1559 1349 1599 le-

388 1620 556 1669 qendam
576 1632 707 1659 secum
722 1620 926 1669 adhibuit,
944 1620 1169 1660 arbitratus
1186 1634 1274 1660 eum
1291 1622 1348 1660 in-

391 1686 709 1733 te7·Jn·etaturuni
744 1683 868 1722 verba
905 1685 944 1722 in
973 1696 1060 1722 eam
1090 1685 1343 1734 sententiam,

389 1743 593 1782 dissimula
602 1745 730 1796 vitque
751 1757 835 1784 rem
855 1746 980 1797 ipsam
1004 1757 1159 1784 summa
1183 1758 1270 1784 cum
1291 1750 1349 1784 ta-

388 1805 615 1844 citurnitate
644 1819 691 1845 ac
711 1808 935 1858 prudentia.
966 1808 1018 1846 At
1039 1807 1282 1846 Franciscus
1305 1820 1350 1847 re

389 1867 560 1917 coquita,
585 1868 724 1919 furore
740 1869 935 1920 percitus.
956 1869 1060 1920 quod
1077 1873 1229 1907 tantum
1243 1881 1345 1908 com-

387 1933 555 1968 mentum
575 1930 723 1982 salsum
753 1943 840 1970 eum
865 1930 1088 1979 habuisset,
1119 1943 1195 1969 non
1221 1944 1344 1983 popu-

387 1990 420 2027 lo
441 2023 447 2031 ,
475 2004 546 2029 non
569 1993 679 2042 reqi.
703 1993 777 2032 υἷας
802 1994 880 2044 ipsi
902 1993 1066 2033 Cataldo
1091 1993 1264 2044 publicis
1280 2006 1348 2045 pe-

381 2054 513 2102 percit
527 2054 565 2091 in
584 2054 949 2104 praedicationibns
966 2086 973 2101 ,
999 2055 1270 2106 intantumque
1286 2055 1343 2093 in-

389 2114 573 2162 canduit,
595 2119 639 2152 ut
661 2115 780 2153 Italia
802 2103 926 2167 ferme
952 2116 1095 2153 omnis.
1123 2116 1280 2167 ipseque
1306 2117 1345 2154 in

386 2175 531 2224 primis
555 2178 751 2214 Romanus
771 2177 955 2228 Pontifea:
977 2176 1023 2215 de
1048 2176 1204 2215 tabulae
1229 2177 1346 2228 hujus

386 2237 511 2288 fuerit
543 2238 756 2276 inventione
792 2238 994 2287 solicitus,
1025 2243 1142 2290 atque
1177 2240 1342 2278 anseius.

392 2301 491 2337 llaec
524 2302 732 2338 Pomanus.
1205 2331 1208 2334 Δ

449 2363 467 2383 ⁴⁸*
482 2362 540 2400 An
568 2375 659 2400 vera
683 2365 761 2400 sint
781 2394 787 2411 ,
809 2375 910 2413 quae
934 2364 981 2401 de
1002 2365 1148 2415 scripto
1168 2375 1188 2401 a
1211 2365 1248 2402 S.
1274 2365 1346 2403 Ca-

394 2424 500 2462 taldo
531 2425 625 2462 libro
657 2426 862 2475 feruntur,
888 2427 1046 2476 ignor03
1079 2429 1168 2476 quia
1199 2438 1269 2465 nee
1295 2428 1347 2465 fa-

391 2486 463 2523 cile
483 2487 655 2524 incertae
673 2486 764 2525 huic
783 2488 908 2525 famae
924 2498 1134 2526 assensum
1160 2488 1348 2538 praebue-

397 2549 483 2585 rim.
509 2549 564 2585 De
597 2550 823 2587 inventione
854 2555 984 2587 tamen
1017 2550 1101 2587 libri
1133 2554 1348 2599 utcumque

399 2611 461 2647 ille
489 2611 606 2648 suerit
637 2613 762 2661 magis
793 2616 902 2650 certa
932 2611 1151 2650 traditurus
1182 2622 1270 2651 sum
1301 2623 1349 2649 ex

395 2677 554 2710 auctore
574 2684 719 2711 coaevo
737 2673 937 2724 Stephano
956 2675 1106 2713 seilicet
1124 2675 1322 2713 Infessura
1339 2703 1348 2723 ‚

397 2736 462 2784 qui
496 2739 590 2773 tune
629 2735 823 2774 scribebat
863 2736 970 2774 urbis
1000 2738 1143 2775 Romae
1182 2737 1349 2775 diarium

395 2797 602 2842 vulf-ratum
625 2798 672 2835 ab
688 2798 864 2836 Eccardo
882 2799 1041 2850 Corpor.
1061 2800 1240 2838 Ilistoric.
1259 2799 1349 2847 t.11‚

401 2870 486 2907 pag.
510 2859 624 2896 2004.

458 2920 601 2959 Eodem
640 2933 768 2959 mense
805 2921 936 2973 Aprili
976 2923 1015 2960 in
1055 2922 1201 2973 Apulia
1247 2921 1353 2973 apud

405 2983 677 3021 Brundusium
702 2983 937 3022 miraculose
961 2988 1142 3036 repertus
1170 2984 1248 3037 suit
1269 2984 1356 3035 qui-

408 3045 496 3081 dam
523 3044 622 3082 liber
650 3044 723 3083 sub
754 3049 865 3083 terra
897 3045 1057 3085 clausus
1091 3059 1178 3085 cum
1213 3045 1356 3084 tabulis

415 3105 630 3155 plumbeis,
668 3108 706 3144 in
744 3119 915 3158 quarum
950 3121 1029 3146 una
1067 3113 1154 3147 erat
1187 3108 1360 3161 formata

407 3180 512 3205 (mur.
537 3170 713 3217 Domini,
739 3182 825 3208 cum
850 3170 973 3209 literis
990 3185 1001 3219 ,·
1020 3171 1222 3210 videlicet:
1249 3171 1290 3210 C.
1313 3172 1354 3208 R.

408 3228 453 3265 .·l.
484 3230 520 3266 7‘.
545 3235 577 3267 et
606 3232 640 3268 in
666 3232 749 3270 alia
773 3238 888 3271 erant
911 3233 1047 3273 literae
1076 3232 1256 3273 videlicet
1284 3234 1359 3272 Ca-

410 3288 536 3327 [aldus
568 3294 653 3330 Itan
681 3295 1006 3348 Archicpiscopus
1032 3297 1278 3335 Tarentinus.
1307 3296 1357 3334 Et

413 3364 483 3387 non
521 3355 726 3401 aperiatur
766 3358 842 3396 nisi
866 3371 940 3408 per
976 3371 1105 3410 reqem
1135 3371 1223 3398 cum
1248 3357 1357 3409 fideli

1161 248 1617 293 CATANAEUS

1435 333 1516 360 suo.
1536 321 1615 371 Qui
1633 320 1732 360 liber
1750 321 1829 374 fuit
1840 326 2041 374 portatum
2061 323 2114 362 ad
2132 325 2270 375 Reqem
2286 324 2381 364 Fer-

1434 383 1649 422 dinandum
1664 415 1674 433 ,
1698 385 1768 435 qui
1787 385 1911 424 noluit
1929 384 2039 424 illum
2061 386 2220 437 aperire
2245 385 2380 438 prius-

1432 458 1551 498 quam
1570 449 1768 485 constaret
1783 458 1860 498 per
1881 459 1999 487 veras
2013 447 2264 500 probationes
2277 447 2381 500 quod

1431 507 1521 548 talis
1547 507 1646 547 liber
1670 512 1770 548 esset
1790 509 1999 562 antiquus,
2024 515 2062 550 et
2082 510 2187 564 quod
2207 510 2381 550 miracu-

1430 570 1507 610 lose
1526 573 1708 622 repertus
1726 569 1877 623 fuisset.
1899 572 1999 611 Nam
2021 572 2211 613 Cataldus
2235 573 2306 626 qui
2322 573 2379 612 in—

1431 638 1491 672 ter
1505 636 1668 674 Sanctos
1688 632 1895 684 deputatus
1915 639 1983 684 est.
2001 634 2080 687 fuit
2096 639 2283 688 tempore,
2301 647 2378 686 quo

1427 695 1508 748 fuit
1543 696 1660 734 etiam
1689 695 1912 736 Joachimus
1939 696 2098 747 Abbas,
2128 698 2199 749 qui
2223 697 2384 749 scripsit

1428 757 1473 796 (le
1491 755 1739 808 Pontificibus
1754 756 1904 810 suturis
1920 770 2044 811 usque
2063 759 2117 798 ad
2133 763 2269 798 nostra
2289 763 2379 798 tem-

1424 832 1538 872 pora.
1568 820 1670 858 Nam
1693 818 1818 859 dictus
1846 820 2071 860 Joachimus
2099 820 2178 873 fuit
2203 821 2249 860 de
2277 833 2378 860 anno

1432 882 1548 921 4175.
1572 881 1710 921 Modus
1730 885 1860 921 autem
1880 895 1955 934 quo
1974 882 2053 936 fuit
2074 887 2258 935 repertus
2275 915 2283 933 ,
2302 883 2381 935 fuit

1431 944 1521 983 talis
1538 976 1547 992 v.
1572 943 1773 994 videlicet,
1797 945 1900 996 quod
1933 945 1972 983 in
2000 944 2173 997 quadam
2201 943 2381 983 Ecclesia

1429 1006 1524 1045 dicti
1545 1006 1619 1045 loci
1641 1010 1731 1045 erat
1756 1007 1915 1058 quidam
1939 1006 2150 1059 Presbyter
2180 1005 2301 1045 bonae
2319 1005 2379 1045 vi-

1426 1073 1486 1107 tae
1501 1101 1511 1117 .-
1533 1069 1600 1107 cui
1620 1069 1659 1107 in
1681 1069 1825 1108 somnis
1848 1070 1955 1109 venit
1973 1069 2100 1108 dictus
2119 1070 2158 1109 S.
2181 1068 2372 1109 Cataldus

1427 1130 1485 1169 bis
1505 1131 1698 1169 ‘nuncia-ns
1719 1131 1757 1170 ei
1771 1163 1779 1182 ‚
1799 1136 1845 1170 ut
1867 1132 1948 1182 ipse
1963 1129 2172 1184 presbyter
2190 1143 2271 1170 una
2289 1143 2378 1170 cum

1428 1193 1617 1244 Episcopo
1642 1192 1752 1231 illum
1777 1193 1902 1232 locum
1923 1193 2102 1246 foderent
2124 1193 2163 1232 in
2181 1192 2285 1232 dicta
2302 1193 2378 1232 Ec—

1426 1254 1543 1294 clesia
1558 1287 1567 1303 ,
1584 1253 1656 1293 ubi
1668 1259 1755 1293 erat
1773 1255 1968 1307 quaedam
1989 1255 2117 1306 imaqo
2135 1255 2306 1305 Vz'rqinis
2321 1256 2370 1295 M.

1425 1328 1512 1355 cum
1538 1317 1693 1358 Christo
1718 1317 1868 1371 infante
1894 1317 1934 1356 in
1959 1317 2145 1366 brachio,
2169 1316 2239 1369 qui
2261 1316 2376 1357 Chri—

1424 1383 1508 1418 stus
1528 1379 1765 1432 respiciebat
1791 1384 1829 1419 et
1856 1379 1976 1430 cliqz'to
2005 1377 2229 1418 ostendebat
2250 1377 2375 1418 locum

1422 1441 1626 1494 faciendae
1645 1441 1839 1495 fossionis,
1857 1441 2037 1494 discitque
2058 1441 2096 1480 ei
2112 1441 2152 1479 in
2170 1439 2314 1480 somnis
2332 1443 2378 1479 ut

1425 1502 1570 1541 librum
1585 1535 1596 1552 7
1622 1516 1736 1555 quem
1759 1504 1982 1544 invenirent
1996 1507 2204 1556 portarent
2224 1502 2278 1542 ad
2298 1504 2371 1542 Re-

1421 1577 1509 1616 qem
1532 1565 1802 1617 aperiendum.
1820 1567 1996 1617 Cumque
2015 1565 2142 1604 dictus
2162 1564 2375 1617 Presbyter

1421 1631 1521 1666 esset
1547 1627 1743 1679 neqliqens
1783 1628 1822 1666 in
1857 1627 1948 1676 hoc,
1978 1625 2110 1680 fertur
2138 1626 2369 1680 praefatum

1421 1692 1460 1729 S.
1479 1689 1693 1730 Cataldum
1710 1689 1920 1729 visibiliter
1935 1690 1973 1728 ei
1986 1689 2222 1740 apparuisse
2236 1721 2247 1738 ,
2264 1701 2374 1728 man-

1422 1752 1615 1804 dasseque
1635 1752 1673 1790 ei
1690 1751 1825 1803 aliqua
1850 1752 1951 1790 inter
1974 1751 2093 1802 siqna
2108 1763 2208 1802 quae
2237 1750 2375 1790 habuit

1421 1825 1447 1851 a
1470 1813 1569 1851 dicto
1593 1815 1632 1852 S.
1661 1813 1838 1853 Catald0.
1863 1814 1917 1851 Et
1933 1815 2069 1864 postea
2091 1811 2316 1852 accedentes
2339 1816 2377 1852 et

1420 1874 1609 1927 fodientes
1648 1875 1884 1913 invenerunt
1923 1873 2067 1913 librum
2097 1873 2347 1926 praedictum
2362 1907 2372 1924 ,

1423 1949 1533 1988 quenz
1567 1937 1606 1975 in
1629 1937 1839 1975 continenti
1859 1939 2125 1989 portaverunt
2148 1935 2202 1975 ad
2228 1936 2375 1976 dictum

1421 2001 1572 2049 Reqem.
1595 1999 1673 2047 Qui
1689 2010 1769 2037 reoe
1785 2002 1988 2049 tamquam
2012 1997 2239 2037 incredulus
2255 2010 2375 2050 prae-

1421 2061 1633 2099 missorum
1650 2060 1776 2111 ipsum
1791 2060 2030 2110 Episcopum
2049 2063 2086 2098 et
2093 2058 2372 2110 presbyterum

1420 2121 1647 2159 carceravit
1680 2131 1776 2172 quos
1807 2124 1948 2171 postea
1989 2120 2141 2170 coqnita
2180 2120 2345 2159 veritate
2362 2153 2371 2171 ⁷

1419 2181 1523 2233 quod
1545 2181 1613 2219 hoc
1636 2193 1712 2219 non
1732 2180 1875 2233 fuisset
1893 2180 2013 2233 fraus
2029 2212 2039 2229 ,
2062 2180 2219 2219 dimisit.
2243 2182 2375 2221 Nesci-

1426 2248 1491 2282 tur
1515 2247 1643 2281 tamen
1667 2244 1706 2281 in
1729 2242 1828 2281 dicto
1853 2241 1952 2281 libro
1976 2243 2072 2295 quid
2093 2243 2354 2284 contineatur.

1465 2306 1634 2344 Joannes
1649 2305 1781 2344 Maria
1801 2305 2084 2345 CATANAEUS
2100 2307 2372 2357 Novariensis,

1415 2368 1622 2406 Gaudentii
1652 2368 1846 2416 Merulae,
1877 2368 2142 2418 Demetriique
2181 2367 2373 2407 Chalcen-

1419 2430 1533 2480 dylae
1563 2429 1782 2480 discipulus
1806 2430 1932 2468 famae
1956 2440 2097 2468 nomen
2120 2439 2237 2468 suum
2259 2430 2378 2469 felici-

1417 2497 1477 2530 ter
1507 2493 1673 2530 inseruit
1701 2492 1853 2531 erudito
1882 2491 1923 2530 in
1960 2490 2082 2530 Plinii
2106 2490 2305 2542 Epistolas
2333 2497 2373 2532 et

1422 2555 1708 2606 Paneqyricum
1731 2555 2022 2593 Commentario
2043 2554 2076 2603 a)
2098 2555 2270 2604 primum
2293 2554 2373 2594 edi—

1423 2621 1461 2654 to
1478 2617 1651 2655 Venetiis
1669 2617 1783 2656 4500.
1805 2627 1849 2655 ae
1864 2616 2068 2655 Mediolani
2088 2615 2202 2656 4505.
2221 2616 2283 2654 fol.
2304 2617 2379 2656 Ha-

1424 2690 1489 2716 see
1514 2678 1707 2717 editiones
1726 2679 1862 2729 plures
1881 2677 2022 2717 deinde
2046 2678 2247 2717 insecutae
2267 2683 2378 2730 sunt,

1422 2752 1520 2790 quas
1545 2742 1582 2778 in
1606 2741 1844 2780 Bibliotheca
1881 2741 2018 2779 Latina
2047 2743 2202 2779 notatas
2235 2741 2373 2780 Lector

1422 2803 1600 2852 reperiet.
1626 2803 1787 2841 Caetera
1808 2803 1992 2841 Catanaei
2018 2804 2188 2853 scripta,
2209 2803 2319 2842 Jovio
2336 2803 2374 2840 in

1423 2865 1556 2915 elogiis
1579 2876 1664 2915 pag.
1692 2865 1778 2904 474..
1803 2869 1842 2903 et
1871 2867 2015 2903 Lazaro
2037 2863 2260 2915 Augustino
2289 2864 2377 2904 Cot-

1427 2931 1488 2965 tae
1520 2928 1555 2964 in
1584 2929 1717 2966 Museo
1752 2928 1979 2966 Novariensi
2008 2927 2140 2966 Italice
2169 2926 2270 2966 edito
2298 2926 2376 2964 Me—

1428 2989 1570 3028 diolani
1600 2989 1712 3029 4704.
1738 2990 1799 3028 fol.
1823 3000 1908 3040 pag.
1936 2988 2021 3028 ⁴74.
2048 2999 2130 3039 seq.
2154 2991 2368 3027 memorata

1431 3056 1550 3100 sunt,
1584 3053 1719 3090 Latina
1750 3052 2142 3103 Proqymnasmatum
2172 3047 2382 3099 Aphthonii

1430 3115 1576 3162 versio,
1601 3125 1673 3152 nee
1697 3124 1771 3151 non
1789 3112 1954 3151 Luciani
1969 3123 2164 3159 amorum,
2193 3109 2378 3161 Lapitha-

1434 3187 1524 3213 rum
1549 3179 1585 3213 et
1603 3177 1746 3227 Lequm
1769 3174 1999 3214 scribendae
2016 3171 2228 3223 Historiae,
2246 3176 2285 3211 et
2301 3173 2381 3212 Iso-

1482 3318 1515 3355 θ’)
1535 3319 1847 3350 Accuratissimum
1864 3319 2088 3357 interpretem
2102 3315 2221 3353 Plinii,
2237 3315 2382 3356 scripto-

1426 3368 1469 3399 rls
1492 3370 1729 3400 accuratissimi
1755 3373 1849 3402 vocat
1872 3371 2012 3401 muretus
2035 3367 2115 3399 xvi.
2140 3363 2189 3397 12.
2211 3366 2286 3401 var.
