2500 3841
951 200 1294 240 BRAULIO

117 283 155 321 S.
180 281 222 319 R.
238 279 283 318 E.
302 275 418 316 Card.
438 273 693 329 Neapolitano
707 303 718 320 ,
739 272 927 323 evulgata
946 277 1008 311 est
1024 277 1087 324 ty-

115 344 176 393 pis
199 352 303 380 anno
327 342 367 377 et
396 338 480 377 loc-o
501 336 664 374 incertis
690 336 727 373 in
754 336 790 374 4.

167 400 387 442 BRAULIO
426 399 594 438 Joannis
635 396 1002 449 Caesaraugustam
1045 398 1082 435 in

113 465 302 516 Hispania
338 462 524 514 Episcopi
559 471 771 499 successor
794 460 843 499 ab
866 459 983 498 Anno
1008 458 1086 498 627

114 531 156 567 et
180 527 270 565 646.
293 524 468 566 Concilio
493 524 683 562 Toletano
708 527 851 573 quarto
875 522 923 561 A.
948 523 1023 560 633
1047 526 1088 560 ct

116 590 257 640 quinto
280 586 326 626 A.
352 587 443 625 636.
479 590 675 636 sextoque
698 585 744 624 Α.
767 585 845 623 638
880 585 1087 634 interfuit,

115 650 223 690 unde
241 649 401 688 clarum
427 645 656 688 Canonz'bus
677 652 773 699 puto
793 647 947 686 dictum
970 647 1020 685 ab
1040 646 1091 685 Il-

114 713 280 752 defonso
300 723 386 763 cap.
404 711 454 751 12
478 710 528 749 de
552 710 813 761 scriptoribus
836 710 1090 749 Ecclesiasti-

115 777 186 815 cis.
211 775 428 827 Speciatim
448 776 591 813 seaetae
615 772 821 811 Toletanae
840 772 993 824 Synodz'
1011 772 1089 812 Ca-

115 848 236 877 nones
258 837 482 877 Braulionis
505 837 611 886 stylo
633 836 823 875 formatos
844 839 955 874 notat
975 836 1089 875 Nico-

117 901 206 939 laus
226 899 427 939 Antonius
445 899 490 937 V.
514 900 537 937 5
558 897 825 938 Bibliothecae
849 899 1000 937 veteris
1022 898 1089 936 Hi-

117 974 267 1014 spanae
285 973 372 1014 pag.
394 960 484 1002 278.
510 962 567 1000 De
587 972 633 1000 eo
657 960 757 1000 Acta
776 961 1015 999 Sanctorum
1038 961 1087 999 18

118 1026 246 1065 Martii
268 1028 363 1064 tom.
382 1026 416 1064 11
434 1053 443 1073 ,
466 1035 554 1075 pag.
572 1025 649 1063 635
665 1034 749 1074 seq.
773 1024 872 1062 Huic
889 1022 1089 1062 Braulioni

119 1087 296 1127 Isidorus
319 1087 567 1139 Hispalensis
591 1086 711 1125 libros
748 1085 957 1136 Originum
981 1080 1091 1123 dedi-

118 1150 238 1198 cavit‚
254 1153 396 1200 rogatu
412 1149 518 1188 illius
531 1149 774 1198 compositos
790 1152 831 1186 et
844 1159 866 1186 a
879 1147 1090 1187 Braulione

119 1214 197 1252 XX
218 1213 329 1251 libris
352 1212 516 1251 divisos.
547 1209 699 1249 Isidori
728 1209 898 1261 eloqz‘um
921 1211 1044 1249 breve
1067 1222 1091 1250 a

118 1275 330 1314 Braulione
353 1275 618 1326 compositum
639 1302 646 1321 ,
669 1276 709 1311 et
738 1271 855 1311 binae
876 1272 933 1311 ad
966 1273 1092 1313 Isido-

119 1348 214 1375 rum
228 1335 457 1388 Epistolae,
478 1337 570 1387 plus
595 1335 766 1386 simplici
790 1337 878 1374 vice
901 1347 996 1375 cum
1020 1337 1093 1375 Isi-

120 1399 205 1438 dori
241 1399 428 1451 operibus
450 1399 592 1438 editae.
627 1398 814 1449 Elogium
838 1397 935 1437 illud
969 1400 1090 1437 etiam

120 1461 227 1513 apud
244 1462 406 1501 Surium
426 1462 522 1500 etin
540 1461 652 1500 Actis
673 1461 912 1500 Sanctorum
929 1460 951 1498 3
967 1459 1092 1512 April.

126 1524 212 1563 Vita
249 1525 289 1564 S.
327 1522 544 1563 AEmz'lz‘ani
577 1524 805 1574 Presbyteri
843 1527 884 1562 et
912 1524 1092 1563 Monachi

120 1588 454 1637 Turiasonensis‚
475 1586 654 1636 defuncti
675 1587 751 1626 An.
777 1587 853 1626 564
874 1586 922 1626 ad
938 1598 1096 1639 germa-

120 1662 217 1688 num
248 1661 368 1689 suum
407 1651 711 1689 Frummianum
735 1649 1021 1700 Presbyterum
1052 1654 1094 1688 et

118 1712 315 1752 Abbatem
354 1716 489 1752 exstat
526 1713 565 1751 in
604 1712 809 1752 Prudentii
849 1712 1092 1751 Sandovallii

121 1774 368 1814 Fundatione
383 1774 632 1814 Benedictini
655 1774 818 1814 Ordinis
843 1776 882 1813 in
907 1776 1096 1825 Hispania

122 1836 199 1875 sub
211 1836 433 1876 Gothorum
455 1838 620 1888 imperio
638 1867 646 1885 ‚
662 1839 873 1889 Hispanice
894 1837 1000 1876 edita
1016 1839 1097 1876 Ma-

123 1898 215 1936 driti
242 1899 336 1938 1601
369 1899 432 1937 fol.
456 1900 496 1937 in
521 1900 720 1939 Francisci
743 1900 890 1938 Bivarii
914 1900 1020 1938 notis
1043 1899 1093 1938 ad

124 1961 349 1999 Clu-onicon
370 1963 500 2001 Marco
519 1963 690 2001 Maximo
709 1963 927 2013 7Episcopo
948 1963 1096 2001 Caesa-

125 2027 371 2074 raugustano
390 2024 586 2063 tributum
606 2053 614 2073 ,
639 2024 786 2063 ibidem
817 2025 920 2064 4652
942 2026 982 2063 in
1006 2025 1095 2063 folio

125 2097 213 2137 pag.
240 2084 316 2125 475
337 2097 431 2125 cum
455 2087 609 2137 Hymno
630 2087 670 2124 in
691 2087 865 2125 eundem
887 2088 1099 2126 Confessa-

125 2160 210 2188 rem
232 2159 319 2199 pag.
343 2149 419 2187 488
443 2153 483 2188 et
504 2150 543 2187 in
569 2153 685 2188 sexto
711 2149 922 2188 Volumine
951 2151 1101 2199 Marty-

126 2211 263 2263 rologii
286 2212 451 2263 Hispani
473 2213 640 2251 Joannis
663 2213 800 2251 Tarnai
837 2212 887 2251 de
921 2212 1100 2261 Salazar,

128 2274 178 2314 ⁴2
201 2273 290 2322 Maji
310 2285 398 2326 pag.
425 2276 494 2314 111
526 2274 711 2326 Lugduni
729 2276 831 2314 1659
851 2275 915 2313 fol.
931 2278 971 2313 et
994 2273 1102 2325 apud

126 2329 397 2376 Mabillonium
434 2338 522 2377 Sec.
557 2338 587 2376 Ι.
611 2337 858 2377 Benedictin.
892 2349 978 2389 pag.
1009 2337 1100 2376 205.

133 2397 220 2437 Vita
242 2399 282 2438 S.
319 2399 539 2438 Leocadz'ae
580 2399 787 2438 Toletanae
823 2399 997 2451 Viryim's
1026 2399 1102 2438 sub

128 2460 372 2498 Diocletiano
407 2472 575 2512 passae,
613 2462 662 2501 de
699 2474 780 2513 qua
816 2463 1011 2501 Baronius
1050 2461 1100 2499 ad

129 2521 358 2572 Matyrolog.
392 2523 415 2559 9
439 2524 648 2562 Decembr.
673 2524 825 2562 Omitto
854 2525 986 2562 Vitam
1014 2522 1102 2561 Vin-

131 2582 272 2632 centii,
294 2581 468 2622 Sabinae
492 2587 530 2622 et
561 2584 814 2624 Christeticlz's
851 2586 1101 2634 aliorumque

72 2677 77 2686 .
130 2646 363 2696 Martyrum
388 2645 894 2697 Caesarauyustanorum,
919 2651 960 2685 et
993 2646 1101 2685 Vitas

132 2708 303 2745 Patrum
321 2737 330 2757 ⁷
350 2710 391 2744 et
414 2708 652 2756 opusculum
675 2708 722 2746 de
741 2721 848 2748 vana
868 2707 1023 2746 saecula·
1038 2719 1104 2746 sa-

126 2768 306 2820 pientia,
328 2773 369 2806 et
391 2769 499 2808 aliud
523 2769 570 2807 de
594 2769 768 2808 adventu
806 2771 877 2810 SS.
902 2769 930 2808 A
934 2768 1104 2820 postolo-

129 2843 225 2870 rum
260 2829 402 2869 Jacobi
434 2831 548 2869 Petri
569 2834 607 2869 et
627 2830 748 2870 Pauli
774 2831 815 2869 in
838 2831 1102 2882 Hispaniam,

133 2895 182 2934 de
207 2894 353 2944 quibus
378 2894 562 2933 Nicolaus
586 2893 785 2932 Antonius
810 2905 898 2944 pag.
922 2894 1012 2932 279.

187 2947 414 2986 Florentius
435 2947 721 2986 BRAVOMUS
740 2978 747 2996 ⁷
764 2947 917 2997 Anglus
935 2977 942 2996 ,
964 2952 1102 2986 auctor

133 3011 319 3052 Chronici
342 3012 447 3049 circa
463 3011 627 3049 Annum
647 3011 749 3050 1118
767 3011 869 3048 infra
888 3009 1105 3050 FLOHEN-

189 3137 363 3176 Senatus
395 3135 710 3185 BRAVONIUS,
748 3137 964 3175 possevino
1004 3136 1106 3174 male

135 3198 384 3244 Bra-conius,
410 3200 519 3238 Prior
556 3199 838 3238 Monachorum
876 3199 906 3237 V
913 3199 1108 3247 igornicn-

139 3262 244 3300 sium
267 3261 428 3300 Ordinis
452 3262 730 3301 Cluniacensis
759 3262 860 3299 circa
886 3260 961 3298 An.
989 3260 1105 3298 1180.

140 3322 306 3374 Scripsit
324 3325 456 3365 Vitam
480 3325 521 3363 S.
549 3323 749 3365 Wulstani
769 3324 952 3375 Episcopi
968 3355 978 3371 .-
1002 3322 1105 3374 apud

2047 196 2126 234 ς,253

1160 273 1323 311 Surium
1344 275 1385 310 et
1409 272 1448 309 in
1473 268 1585 309 Actis
1615 270 1855 308 Sanctorum
1881 266 1929 304 19
1968 267 2130 305 Januar.

1159 339 1200 372 et
1226 332 1429 373 Osswaldt'
1445 333 1631 383 Episcopi
1651 330 1756 382 apud
1781 330 1945 369 Surium
1967 330 2017 368 45
2041 329 2128 367 Oct.

1159 401 1199 435 et
1222 395 1423 448 Epistolas
1459 394 1535 435 VII
1555 405 1726 445 quarum
1764 395 2002 443 argumenta
2024 391 2129 441 apud

1160 458 1364 498 Oudinum
1388 463 1484 496 tom.
1510 458 1543 496 II
1563 487 1570 504 ,
1592 468 1680 507 pag.
1709 454 1823 494 4579.

1208 519 1446 559 Bernardus
1456 517 1857 558 aBRElTENBACH.
1869 527 2003 567 supra,
2015 515 2133 554 BER-

1160 582 1365 624 NARDUS
1387 594 1475 633 pag.
1497 582 1588 619 204.

1217 643 1545 694 BREMENSIUM
1569 654 1705 681 rerum
1730 642 1947 692 scriptores
1977 640 2133 680 duobus

1162 709 1228 747 vel
1248 708 1377 747 tribus
1397 705 1677 746 Voluminibus
1701 704 2015 755 comprehensos
2038 702 2134 741 dare

1160 772 1289 810 voluit
1312 771 1356 809 V.
1387 770 1429 809 C.
1470 766 1665 818 Ge0r9ius
1701 765 1892 814 Rothz'us,
1917 766 1956 814 a)
1990 767 2135 804 Rector

1162 832 1372 873 Stadensis
1397 834 1491 870 ante
1514 840 1663 881 paucos
1693 840 1819 867 annos
1839 829 2074 876 defunctus,
2091 828 2136 866 il-

1161 896 1291 946 lisque
1325 893 1516 933 ornandis
1551 891 1741 931 adhibere
1775 891 1904 930 editos
1937 889 2137 929 Adamum

1161 960 1438 1005 Bremensem‚
1454 955 1680 1007 Diplomata
1698 953 2054 1004 Lindenbrogiana,
2071 951 2138 991 Al-

1165 1018 1322 1059 bcrtum
1337 1019 1591 1066 Stadensem,
1607 1020 1648 1056 et
1663 1016 1833 1056 Henrici
1842 1014 2139 1056 WolteriCbro-

1165 1085 1281 1122 nicon
1316 1081 1696 1132 Archiepiscopatus
1733 1079 1991 1127 Bremensis,
2032 1077 2138 1128 quod

1164 1146 1349 1197 vulgavit
1363 1145 1598 1185 Meibomius
1616 1157 1623 1182 :
1644 1141 1811 1181 Ioannis
1826 1140 2001 1181 Renneri
2018 1139 2142 1180 Chro-

1165 1210 1284 1247 nicon
1322 1210 1541 1247 Bremense
1583 1206 1862 1257 rhythmicum
1900 1203 2139 1243 Germanice

1166 1271 1336 1310 dialecto
1361 1272 1557 1310 Saxonica
1585 1269 1739 1309 editum
1769 1270 1937 1307 Bremae
1959 1267 2076 1306 1583.
2101 1269 2143 1303 et

1165 1333 1325 1373 laudato
1344 1334 1485 1373 Rothio
1504 1336 1671 1372 curante
1696 1330 1842 1371 Stadae
1869 1328 1971 1369 1717
1997 1328 2054 1366 8⁷⁰
2079 1339 2142 1366 re-

1167 1408 1311 1435 cusum
1324 1410 1332 1434 :
1345 1398 1696 1446 recentiorumque
1708 1395 1949 1444 scriptorum
1964 1388 2145 1430 Vilhelmi

1167 1459 1348 1499 Dillio-hii
1368 1459 1593 1499 Chronicon
1617 1460 1786 1496 Bremae
1806 1459 1846 1494 et
1869 1454 2145 1494 Praefectura-

1169 1535 1258 1562 rum
1284 1523 1396 1573 ejus:
1423 1519 1656 1571 Luneburqi
1680 1516 1919 1559 Musshardi
1938 1516 1979 1566 b)
2004 1527 2145 1554 monu—

1168 1589 1306 1625 menta
1328 1585 1547 1623 nobilitatis
1576 1583 1743 1632 antiqua
1776 1580 1993 1618 illustrium
2031 1578 2145 1616 fami-

1168 1649 1338 1697 liarum,
1360 1647 1543 1698 inprimis
1567 1644 1731 1684 Ordinis
1769 1642 1984 1693 Equestris
2008 1641 2047 1677 in
2072 1638 2146 1677 du—

1168 1711 1326 1749 catibus
1340 1709 1547 1748 Bremensi
1566 1712 1606 1746 et
1622 1706 1817 1746 Verdensi
1833 1736 1843 1753 ,
1858 1704 1965 1743 edita
1982 1702 2146 1740 Germa—

1170 1774 1258 1811 nice
1297 1775 1464 1811 Bremae
1505 1770 1609 1810 1708
1645 1769 1707 1808 fol.
1752 1764 1908 1806 Urbani
1942 1762 2072 1804 Pierii
2098 1762 2147 1800 de

1173 1836 1290 1874 Urbis
1314 1838 1482 1874 Bremae
1507 1833 1747 1882 antiquitate
1777 1828 2082 1876 Consulumque
2106 1828 2147 1862 et

1172 1898 1413 1936 Senatorum
1438 1896 1575 1935 ordine
1600 1895 1798 1945 elogium.
1822 1889 2010 1942 (Henrz'ci
2024 1886 2150 1927 Poste't'

1171 1961 1295 1999 fastos
1313 1960 1556 2001 Consulares
1578 1962 1617 1996 et
1643 1956 1873 1996 Senatorios
1892 1951 2146 2003 Reipublicae

1172 2025 1303 2062 Brem.
1321 2023 1370 2062 ab
1386 2023 1527 2061 Annoi
1542 2021 1616 2059 433
1634 2020 1682 2060 ad
1696 2018 1800 2059 4725
1817 2019 1982 2056 Bremae
1996 2012 2099 2054 4726
2112 2012 2146 2050 4.

1173 2085 1340 2125 Joannis
1363 2084 1532 2124 Henrici
1556 2083 1679 2123 Hintz
1702 2082 1885 2120 notitiam
1909 2078 2010 2117 sacri
2035 2074 2148 2114 Ordi—

1177 2150 1240 2187 nis
1283 2150 1322 2187 in
1360 2148 1583 2188 Ducatibus
1613 2145 1824 2185 Bremensi
1848 2146 1889 2180 et
1926 2139 2148 2184 Verdensi,

1176 2215 1359 2263 tempore
1382 2211 1552 2250 Jubilaei
1579 2208 1840 2259 Augustanae
1879 2200 2150 2244 Confessionis

1177 2273 1253 2313 An.
1274 2274 1393 2314 1730.
1413 2278 1454 2313 et
1474 2272 1796 2312 Lutberanorum
1814 2262 2155 2318 Superintenden-

1177 2341 1266 2376 tum
1308 2336 1564 2375 Generalium
1599 2338 1640 2373 et
1673 2335 1883 2372 Pastorum
1915 2340 1937 2367 a
1969 2331 2150 2376 tempore

1176 2399 1485 2438 Reformationis
1509 2399 1548 2435 in
1574 2398 1830 2447 praesentem
1860 2394 2035 2430 aetatem
2058 2389 2153 2426 Bre-

1178 2473 1294 2511 mae,
1317 2460 1485 2507 Stadae,
1508 2456 1772 2507 Buxtehudae
1796 2458 1837 2492 et
1866 2450 2030 2491 Verdae.
2063 2449 2151 2486 Sta-

1180 2523 1254 2562 dae
1281 2522 1398 2562 1731.
1425 2521 1522 2570 8.*0)

1230 2585 1293 2623 Ex
1316 2583 1476 2622 ineditis
1493 2611 1501 2629 ,
1519 2580 1743 2621 Chronicon
1758 2576 1945 2616 Civitatis
1960 2576 2153 2612 Bremen-

1178 2649 1250 2695 sis,
1275 2647 1470 2696 scripturn
1501 2643 1737 2682 Germanice
1761 2639 1930 2677 dialecto
1954 2635 2150 2674 Saxoniae

1177 2708 1374 2747 inferioris
1398 2707 1447 2745 ab
1466 2703 1663 2744 Herberto
1686 2700 1872 2747 Schmin,
1889 2698 2048 2737 cellario
2073 2697 2147 2735 Ca-

1178 2771 1318 2823 pituli,
1343 2768 1563 2818 templique
1588 2766 1626 2804 S.
1652 2763 1885 2809 Anscharii‚
1911 2759 2016 2811 quod
2056 2760 2152 2797 Bre-

1178 2835 1336 2872 maeest
1346 2830 1555 2869 Canonico:
1567 2832 1607 2866 et
1622 2839 1642 2866 a
1654 2823 1861 2864 Gerhardo
1871 2819 2148 2867 Reinesbereh,

1177 2895 1361 2945 ejusdem
1386 2892 1556 2942 Capituli
1580 2890 1732 2929 Vicario
1758 2898 1886 2936 usque
1911 2885 1959 2924 ad
1984 2885 2147 2923 Annum

1180 2958 1282 2997 1436
1307 2967 1399 2994 cum
1425 2954 1570 3005 duplici
1597 2951 1685 3002 ejus
1719 2949 2043 2994 continuatione,
2068 2956 2149 2984 una

1178 3020 1226 3060 ad
1245 3019 1406 3058 Annum
1430 3015 1546 3056 1547,
1563 3020 1603 3054 ct
1620 3015 1742 3054 altera
1765 3014 1879 3061 longe
1900 3010 2080 3049 uberiore
2100 3006 2151 3045 ad

1178 3083 1343 3121 Annum
1369 3080 1484 3119 1563.
1513 3077 1680 3117 Joanne's
1717 3073 1892 3115 Renneri
1927 3072 2149 3113 Chronicon

1237 3220 1270 3271 a)
1286 3234 1379 3265 Neue
1403 3232 1597 3270 Zeieomyen
1616 3239 1684 3260 υοη
1701 3228 1882 3269 (laidet-ten
1908 3227 2043 3259 Sachen
2058 3249 2066 3263 ‚
2088 3228 2158 3256 An-

1177 3294 1219 3317 no
1245 3283 1324 3314 1718
1348 3292 1379 3322 p.
1401 3282 1473 3312 546.
1498 3284 1585 3312 Nora
1610 3281 1786 3311 Liztcraria
1813 3282 1849 3310 A.
1878 3278 1955 3309 1719
1974 3286 2007 3317 p.
2020 3276 2061 3307 55
2077 3284 2150 3314 seq.

1240 3333 1274 3371 b>
1300 3336 1377 3365 Acta
1394 3332 1614 3363 Eruilitorum
1631 3334 1711 3362 lom.
1728 3331 1767 3360 lv
1785 3327 2013 3368 supplementi
2031 3334 2063 3368 p.
2081 3324 2154 3357 522.
