2500 4009
394 228 462 258 xvi

390 291 605 337 codicibus,
644 293 911 335 scrutaretur3
953 288 1091 325 iterato
1115 284 1342 324 se'Romam

389 344 572 384 contulit.
596 349 635 382 et
661 345 844 381 Vaticana
862 340 1127 388 Manuscripta
1151 339 1343 385 excussit,

391 402 510 448 atque
529 397 739 440 consuluit,
766 395 864 432 facta
891 393 962 430 sibi
990 393 1135 443 ubique
1155 392 1344 442 indagan-

393 450 430 488 di
457 462 500 488 ac
540 449 728 499 seligendi
773 447 942 484 maxima
988 446 1200 494 facultate3
1232 450 1342 484 tauta

390 510 474 542 erat
498 506 552 553 iiis
570 514 615 540 eo
659 508 697 538 et
740 499 941 538 doetrinae
982 498 1273 538 commendatio
1303 502 1343 537 et

395 557 519 595 famae
544 554 751 593 celebritas
775 552 838 599 ib).

446 609 682 648 Amicissimi
702 611 904 656 praeterea
928 605 1126 655 iidemque
1148 605 1248 643 docti
1273 605 1341 642 i‘iri

390 674 438 700 ex
450 672 609 700 suarum
628 661 836 698 civitatum
856 659 1084 697 lectissimis
1097 659 1341 697 bibliothecis

391 717 462 754 alia
479 714 681 764 complura
699 712 1338 763 suppeditarunt,itautdivesjam

390 769 601 809 allatiin,et
623 768 827 816 magnilica
845 768 1024 817 supellex
1043 765 1340 805 adesset.Omni

392 823 508 872 igitur
553 832 647 859 cura
698 825 817 870 atque
861 820 1052 858 industria
1093 821 1343 857 continenter

391 874 553 921 versari,
575 880 617 913 ut
638 879 786 912 tantam
814 883 1004 912 novarum
1027 884 1158 911 rerum
1191 873 1340 922 copiam

390 928 569 966 ordinate
592 929 627 965 in
652 928 797 978 ingenti
820 938 936 977 opere
958 926 1225 972 distribueret,
1242 936 1342 975 quae

390 985 510 1020 ceteri
556 986 670 1020 antea
715 982 752 1018 in
795 980 1013 1031 colligendo
1053 983 1349 1030 peccaiemnt‚

392 1034 636 1080 emendaret,
653 1045 754 1085 quae
778 1033 996 1072 adiicienda
1021 1038 1147 1078 erant,
1167 1037 1235 1070 aut
1252 1043 1344 1081 sup-

392 1088 534 1139 plenda
564 1093 782 1138 opportune
823 1087 1090 1137 dispositeque
1128 1086 1343 1136 proferret,

394 1143 670 1180 annotationes
695 1146 734 1179 et
755 1140 1054 1179 dissertationes
1077 1139 1272 1178 eruditius
1290 1139 1346 1175 in-

394 1200 579 1233 strueret.
626 1195 672 1234 Ut
713 1205 805 1233 vero
847 1198 1016 1245 primum
1044 1195 1172 1243 ipsum
1203 1192 1344 1230 retexti

395 1251 524 1298 operis
551 1248 735 1286 volumen
763 1250 798 1284 in
830 1248 956 1286 lucem
994 1246 1147 1297 prodiit,
1188 1256 1345 1284 summo

397 1302 488 1339 illud
519 1302 656 1352 plausu
682 1302 842 1340 litterati
870 1302 1051 1339 homines
1071 1301 1209 1338 merito
1230 1310 1346 1337 exce-

393 1360 560 1405 perunt,
591 1359 830 1405 quapropter
876 1354 1037 1393 mirifice
1085 1355 1243 1393 animus
1284 1356 1346 1390 est

397 1409 430 1446 ei
457 1408 630 1453 additus,
658 1414 699 1446 ut
725 1419 806 1446 reni
830 1413 980 1447 tantam
1006 1412 1046 1445 et
1070 1412 1151 1446 tam
1178 1405 1349 1445 salebro-

389 1472 473 1500 sam
497 1461 756 1499 vehementer
776 1468 944 1513 urgeret.

450 1515 772 1553 Molestissimum
801 1520 931 1553 tamen
972 1515 1120 1552 interea
1171 1513 1263 1552 illud
1312 1513 1344 1549 ei

395 1569 548 1613 accidit,
576 1568 678 1618 quod
719 1579 761 1606 se
804 1569 905 1618 apud
949 1568 1197 1606 Clementem
1242 1567 1347 1605 Xlll.

398 1622 436 1659 P.
471 1624 517 1660 M.
539 1622 739 1672 quidpiam
766 1627 920 1671 praeter
952 1621 1197 1659 voluutatem
1231 1621 1351 1658 oll'en·

395 1674 500 1713 disse
526 1675 729 1712 intellexit.
769 1674 1006 1713 offensionis
1033 1686 1144 1724 porro
1165 1685 1208 1712 ea
1231 1683 1349 1711 causa

399 1727 590 1778 fuii,quod
611 1740 702 1778 prae
719 1728 888 1773 grandes
903 1729 1073 1766 Gallicae
1096 1726 1351 1766 ENCYCLO-

397 1782 615 1820 PAEniAE
663 1782 778 1819 libros
817 1783 1014 1831 (quorum
1058 1781 1178 1818 altera
1234 1780 1351 1818 editio

399 1836 645 1874 Lucensibus
690 1835 830 1884 praelis
878 1836 1010 1873 minus
1053 1834 1180 1872 fausto
1222 1834 1353 1871 omine

396 1890 640 1937 curabatur)
695 1890 729 1925 in
786 1889 831 1925 iis
867 1900 968 1938 quae
1019 1887 1065 1925 ad
1117 1887 1345 1937 religionem

398 1947 634 1993 spectatam,
651 1942 952 1992 expurgandos,
983 1940 1343 1990 quaemadmodum

397 2006 559 2046 prorsus
577 2006 739 2033 necesse
764 2000 860 2040 erat,
883 1994 1155 2044 notandosque
1179 1995 1343 2032 aliorum

400 2050 572 2095 hortatu,
599 2049 759 2086 forsitan
794 2051 926 2087 minus
946 2053 1074 2092 caute,
1101 2051 1344 2096 susceperat.

398 2101 508 2148 Quod
541 2102 686 2140 factum
718 2107 890 2151 graviter
918 2101 1015 2139 adeo
1050 2107 1170 2150 atque.
1206 2099 1345 2138 acerbe

400 2155 577 2194 Pontifex
614 2155 715 2196 tulit.
748 2160 790 2192 ut
820 2154 1057 2201 Saitesciiio,
1080 2156 1145 2204 qui
1178 2154 1211 2190 id
1245 2159 1347 2190 tem-

401 2210 505 2260 poris
521 2209 819 2258 Congregationi
843 2209 974 2246 Matris
993 2209 1057 2245 Dei
1079 2211 1347 2256 praeei·at,non

401 2262 522 2300 semel
554 2262 812 2300 affirmaverit
842 2261 1037 2300 Mansium
1068 2261 1116 2298 ob
1141 2272 1226 2298 eam
1258 2270 1351 2297 cau-

403 2326 487 2354 sam
523 2315 595 2353 sibi
641 2315 838 2364 rebusque
880 2316 967 2353 suis
1010 2315 1349 2363 quamplurimum

406 2371 588 2408 nocuisse
614 2368 820 2417 (fortassis
844 2370 948 2406 enini
969 2373 1010 2405 ut
1034 2368 1247 2406 multorum
1267 2377 1351 2415 gra-

407 2424 468 2460 vis
497 2424 625 2473 opinio
655 2426 762 2467 erat,
795 2421 843 2459 de
872 2433 917 2459 eo
949 2432 1067 2471 quem
1091 2420 1355 2458 omnidoctri-

403 2486 451 2513 na
475 2481 513 2514 et
534 2477 679 2514 virtute
713 2475 1148 2513 commendatissimum
1167 2477 1354 2520 noverat,

402 2530 438 2566 in
478 2528 745 2568 Cardinalium
790 2528 997 2578 collegium
1028 2527 1246 2577 cooptando
1288 2537 1356 2564 au-

405 2587 466 2621 tea
512 2584 737 2632 cogitarat).
786 2583 953 2631 Purgaie
997 2593 1038 2619 se
1096 2592 1137 2617 se
1183 2579 1355 2619 Pontifici

405 2635 576 2685 legitime
604 2637 797 2687 potuisset
817 2664 824 2681 ,
847 2636 991 2686 quippe
1021 2634 1124 2672 laud
1159 2635 1355 2685 ingratum

408 2688 578 2728 laborem
612 2693 823 2741 putaverat
853 2689 932 2727 fore
976 2689 1007 2727 si
1052 2688 1187 2727 Gallici
1229 2688 1358 2738 operis

460 2847 505 2884 (5)
524 2845 632 2876 Lubet
657 2846 721 2876 hac
745 2846 784 2876 cle
807 2855 844 2877 re
872 2845 1030 2877 Italicam
1055 2845 1234 2886 epistolam
1257 2845 1360 2886 subji-

403 2895 492 2921 cere,
510 2896 611 2927 quam
629 2889 844 2919 durissimus
859 2889 1140 2927 doctissimusque
1161 2888 1360 2919 Cardi'nulis

407 2929 617 2960 Passionem
655 2932 700 2960 ad
725 2931 913 2960 Anionium
940 2930 1079 2960 Zullamt
1113 2930 1269 2961 Venetam
1299 2930 1360 2969 Ty-

402 2971 621 3011 poqrophnm
645 2973 738 3001 dedit
760 2993 767 3004 .
792 2971 890 3010 cujus
916 2972 1078 3011 impensis
1115 2975 1249 3001 tortium
1273 2982 1356 3012 opus

401 3011 669 3051 prorurabueur.
687 3013 818 3052 Quippe
836 3014 1003 3043 εαείηιίυηι
1016 3019 1117 3053 atque
1136 3013 1360 3053 laoitorificen-

407 3055 575 3084 tissimum
592 3061 660 3084 tum
676 3055 901 3094 praeconium
921 3059 989 3085 lum
1007 3056 1240 3085 testimonium
1258 3057 1359 3087 Man-

405 3095 450 3124 sit*
473 3098 654 3126 doctr-'nae
679 3098 715 3126 i'n
739 3104 779 3126 ea
815 3097 958 3135 epistola
999 3096 1177 3127 tribuitur.
1212 3097 1246 3127 L·
1260 3100 1361 3129 unico

405 3137 570 3175 coiisiglio
592 3138 601 3175 (
624 3139 672 3167 sic
695 3138 861 3176 scriplum
899 3137 966 3176 suit
1002 3147 1023 3167 α
1059 3138 1272 3179 Passioneo)
1296 3140 1359 3171 elie

406 3181 500 3209 arrei
524 3182 562 3208 da
588 3179 778 3218 suggerirle
799 3200 807 3213 ‚
832 3180 858 3209 si
885 3188 902 3209 e
927 3179 994 3209 elie
1025 3188 1225 3217 procui-asse
1250 3182 1313 3212 che
1339 3182 1360 3212 il

409 3219 445 3250 Ρ.
470 3219 736 3251 Giaiidonienuo
753 3219 966 3251 Mansidella
990 3219 1158 3261 Congreg.
1177 3222 1263 3253 della
1292 3223 1362 3254 Ma-

406 3262 467 3292 dre
491 3262 522 3291 di
548 3261 608 3292 Dio
632 3263 657 3291 si
681 3263 875 3301 disponesse
899 3270 916 3292 a
939 3263 994 3303 qui
1017 3264 1144 3294 venite.
1163 3264 1290 3302 Questo
1309 3274 1359 3296 so-

409 3302 556 3334 lamente
582 3311 612 3334 io
635 3306 813 3335 considero
835 3312 955 3343 capace
972 3304 1003 3334 di
1020 3304 1254 3337 dissoiieiiare
1271 3308 1358 3338 dalla

406 3354 489 3387 gran
513 3353 595 3385 gran
622 3345 802 3377 Biblioteca
827 3345 985 3377 Vaticana
1019 3354 1097 3377 cose
1132 3348 1244 3386 degne
1267 3349 1358 3379 delle

1144 215 1177 253 J.
1221 215 1363 255 DOM.
1404 214 1648 256 MANSII

1418 297 1572 325 errores
1613 288 1824 328 emendare
1869 301 1936 341 pro
1980 300 2052 330 sua
2095 293 2136 328 et
2185 289 2370 340 religione

1418 344 1458 378 et
1506 341 1607 379 virili
1667 347 1776 392 parte
1835 343 2067 382 studuisset.
2121 343 2370 394 Quamquam

1419 397 1551 432 tamen
1597 396 1695 433 satis
1730 395 1838 446 justa
1881 401 1920 434 et
1958 399 2117 447 sapiens
2141 401 2224 436 erat
2253 407 2374 436 excu-

1417 449 1528 493 satio,
1558 447 1606 486 ab
1635 459 1678 486 ea
1718 460 1761 486 se
1804 450 2006 495 abstinuit,
2047 456 2165 501 atque
2216 453 2259 488 ut
2292 450 2371 500 pri-

1418 511 1526 538 muiii
1571 501 1619 539 de,
1663 502 1859 540 l’ontilicis
1902 503 2061 552 querela
2100 503 2245 550 audiit,
2286 514 2367 541 ma-

1417 564 1511 592 num
1543 555 1592 592 ab
1621 556 1774 605 incepto
1799 556 1927 594 libens
1953 558 2132 594 removit.
2158 557 2210 594 Re
2234 561 2368 594 autem

1417 618 1508 644 vei-a
1555 608 1768 646 orbiculata
1801 609 1862 646 illa
1898 609 2193 658 disciplinarum
2245 609 2369 646 series

1415 660 1578 698 licenter
1607 665 1647 698 et
1675 662 1903 699 calamitose.
1933 665 1991 699 tot
2022 660 2290 700 voluminibus
2319 661 2368 700 ab

1415 724 1460 751 eo
1477 720 1731 753 externorum
1764 714 1968 753 huminum
1986 726 2129 764 genere
2159 715 2367 764 consigna-

1415 771 1466 813 ta,
1496 767 1561 816 qui
1592 768 1710 805 etiam
1753 779 1845 806 cum
1884 776 2018 806 errant
2055 769 2327 817 suspiciuntur
2348 778 2369 806 a

1419 821 1553 858 multis
1582 825 1621 857 et
1653 822 1782 859 nescio
1812 833 1890 871 quii
1937 821 2013 859 fato
2059 822 2271 860 laudantur
2306 821 2371 870 (6),

1418 878 1526 912 tanta
1558 874 1792 924 plerumque
1824 875 1907 912 labe
1936 885 1981 913 ac
2009 885 2130 914 caeno
2175 873 2374 913 redunda-

1417 927 1494 971 bat,
1528 933 1570 965 ut
1601 927 1753 966 facilius
1783 938 1879 966 sane
1902 929 2057 967 Herculi
2089 929 2220 974 fuerit,
2250 938 2376 978 quae-

1420 980 1672 1019 madmodum
1721 981 1865 1021 ferulit.
1909 980 2180 1020 foedissimum
2227 981 2378 1030 Augias

1418 1034 1621 1073 stabulum
1652 1035 1803 1086 Alpheo
1847 1035 1968 1074 fluvio
2011 1036 2191 1085 immisso
2237 1045 2373 1085 repur-

1418 1099 1523 1138 gare.

1473 1142 1750 1192 Solutoitaque
1760 1147 1799 1181 et
1811 1142 1978 1182 liberiori
1995 1140 2371 1182 animoindustriam

1420 1205 1531 1233 suam
1551 1207 1708 1234 omnem
1731 1198 1928 1235 convertit
1945 1197 1991 1235 ad
2025 1197 2164 1241 ingens
2187 1194 2290 1246 quod
2309 1206 2375 1243 ag-

1419 1260 1582 1299 gressus
1595 1249 1831 1300 fuerutopus
1849 1250 1896 1288 de
1915 1262 2014 1289 nova
2033 1246 2378 1288 CONClLlORVM

1420 1301 1590 1340 editione.
1615 1304 1690 1341 aeri
1713 1315 1805 1342 cura
1827 1308 1866 1341 et
1887 1303 2086 1354 diligentia
2110 1313 2230 1353 quam
2253 1301 2377 1340 maxi-

1421 1366 1484 1394 ma
1520 1357 1854 1405 persequendum.
1895 1357 2088 1403 Quoniam
2125 1360 2260 1394 autem
2298 1365 2371 1393 nec

1424 1409 1560 1459 vigiliis
1600 1420 1670 1447 nec
1703 1411 1809 1449 curis
1850 1410 2034 1460 parcebat
2072 1421 2262 1459 unquam,
2303 1407 2378 1446 alia

1416 1460 1498 1511 jam
1525 1468 1644 1512 atque
1669 1463 1740 1501 alia
1775 1465 1905 1513 operis
1947 1464 2144 1502 volumina
2180 1462 2226 1500 ad
2269 1467 2382 1511 typo-

1422 1516 1614 1565 grapliuin
1643 1516 1835 1555 Venetum
1864 1519 2098 1555 transmissa
2136 1516 2312 1562 fuerant3
2338 1517 2378 1552 et

1425 1579 1541 1607 vero:
1567 1571 1684 1607 etiam
1709 1581 1776 1619 pro
1797 1570 1933 1619 grandi
1962 1571 2082 1615 mole,
2101 1574 2220 1619 atque
2240 1567 2376 1606 editio-

1427 1623 1487 1658 nis
1512 1622 1702 1671 dignitate.
1728 1634 1804 1660 non
1835 1624 1998 1662 nimium
2027 1623 2130 1661 lente
2157 1620 2375 1671 prodibant·

1426 1675 1501 1713 Sed
1531 1680 1572 1713 ut
1597 1675 1745 1726 reliqua
1770 1679 1876 1724 item,
1902 1688 2003 1727 quae
2030 1675 2243 1714 succedere
2267 1673 2377 1712 dein-

1425 1739 1519 1778 ceps
1543 1728 1749 1775 debebant,
1785 1730 1858 1767 rite
1879 1735 1918 1767 et
1941 1731 2097 1779 copiose
2123 1729 2379 1768 illustraren—

1428 1786 1502 1829 tur,
1521 1793 1596 1819 non
1618 1782 1800 1821 mediocri
1818 1782 2009 1822 sedulitas
2027 1787 2146 1833 atque
2162 1780 2376 1820 assiduitas

1427 1835 1725 1885 postulabatur3
1752 1838 1912 1875 inventa
1935 1839 2039 1875 enim
2057 1840 2170 1875 erant
2187 1836 2223 1873 in
2239 1832 2375 1873 ordine

1420 1888 1645 1939 redigenda,
1679 1889 2048 1929 animadversiones
2071 1895 2191 1940 atque
2214 1897 2374 1926 enarra-

1419 1943 1558 1990 tiones,
1597 1943 1659 1980 ubi
1691 1948 1888 1992 oporteret
1928 1943 2100 1982 adhibito
2134 1941 2280 1992 judicio
2317 1939 2374 1977 di-

1419 1995 1681 2045 spensandae,
1712 1998 1911 2035 recentius
1934 1997 2142 2035 observata
2174 2005 2265 2033 cum
2308 2003 2375 2032 su-

1421 2049 1637 2098 perioribus
1659 2049 1897 2088 editionibus
1922 2049 2201 2099 perdiligenter
2235 2047 2368 2085 confe-

1421 2102 1567 2149 renda,
1607 2102 1772 2140 librariis
1810 2103 1995 2152 tandem,
2020 2114 2067 2141 ne
2109 2099 2370 2140 exscribendo

1421 2160 1612 2200 errarent,
1637 2158 1861 2194 accuratius
1900 2167 2063 2194 neeesse
2100 2161 2186 2193 erat
2215 2153 2369 2194 adesse.

1423 2209 1564 2246 Nullus
1589 2214 1720 2247 tamen
1741 2220 1830 2248 eum
1858 2208 2050 2248 deterruit
2077 2206 2377 2254 labor,diffioul-

1425 2266 1485 2299 tas
1507 2273 1597 2300 euin
1644 2263 1748 2301 nulla
1789 2263 2004 2301 retardavit
2041 2267 2110 2302 aut
2150 2260 2388 2312 impedivit,

1427 2317 1640 2366 quominus
1663 2321 1892 2354 constanter
1909 2321 2026 2366 atque
2053 2316 2167 2355 enixe
2193 2317 2228 2353 in
2253 2316 2384 2352 incoe-

1428 2375 1492 2419 pto
1519 2376 1804 2419 perseveraret,
1829 2375 1868 2408 et
1889 2371 2044 2409 acutius
2060 2371 2191 2408 omnia
2214 2369 2382 2416 inspice-

1430 2427 1500 2469 ret,
1529 2433 1598 2460 nee
1623 2422 1812 2473 quidquid
1855 2424 2090 2473 negligeret,
2122 2434 2200 2472 quo
2241 2422 2278 2458 in
2311 2431 2383 2459 suo

1430 2487 1574 2526 genere
1597 2475 1813 2526 perfectum
1831 2476 2139 2528 absolutumque
2159 2474 2267 2515 reddi
2286 2484 2388 2525 opus

1433 2534 1580 2580 posset.

1485 2583 1592 2628 Quae.
1617 2581 1813 2621 hactenus
1835 2583 1882 2621 de
1907 2583 2093 2622 litteratis
2113 2582 2248 2622 Mansii
2283 2580 2390 2620 labo-

1433 2636 1541 2675 ribus
1565 2638 1638 2675 etsi
1666 2637 1838 2674 breviter
1863 2648 1957 2675 vere
1982 2641 2114 2675 tamen
2138 2641 2178 2675 et
2200 2635 2386 2674 historice

1433 2689 1535 2728 dicta
1551 2696 1659 2737 sunt,
1682 2695 1799 2729 totae
1816 2695 1926 2730 tanta
1944 2690 2116 2742 profecto
2131 2700 2220 2729 esse
2237 2690 2388 2739 cuique

1436 2846 1576 2883 fatiche,
1595 2846 1658 2878 elie
1679 2847 1719 2878 lia
1739 2848 1899 2887 impreso.
1923 2847 1968 2878 Ed
1992 2856 2010 2879 a
2035 2847 2080 2878 liii
2097 2845 2237 2888 piucche
2251 2845 2290 2877 ad
2313 2845 2391 2884 ogni

1436 2890 1525 2919 altro
1549 2890 1736 2920 ..i-vordero
1761 2889 1780 2919 l’
1795 2899 1930 2920 accesso
1956 2891 1988 2920 in
2013 2891 2091 2929 ogni
2117 2893 2230 2928 tempo
2257 2888 2297 2918 ed
2331 2895 2390 2918 ora

1435 2931 1502 2962 alla
1528 2931 1727 2962 ηοω-εὶιηε,
1747 2930 1791 2961 La
1814 2932 1980 2970 coiisiglio
2002 2939 2019 2960 a
2044 2930 2169 2961 valersi
2192 2930 2225 2960 di
2250 2928 2310 2965 lui.
2328 2930 2390 2960 sic-

1437 2982 1534 3004 come
1560 2973 1690 3013 quello,
1713 2973 1733 3003 il
1758 2974 1814 3003 cui
1839 2981 1940 3003 nome
1963 2974 2106 3003 essendo
2129 2973 2299 3010 cospicuo.
2323 2971 2390 3011 μιιὸ

1435 3018 1600 3046 accedere
1623 3015 1662 3045 ad
1687 3015 1765 3053 ogni
1790 3014 1874 3044 altra
1900 3014 2081 3045 Biblioieea
2106 3013 2133 3043 si
2158 3013 2190 3043 d·
2207 3013 2300 3044 liaiia
2324 3011 2389 3044 che

1436 3058 1466 3088 d'
1483 3058 1701 3091 Olirainonti',
1739 3064 1842 3087 senza
1883 3056 1946 3086 ebe
1969 3064 2029 3095 per
2054 3055 2099 3085 lui
2123 3054 2169 3086 sia
2194 3054 2333 3096 bisogno
2353 3053 2386 3085 di

1438 3108 1564 3130 veruna
1591 3098 1929 3128 raccomaiidazione.

1493 3143 1537 3180 (o)
1567 3140 1728 3179 Apposite
1752 3139 1791 3168 ad
1817 3138 1903 3169 hanc
1926 3146 2000 3169 rem
2023 3137 2056 3168 in
2079 3136 2154 3168 viia
2179 3136 2318 3169 Joannis
2331 3137 2390 3168 Cn-

1436 3183 1571 3214 siiloiiei
1590 3184 1672 3213 liaeo
1688 3182 1826 3220 egregie
1844 3181 1970 3219 scripsi!
1995 3179 2203 3210 Fabi-onius:
2221 3179 2388 3211 Fortasse

1437 3229 1508 3255 tum
1531 3234 1601 3255 non
1623 3222 1758 3254 videbat
1780 3220 1900 3252 Gallia
1917 3223 2042 3253 mullos
2066 3230 2137 3252 esee
2161 3223 2198 3252 in
2220 3221 2299 3251 sinu
2311 3229 2386 3257 suo.

1437 3267 1495 3306 qui
1517 3268 1597 3296 dum
1618 3262 1864 3305 gloriabantur
1886 3272 1920 3294 se
1936 3263 2023 3303 jura
2046 3271 2109 3293 sua
2133 3262 2274 3293 reddere
2307 3263 2387 3303 phi-

1438 3309 1627 3347 losophiae,
1653 3311 1829 3345 (uniquam
1851 3304 1969 3344 suriae
1991 3305 2038 3337 ad
2057 3303 2163 3343 sunus
2180 3301 2389 3344 reipublicae

1435 3349 1679 3382 convolabant.
