2500 3841
865 223 1266 264 BL'nELLUs

113 300 262 339 Omitto
284 298 333 336 de
356 295 646 336 recentioribus
668 295 909 335 Burcliardis
923 297 1028 336 ‹lice—

61 375 120 413 re,
143 366 189 401 ut
208 361 258 399 de
284 359 414 399 Ulrico
435 357 674 397 Burcliardo
696 359 880 409 Episcopi
910 361 1027 398 Bam-

57 426 168 475 berg.
191 422 377 475 Wigandi
403 433 424 461 a
447 421 715 461 Concionibus
730 421 889 468 aulicis,
907 420 1025 471 cujus

58 487 320 538 dialogismus
358 484 408 525 de
436 484 515 523 fide
539 484 561 506 ἦ
584 484 690 522 inter
729 483 948 535 Didymum
985 489 1026 523 et

55 550 274 591 Credulum
297 547 443 599 prodiit
464 546 510 585 Α.
538 546 667 594 4534,
690 546 725 584 4.

108 608 915 656 LaurentiusBURELLUS,Divionensis,
932 610 1027 648 Car-

56 675 194 714 melita
215 675 320 712 circa
337 673 500 712 Annum
527 671 630 710 4494
653 674 793 710 auctor
819 670 1024 721 Heliadis,

57 739 143 777 sive
161 736 360 788 poematis
383 734 432 773 de
456 733 642 773 laudibus
660 733 770 772 Eliae
794 734 1026 784 Prophetae,

58 799 193 850 magni
233 803 279 837 ut
321 798 464 836 volunt
499 796 677 847 parentis
705 797 1025 837 Carmelitarum.

55 863 220 902 Praeter
260 860 335 899 hoc
358 860 479 899 etiam
515 869 633 909 prosa
661 860 872 909 scripsisse
901 859 1028 898 multa

54 923 228 963 traditur
247 934 270 962 a
293 921 512 961 Trithemio
550 932 636 971 cap.
659 920 748 959 897.
773 925 894 972 atque
924 921 1028 959 inter

55 985 131 1024 alia
162 984 211 1024 de
244 981 474 1023 illustribus
502 982 607 1022 Viris
644 982 713 1021 sui
736 981 910 1021 Ordinis.
934 982 1028 1032 Epi-

54 1058 222 1099 scopum
254 1046 559 1086 Cisterciensem
579 1043 698 1095 'recte
722 1049 840 1084 vocat
864 1046 903 1083 in
927 1043 1024 1083 Bibl.

51 1109 390 1149 Bibliothecarum
414 1108 614 1155 Labbeus,
635 1119 685 1146 ex
707 1118 786 1157 quo
814 1117 1024 1157 perperam

53 1171 357 1213 Cisterciensem
380 1172 510 1211 fecere
529 1169 636 1221 apud
654 1169 964 1209 Hendreichium
986 1181 1023 1220 p.

54 1235 145 1274 795.
168 1236 259 1274 Fuit
282 1235 392 1273 enim
413 1233 598 1273 Burellus
618 1233 842 1283 Episcopus
866 1233 1029 1272 Cistar1-

58 1298 194 1335 censis
217 1298 304 1335 sive
320 1296 599 1335 Sistaricensis
619 1295 659 1333 in
674 1294 800 1333 Gallia
821 1295 830 1343 (
846 1294 1030 1345 Segeste-

60 1361 188 1397 ricum
218 1359 306 1397 sive
340 1358 711 1409 Segestericensem
748 1358 869 1395 etiam
898 1356 1032 1407 appel-

53 1421 155 1469 lant,
175 1420 298 1471 vulgo
316 1419 514 1469 Sisteron)
539 1420 590 1458 ab
613 1418 731 1458 Anno
762 1418 865 1457 4499
896 1429 1026 1467 usque

50 1483 100 1523 ad
119 1482 284 1523 Annum
304 1483 408 1522 1504
433 1494 512 1533 quo
532 1482 639 1521 diem
657 1481 752 1520 obiit
775 1491 1024 1531 supremum.

50 1546 149 1585 Vide
173 1545 534 1585 Samarthanorum
557 1544 726 1584 Galliam
751 1543 1023 1583 Christianam

49 1613 144 1647 tom.
169 1609 222 1647 Ill
236 1607 422 1647 editionis
442 1608 593 1658 primae
610 1618 696 1657 pag.
716 1605 819 1645 4034
844 1609 885 1644 et
903 1606 1023 1643 Joan-

47 1683 140 1710 nem
164 1670 406 1710 Columbum
426 1669 475 1707 de
500 1670 626 1720 gestis
646 1669 936 1719 Episcoporum
961 1669 1021 1707 Si-

53 1734 337 1773 staricensium
358 1731 456 1770 libro
480 1732 516 1770 3.
542 1731 669 1781 Lugd.
697 1731 799 1770 4668
821 1731 884 1769 fol.
920 1778 922 1780 Ι

103 1793 319 1847 Dionysius
339 1793 387 1833 (le
406 1792 576 1833 BURGO
593 1794 632 1832 S.
646 1793 1023 1845 Sepulclu·i,Augu-

51 1859 252 1897 stinianus
266 1859 371 1896 circa
390 1856 465 1895 An.
487 1856 588 1895 4380
613 1857 680 1906 qui
697 1854 832 1905 judice
857 1861 1019 1895 auctore

49 1921 238 1959 Chronici
260 1920 462 1958 Comitum
488 1918 883 1969 Oldenburgensium
913 1919 1019 1970 apud

54 1983 309 2023 Meibomium
344 1986 440 2020 tom.
479 1982 513 2019 II
547 1993 584 2032 p.
610 1981 700 2020 464.
736 1980 783 2019 In
805 1980 914 2019 omni
932 1984 1022 2020 arte

48 2043 206 2084 dicendi
220 2043 303 2097 fuit
319 2042 660 2096 perdoctissimus.
695 2044 856 2092 Poecas,
887 2043 1020 2082 Histo-

46 2106 285 2158 rioqraplios
293 2137 304 2156 ,
321 2105 513 2144 Oratores
533 2108 571 2144 et
584 2104 837 2158 Philosophos
850 2105 1018 2157 (lenique

46 2169 258 2209 universos
282 2167 492 2218 exaravit,
509 2167 554 2191 *³*
568 2167 676 2220 quod
689 2167 759 2208 sui
773 2168 1021 2209 Commenta-

45 2231 119 2282 rii,
139 2243 236 2283 quos
259 2242 383 2283 super
404 2231 608 2271 ValerIum
631 2233 850 2270 Maximum
863 2263 875 2281 ‚
896 2243 1021 2284 super

47 2293 198 2333 librum
211 2293 595 2345 Metamorphoseos,
612 2305 737 2345 super
751 2295 923 2334 Maronis
933 2307 1020 2346 ope-

47 2355 185 2405 ribus,
209 2367 332 2409 super
352 2355 569 2407 traqoediis
594 2356 787 2405 Senecae,
816 2368 1020 2409 superque

47 2418 267 2458 Rhetoricis
282 2422 321 2458 et
342 2418 602 2457 Politicorum
625 2418 888 2469 (Aristotelis)
905 2419 1021 2458 libris

50 2479 281 2532 composuit,
313 2483 496 2519 testatur.
520 2480 596 2519 Hic
618 2480 783 2533 fabulas
807 2493 940 2520 omnes
968 2481 1022 2520 ad

50 2546 131 2581 tam
147 2540 452 2594 praecellentem
473 2541 756 2593 tropoloqicum
775 2554 937 2582 sensum
957 2555 1022 2582 re-

1 2615 4 2618 ·
52 2603 191 2652 duaeit,
210 2602 311 2642 nihil
315 2602 558 2654 jucundius,
580 2603 681 2643 nihil
700 2603 866 2656 denique
883 2604 1023 2645 utilius

48 2665 183 2718 possit
202 2663 374 2717 adferri.

107 2728 279 2766 Joannes
315 2726 364 2766 cle
397 2727 567 2766 BURGO
599 2728 686 2766 sive
713 2729 1020 2777 BURGENSIS,

6 2789 322 2835 'Cancellarius
359 2790 644 2829 Universitatis
676 2789 1022 2841 Cantabriqiensis

50 2855 156 2893 circa
187 2851 352 2891 Annum
391 2852 493 2891 4380
531 2852 716 2903 exemplo
748 2853 935 2892 Guilelmi
972 2853 1022 2893 de

54 2915 218 2966 Pagula,
243 2915 312 2965 qui
332 2915 461 2953 simile
485 2925 586 2966 opus
601 2925 738 2962 suurn,
762 2915 934 2954 Oculum
953 2916 1021 2954 Sa-

51 2977 224 3017 cerdotis
242 2976 694 3028 inscripserat,condidit
705 2974 904 3027 pupillam
916 2977 1023 3016 oculi

51 3038 101 3078 de
130 3040 401 3078 Sacramentis
422 3044 463 3078 et
486 3039 878 3086 Sacramentalibus,
910 3039 1019 3078 libris

52 3101 211 3152 decem,
226 3113 327 3153 opus
346 3101 515 3153 grande,
540 3101 646 3152 quod
667 3101 849 3152 perinde,
869 3105 914 3139 ut
933 3100 1021 3151 ejus

54 3165 274 3218 epitomein
291 3164 586 3215 variisAngliae
602 3163 856 3203 Bibliothecis
870 3164 1023 3203 MStum

114 3315 125 3327 ·
146 3315 380 3355 Unschulbiqe
395 3316 630 3347 Rarhrivnwn
646 3319 740 3347 Αυηο
762 3315 840 3348 1705
861 3323 936 3357 pag.
956 3314 1027 3348 811.

117 3364 142 3377 '⁹
161 3366 287 3397 Forsan
306 3366 368 3406 leg.
394 3367 617 3407 explanavit.

1989 225 2064 263 281

1099 301 1245 336 exstat.
1273 296 1368 335 Vide
1391 294 1595 335 Oudinum
1619 300 1727 333 tomo
1751 295 1803 333 111
1828 306 1914 346 pag.
1949 297 1965 334 4
1978 297 2065 335 486.

1099 361 1256 400 Pitseus
1279 372 1365 411 pag.
1393 360 1469 398 543
1489 360 1612 398 etiam
1635 357 1788 397 editum
1813 359 1969 397 notavit
1996 359 2067 397 Pa-

1097 424 1201 462 risiis
1223 424 1346 474 4540,
1367 423 1470 462 4548
1494 426 1534 460 et
1555 421 1810 471 Argentorati
1826 421 1928 460 4540
1947 421 2063 460 4548,

1098 485 1209 525 Idem
1240 485 1363 535 hujus
1384 485 1605 534 Burgensis
1629 480 1778 521 librum
1807 481 2063 521 homiliarum

1096 547 1150 587 ad
1170 547 1362 599 populum
1393 550 1602 586 memorat.

1150 611 1322 649 Joannes
1345 608 1392 648 de
1417 608 1588 648 BURGO
1605 637 1614 653 ,
1651 607 1869 646 Monachus
1901 607 2063 646 Clunia-

1099 675 1233 712 censis
1248 677 1370 722 atque
1383 670 1519 710 Abbas
1534 671 1571 708 in
1581 668 1723 719 Anglia
1734 668 2065 720 Petroburqensis

1099 737 1201 774 circa
1225 735 1388 774 Annum
1418 734 1535 772 4390.
1559 733 1627 782 qui
1651 736 1754 770 teste
1779 732 1918 771 eodem
1934 733 2064 771 Pitseo

1099 809 1187 849 pag.
1220 797 1297 835 448
1333 799 1492 846 praeter
1514 796 1751 834 Sermonum
1779 794 1991 833 variorum
2020 792 2066 832 li-

1103 858 1221 898 brum
1239 859 1400 909 scripsit
1422 855 1598 895 Annales
1619 855 1858 907 Anqlorum‚
1884 857 1956 895 hoc
1980 862 2063 904 est,

1102 920 1325 961 Chronicon
1347 918 1663 970 Petroburssense
1682 919 1731 957 ab
1755 918 1870 957 Anno
1887 919 1963 958 654
1987 932 2065 969 quo

1099 990 1279 1034 tempore
1302 983 1587 1022 Monasterium
1611 981 1660 1020 de
1680 983 1811 1031 Burgo
1839 981 1881 1019 S.
1912 982 2016 1019 Petri
2045 993 2067 1020 a

1098 1047 1225 1086 Peada
1257 1047 1363 1097 Rege
1385 1046 1621 1084 Merciorum
1647 1043 1859 1082 fundatum
1880 1047 1993 1092 erat,
2018 1043 2068 1081 ad

1100 1109 1263 1148 Annum
1284 1108 1385 1147 4368
1405 1107 1483 1146 MS.
1502 1108 1541 1144 in
1562 1105 1804 1145 Bibliotheca
1818 1105 2067 1145 Cottoniana.

1099 1172 1197 1210 Vide
1221 1170 1427 1210 oudinum
1449 1174 1547 1208 tom.
1571 1170 1622 1208 Ill
1648 1179 1735 1219 pag,
1762 1168 1877 1207 4088.

1157 1234 1358 1274 ³“Cuinam
1388 1233 1530 1272 Joanni
1554 1232 1747 1283 Burgensi
1774 1231 1948 1270 tribuam
1974 1242 2070 1281 opu-

1103 1296 1262 1335 sculum
1303 1297 1558 1346 inscriptum:
1587 1294 1634 1332 (le
1662 1292 1860 1333 varietate
1891 1295 2071 1331 astrono-

1102 1358 1364 1405 miae,haereo
1381 1358 1900 1408 ambiguus.Fragmentum
1918 1354 2070 1393 eiusaf—

1101 1421 1177 1459 fert
1192 1422 1249 1459 Jo.
1267 1423 1414 1460 Marius
1429 1420 1548 1471 Belga
1569 1421 1606 1457 in
1629 1417 1759 1458 libello
1774 1417 1822 1456 de
1840 1417 2070 1456 schismatis

1100 1488 1140 1522 et
1170 1483 1368 1523 concilior.
1400 1483 1634 1522 differentiis
1669 1492 1754 1531 cap.
1784 1481 1869 1519 XV.
1895 1480 2069 1518 viderint

1099 1547 1270 1585 lectores
1293 1545 1452 1585 eruditi.

1148 1608 1323 1647 Joannes
1337 1607 1634 1647 BURGENSIS.
1656 1605 1774 1654 infra,
1788 1605 2067 1643 BURIENSIS.

1147 1672 1204 1710 De
1230 1670 1355 1709 Paulo
1378 1670 1629 1710 BURGENSI
1664 1668 1713 1707 ab
1751 1667 1865 1706 Anno
1895 1667 1995 1705 4445
2026 1668 2063 1703 in

1093 1734 1282 1785 Hispania
1320 1734 1538 1784 Episcopo,
1559 1744 1609 1770 ex
1632 1730 1784 1769 Judaeo
1820 1729 2064 1768 ludaeorum

1093 1801 1367 1847 oppugnatore
1384 1826 1393 1846 ,
1424 1795 1550 1844 infra,
1572 1793 1783 1832 PAULUS.

1145 1859 1319 1897 Joannes
1359 1857 1680 1905 BURGUNDIO,
1723 1856 1809 1894 sive
1838 1854 2063 1893 BURGUN-

1091 1922 1223 1970 DIUS,
1249 1921 1548 1960 Juriconsultus
1569 1924 1610 1957 et
1637 1917 1767 1957 Judex
1798 1918 1981 1964 Pisanus,
2012 1915 2061 1953 de

1093 1995 1171 2035 quo
1187 1982 1306 2034 juvat
1329 1982 1555 2021 adscribere
1580 1981 1677 2020 haec
1696 1979 1862 2031 pulchre
1885 1982 2020 2017 notata
2039 1990 2061 2015 a

1091 2046 1304 2085 Laurentio
1323 2046 1505 2096 Pignorio
1528 2044 1707 2095 Epistola
1728 2044 1839 2081 XXX
1853 2043 1904 2080 lX
1925 2041 1974 2080 ad
1998 2042 2063 2079 Jo-

1091 2119 1238 2146 annem
1258 2106 1504 2156 Bonifacium
1525 2118 1613 2157 pag.
1640 2107 1726 2144 459.
1753 2105 1856 2143 Huic
1880 2107 1974 2143 sunt
1994 2103 2067 2154 qui

1091 2168 1330 2209 adscribant
1349 2169 1554 2208 versiones
1578 2180 1732 2216 eorum,
1756 2179 1859 2218 quae
1894 2166 1934 2204 in
1965 2168 2067 2204 Pan—

1094 2231 1218 2271 (lectis
1248 2244 1393 2283 qraece
1429 2231 1634 2283 legyuntur,
1664 2231 1685 2253 *
1722 2229 1813 2268 licet
1845 2229 2067 2268 Accursius

1093 2294 1318 2346 Bulqarum
1342 2294 1598 2346 interpretem
1616 2305 1702 2333 esse
1722 2292 1838 2332 velit:
1855 2304 1980 2343 porro
2005 2291 2068 2330 liic

1092 2362 1226 2397 noster
1242 2362 1333 2396 tunc
1349 2357 1534 2409 temporis
1553 2357 1734 2395 Graecae
1750 2355 1907 2405 linquae
1917 2354 2068 2406 peritia

1094 2419 1297 2458 inclaruit.
1322 2419 1376 2457 Et
1396 2418 1559 2457 memini
1587 2430 1648 2456 me
1679 2417 1814 2456 videre
1834 2416 1926 2454 olim
1955 2415 2066 2466 apurl

1094 2481 1398 2521 Nobilissimum
1443 2480 1600 2528 Virum,
1643 2483 1681 2518 et
1720 2478 1772 2517 ab
1809 2478 2058 2516 Ermlitionis

1097 2543 1213 2583 laude
1234 2542 1508 2582 clarissimum
1526 2543 1718 2580 Joannem
1741 2540 1982 2579 Vincentium
2003 2540 2068 2577 Pi-

1097 2605 1267 2654 nellum,
1307 2604 1490 2644 Codicem
1523 2602 1787 2654 manuscript.
1827 2601 1897 2640 hoc
1941 2599 2066 2639 titula

1097 2669 1240 2719 Incipit
1259 2666 1356 2705 liber
1375 2666 1602 2704 vindemiae
1622 2676 1643 2703 a
1663 2664 1822 2702 domino
1839 2662 2067 2713 Burgundio

1097 2732 1256 2776 Pisano,
1282 2728 1331 2766 de
1367 2728 1518 2766 Graeco
1554 2728 1593 2764 in
1631 2727 1800 2764 latinum
1831 2725 2066 2763 translatus.

1097 2803 1200 2843 quae
1222 2793 1338 2828 erant
1361 2790 1511 2839 aliquot
1526 2789 1696 2827 Schedia
1711 2788 1976 2837 Geoponicon.
2004 2787 2068 2824 In-

1096 2853 1191 2892 cidit
1213 2852 1332 2891 etiam
1358 2851 1397 2889 in
1420 2862 1563 2890 manus
1578 2862 1687 2889 meas
1704 2849 1838 2889 versio
1863 2847 1986 2886 libelli
2000 2860 2065 2886 ne*

1095 2915 1176 2956 scio
1200 2915 1334 2966 cujus,
1362 2912 1550 2963 Greqorii
1573 2912 1751 2963 Xysseni,
1775 2911 1829 2949 ila
1852 2910 2065 2962 inscripta;

1181 2975 1302 3016 Liber
1326 2977 1368 3014 B.
1401 2975 1589 3026 Greqorii
1609 2974 1780 3026 Nysseni
1800 2974 1843 2995 Ἠ
1872 2972 2019 3022 incipit.

1093 3040 1336 3078 Dominatori
1358 3037 1554 3076 Friderico
1580 3037 1844 3075 invictissimo
1874 3037 2067 3073 Romano-

1096 3113 1186 3140 rum
1208 3101 1465 3151 Imperatori,
1491 3104 1531 3139 et
1555 3100 1713 3139 Caesari
1740 3110 1900 3149 semper
1933 3097 2067 3147 Augu-

1157 3217 1169 3231 ⁸
1187 3220 1292 3256 Supra
1309 3226 1382 3257 pag.
1402 3217 1476 3248 -275,

1155 3267 1187 3280 '⁶
1206 3268 1358 3307 intellige
1372 3267 1531 3298 Ncmesii
1544 3266 1584 3298 de
1601 3272 1720 3297 natura
1741 3266 1906 3303 hominis,
1925 3268 2071 3304 Nysseno

1093 3322 1224 3356 praeli-r
1247 3325 1316 3348 rein
1340 3317 1504 3349 tributum
1523 3325 1618 3357 opus.
1639 3316 1719 3349 Vide
1742 3321 1768 3348 t.
1791 3318 1844 3347 vn
1867 3315 1949 3348 Bibl.
1969 3318 2073 3347 Grae·

1095 3374 1152 3398 cae
1171 3375 1202 3407 p.
1222 3366 1295 3399 450.

1681 3436 1729 3472 36
