2500 3841
808 197 1352 239 EUTYCHIANUS

94 265 189 305 libri
205 262 280 304 cluo
302 265 348 304 cle
371 264 640 305 discernendis
671 266 1012 318 co7zy‘u9atz'onz'bus
1032 299 1040 318 ‚

93 329 187 368 editi
211 340 303 368 cum
333 328 521 366 Victorini
551 334 590 366 et
616 331 742 368 Servii
769 331 1007 380 quibusdam
1028 363 1039 380 7

94 403 116 430 a
140 391 343 430 Joaehimo
363 390 588 429 Camerario
612 392 777 443 Tubing.
801 392 915 441 4537,
942 394 978 432 4.
1002 398 1042 431 et

93 453 326 502 integriores
360 452 398 488 in
423 452 702 492 Grammaticis
725 455 834 492 Eliae
867 454 1039 493 Putschii

92 515 243 553 Hanov.
261 514 376 561 4605,
404 513 438 550 4.
463 525 549 564 pag.
573 515 814 554 2443-2494.
841 516 1040 555 SEDULII

95 576 230 614 nescio
253 573 370 624 cujus
394 578 726 616 commentarium
756 579 794 615 in
824 577 896 616 hos
924 578 1043 616 libros

96 641 256 677 exstare
278 638 356 676 MS.
381 639 418 675 in
443 638 683 677 Bibliotheca
712 640 908 690 Tigurina,
943 640 1044 679 Sim-

93 700 204 739 lerus
234 701 466 748 annotavit,
492 702 558 751 qui
593 702 713 739 etiam
751 702 926 741 libellum
957 701 1045 751 ejus

91 761 137 800 de
177 765 265 800 arte
300 761 558 813 versificandi
584 768 801 813 memorat,
834 764 969 803 dubito
993 775 1042 803 an

93 825 224 865 adhuc
247 825 412 864 editum.

142 887 504 927 EUTYCHIANUS
518 889 713 928 Lunensis
729 901 750 928 e
767 891 930 938 Tuscia,
951 891 1044 940 Epi-

96 962 241 1001 scopus
284 952 484 990 Romanus
522 951 570 989 ab
605 951 678 990 An.
715 952 805 991 275.
830 953 915 990 Jan.
943 953 977 990 4.
1002 957 1042 990 et

88 1014 238 1063 Martyr
260 1012 335 1052 An.
373 1013 463 1052 283.
502 1014 732 1052 Decembris
764 1012 799 1051 7.
841 1012 1041 1065 Epistolae

88 1073 192 1113 duae
214 1075 263 1114 ab
287 1075 435 1114 Isidoro
456 1077 671 1115 Mercatore
696 1078 923 1127 suppositae
945 1080 1040 1115 sunt

87 1147 167 1175 una
189 1136 237 1175 ad
261 1135 477 1175 Johamzem
497 1142 537 1176 et
557 1139 892 1188 constitutos‘per
910 1137 1039 1176 Baeti-

88 1209 178 1236 cam
200 1198 417 1249 Episeopos
441 1211 448 1236 :
489 1199 613 1238 altera
648 1199 696 1238 ad
724 1201 939 1251 Episcopos
970 1211 1040 1250 per

88 1260 274 1299 Siciliam.
301 1260 521 1310 Utramque
545 1261 707 1300 exhibet
742 1267 861 1312 atque
892 1262 1039 1301 additis

89 1322 195 1360 notis
241 1323 446 1361 convincit
489 1323 674 1362 falsitatis
719 1324 949 1363 Blondellus
998 1326 1038 1362 in

89 1383 410 1423 Pseudo—Isidoro
434 1396 520 1436 pag.
546 1386 622 1424 365
642 1417 650 1435 ‚
681 1398 763 1437 seq.
786 1388 840 1425 De
855 1386 1039 1455 Pecretis

87 1445 296 1485 duodecim
326 1458 428 1497 quae
457 1446 506 1485 ad
538 1447 647 1487 hunc
681 1448 910 1486 Pontificem
940 1449 1040 1486 rese-

90 1513 247 1558 runtur,
271 1513 456 1548 accurate
480 1509 658 1560 disputat
680 1511 823 1549 Petrus
843 1510 1041 1549 Coustant

89 1571 128 1608 in
152 1571 344 1622 Epistolis
366 1571 601 1610 Pontificum
627 1583 713 1623 pag.
736 1573 812 1611 299
831 1602 839 1620 ,
861 1584 945 1624 seq.

141 1632 501 1673 EUTYCHIANUS
552 1633 775 1674 Adanensz's
819 1637 857 1674 in
903 1636 1038 1675 Cicilia

86 1694 266 1735 Clericus
280 1696 384 1734 circa
405 1696 568 1735 Annum
585 1698 674 1735 538.
695 1698 845 1736 Graece
867 1709 942 1736 non
965 1700 1037 1736 La-

88 1758 169 1796 tine
194 1759 353 1808 scripsit
375 1757 596 1796 Historiam
611 1759 873 1809 poenilentz'ae
892 1762 929 1797 et
950 1771 1039 1798 con-

86 1818 282 1858 versionis
305 1820 344 1858 S.
384 1819 590 1871 Theophili,
612 1821 689 1859 MS.
727 1822 765 1859 in
797 1821 1038 1860 Bibliotheca

85 1882 291 1920 Caesarea.
322 1882 419 1920 Vide
450 1883 704 1922 Lambecium
742 1887 837 1921 tom.
878 1884 912 1921 8.
949 1895 1035 1934 pag.

87 1943 153 1983 75.
177 1942 255 1982 Sed
278 1948 396 1982 vetus
423 1945 559 1982 Latina
583 1946 714 1982 versio
737 1950 897 1983 auctore
922 1946 1038 1984 PAU—

84 2005 172 2056 LO,
202 2006 372 2044 Diacono
407 2006 646 2056 Neapoleos,
680 2011 813 2046 exstat
848 2008 886 2044 in
921 2007 1032 2046 Actis

84 2069 321 2107 Sanctorum
346 2072 439 2106 tom.
467 2070 502 2107 4.
527 2068 726 2107 Februarii
750 2070 813 2107 IV.
837 2081 923 2120 pag.
961 2071 1036 2108 483

83 2141 176 2169 nam
190 2131 460 2181 Lipomannus
480 2141 600 2180 quam
624 2130 788 2169 dederat
813 2137 852 2170 et
877 2132 1037 2177 Surius‚

85 2192 363 2231 tantummodo
387 2193 650 2231 recentiorem
687 2194 924 2232 narrationis
953 2194 1038 2245 eju-

83 2254 194 2293 sdem
224 2255 450 2306 argumenti
480 2256 850 2305 interpretationem
892 2257 1035 2306 offert,

86 2327 320 2369 expressam
340 2328 390 2356 ex
415 2318 576 2356 Simone
598 2318 879 2368 Metaphraste.

140 2378 363 2431 Stephanus
386 2381 643 2420 EXNOTTIS
667 2392 717 2418 ex
742 2380 823 2418 solo
847 2381 942 2418 mihi
968 2393 1037 2419 no-

84 2446 152 2481 tus
174 2443 374 2493 Koenigio‚
396 2444 463 2493 qui
484 2444 523 2481 in
547 2442 789 2481 Bibliotheca
818 2453 889 2481 sua
916 2454 1038 2481 anno-

84 2508 143 2543 tat
167 2516 258 2543 eum
280 2505 554 2556 composuisse
579 2505 723 2543 librum
738 2503 790 2542 ‘cle
805 2504 1038 2543 remissione

85 2578 111 2604 a
140 2577 272 2617 poena
309 2570 348 2605 et
379 2565 498 2619 culpa
540 2567 692 2606 editnm
729 2567 932 2606 Mediolani
958 2567 1039 2605 An-

85 2642 136 2669 no
162 2631 280 2670 4500.

142 2692 200 2731 De
231 2690 746 2732 JulioEXSUPERANTIO
775 2691 940 2741 aliisque
967 2692 1037 2729 hoc

86 2755 247 2794 nomine
271 2754 353 2793 dixi
376 2756 415 2793 in
441 2754 684 2793 Bibliotheca
711 2754 847 2791 Latina
871 2755 918 2792 lV
941 2783 948 2801 ,
978 2755 1013 2791 4.

138 2815 460 2857 EXSUPERIUS
481 2817 649 2863 Rhetor‚
666 2815 714 2853 de
732 2827 809 2865 quo
824 2815 1037 2864 Ausonius,

90 2879 139 2918 ab
158 2878 449 2918 EXSUPERlO
472 2879 666 2928 Episcopo
690 2878 877 2915 Toletano
900 2878 1039 2916 distin—

86 2940 284 2992 guenduS.
313 2940 410 2979 Vide
450 2942 610 2990 Pagium
640 2938 687 2977 ad
731 2939 892 2978 Annum
938 2941 1035 2990 405,

86 3015 194 3043 num.
221 3003 282 3042 48.

136 3065 347 3105 ΕΧΤΟΙ)11
374 3064 569 3103 Chronico
601 3075 717 3101 osuin
756 3076 798 3101 se
829 3066 1035 3114 prolitrtur

81 3129 275 3168 Martinus
309 3127 489 3166 l‘olonus.
521 3125 760 3163 Thr-odorico
790 3126 1033 3176 lingelliusio

83 3190 188 3229 idem
209 3194 272 3229 est
288 3189 547 3237 ESTODIUS7
566 3188 630 3225 nbi
651 3187 699 3225 (le
721 3188 862 3234 l'haleg
882 3190 1032 3226 etJano

83 3252 253 3291 disserit.
276 3252 379 3291 Sunt
403 3252 467 3301 qui
490 3251 628 3298 legunt
648 3250 959 3298 METnOniUM,
983 3251 1030 3289 de

86 3324 164 3364 quo
191 3313 321 3353 adhuc
347 3312 616 3364 ampliandum
645 3317 792 3362 putem.

1986 195 2062 234 541

1166 269 1352 310 filbertus
1380 268 1431 308 ab
1465 270 1566 309 EYB
1586 301 1597 317 ,
1624 279 1745 320 supra
1775 271 1867 306 tom.
1904 269 1938 307 4.
1977 278 2064 318 pag.

1117 334 1192 379 39,
1217 332 1490 372 ALBERTUS.

1169 391 1357 431 Nz'colaus
1379 390 1673 431 EYMERICUS
1693 389 1970 428 Gerundensis
1994 389 2067 428 Ca-

1117 455 1274 494 talanus
1292 485 1300 503 ,
1319 454 1478 493 Ordinis
1499 452 1833 501 Praedicatorum‚
1858 453 1894 489 in
1920 451 2068 502 Arago-

1117 529 1212 556 num
1238 528 1358 568 regno
1383 518 1597 567 inquisitor
1620 514 1828 553 Generalis
1850 525 1920 564 per
1939 523 2065 551 annos

1117 584 1286 629 quatuor
1309 585 1349 617 et
1372 578 1647 629 quadraginta,
1672 570 1890 616 defunctus
1913 575 2068 614 Gerunae

1117 641 1189 680 dae
1217 641 1294 680 An.
1315 642 1431 680 4399.
1456 640 1504 678 de
1530 652 1607 690 quo
1632 644 1787 690 praeter
1817 638 2064 676 Altamuram

1118 715 1204 754 pag.
1242 704 1318 742 442
1337 734 1347 752 ‚
1388 715 1472 753 seq.
1501 708 1540 741 et
1570 703 1770 742 Oudinum
1796 706 1890 740 tom.
1916 701 1950 739 3.
1977 712 2064 752 pag.

1119 765 1220 804 4024
1244 764 1514 803 consulendus
1540 765 1720 814 inprimis
1743 763 1913 802 Jacobus
1932 762 2069 808 Quetif

1117 827 1156 864 in
1176 826 1416 864 Bibliotheca
1440 827 1784 864 Dominicanorum
1812 829 1906 862 tom.
1927 827 1959 863 4.
1979 835 2063 875 pag.

1116 888 1206 934 709,
1229 899 1314 937 seq.
1330 892 1369 926 et
1389 888 1574 927 Nicolaus
1590 888 1788 926 Antonius
1802 887 2066 925 Bibliothecae

1115 951 1265 987 veteris
1285 950 1481 1000 Hispanae
1506 948 1611 998 lX,7
1629 954 1724 987 tom.
1749 949 1784 987 2.
1802 961 1888 999 pag.
1907 949 1982 988 424
2004 960 2062 998 sq.

1168 1012 1470 1063 Quamplurima
1495 1013 1680 1062 scripsit,
1704 1024 1753 1050 ex
1772 1011 1918 1062 quibus
1940 1012 2065 1061 primo

1116 1075 1199 1114 loco
1237 1076 1446 1114 memorari
1484 1074 1602 1113 debet
1638 1075 1902 1125 compositum
1944 1073 1992 1111 ab
2020 1084 2065 1110 eo

1113 1137 1188 1176 An.
1215 1136 1329 1177 4376.
1350 1136 1555 1176 Avenione
1573 1165 1581 1185 ,
1606 1135 1875 1174 Dz'rectorz‘um
1896 1134 2066 1186 Inquisi-

1115 1203 1244 1238 torum
1285 1198 1507 1238 haereticae
1541 1198 1768 1251 pravitatis,
1798 1197 1902 1248 quod
1935 1199 2066 1237 Barci—

1115 1261 1215 1301 none
1238 1263 1352 1312 4503,
1379 1262 1440 1300 fol.
1466 1262 1648 1312 vulgavit
1671 1261 1894 1300 Guilelmus
1919 1260 1967 1299 de
1993 1261 2066 1299 Ca—

1114 1325 1244 1372 selles,
1288 1325 1504 1374 Inquisitor
1543 1325 1581 1361 in
1616 1335 1735 1373 regno
1764 1322 2062 1373 Majoricarum,

1113 1389 1198 1425 sive
1221 1388 1362 1426 insulis
1385 1387 1626 1426 Balearibus.
1646 1386 1742 1425 Vide
1765 1386 1935 1425 eundem
1961 1386 2064 1432 Que—

1113 1450 1227 1488 tifum
1252 1454 1348 1487 tom.
1372 1450 1408 1487 2.
1444 1461 1530 1500 pag.
1563 1451 1599 1486 9.
1627 1450 1774 1488 Deinde
1800 1449 1943 1500 prodiit
1967 1461 2059 1487 Cum

1113 1513 1397 1552 commentario
1429 1513 1627 1550 Francisci
1653 1514 1806 1563 Pegnae
1822 1543 1832 1559 ,
1855 1513 1939 1550 sive
1965 1513 2063 1550 Pen-

1113 1587 1186 1613 nae
1209 1604 1216 1623 ,
1241 1576 1402 1626 Hispani
1425 1606 1432 1623 ⁷
1456 1576 1534 1624 (qui
1558 1576 1742 1613 Decanus
1772 1575 1891 1612 Rotae
1921 1575 2063 1612 Roma-

1113 1649 1186 1676 nae
1215 1637 1318 1676 diem
1345 1638 1439 1676 obiit
1468 1637 1543 1675 An.
1569 1637 1696 1683 4642.)
1722 1640 1762 1675 et
1782 1637 1871 1687 plus
1892 1637 2059 1687 simplici

1113 1702 1212 1749 vice,
1233 1701 1452 1751 praemissa
1470 1700 1671 1749 Eymerici
1690 1700 1772 1737 vita
1796 1710 1982 1738 recusum
2000 1703 2062 1737 est

1112 1764 1257 1801 Romae
1281 1762 1409 1811 45787
1435 1762 1547 1800 4587.
1572 1762 1750 1801 Venetiis
1776 1762 1872 1800 4594
1899 1791 1906 1810 ‚
1935 1761 2059 1810 4607,

1114 1826 1176 1863 fol.

1168 1886 1254 1925 Vita
1278 1887 1320 1924 F.
1347 1884 1539 1924 Dalmaci'z'
1558 1887 1694 1925 Moner
1723 1887 1881 1925 Ordinis
1905 1886 2059 1925 Praedi-

1112 1957 1303 1996 catorum,
1338 1950 1398 1987 sui
1426 1949 1518 1987 olim
1553 1951 1589 1986 in
1629 1950 1822 1999 tyrocinio
1860 1949 2058 1999 religionis

1111 2014 1297 2063 Magistri,
1322 2011 1498 2050 defuncti
1521 2011 1594 2050 An.
1619 2013 1713 2050 4344
1744 2011 1848 2050 edita
1876 2013 1914 2049 in
1939 2013 2058 2049 Fran-

1112 2075 1207 2112 cisci
1238 2075 1346 2124 Diagi
1383 2074 1544 2112 historia
1579 2075 1807 2112 Provinciae
1842 2073 2060 2124 Aragoniae

1114 2147 1200 2186 pag.
1227 2136 1418 2176 259-265.
1444 2137 1663 2175 Barcinone
1690 2137 1816 2183 45997
1840 2137 1902 2174 fol.

1164 2196 1374 2237 Adversus
1395 2197 1688 2237 haereti'caliter
1704 2201 1928 2236 asserentes
1944 2198 1983 2236 S.
2005 2198 2069 2235 Jo-

1112 2258 1280 2298 hannem
1302 2261 1338 2298 E
1340 2260 1615 2312 wart-qeli‘stahz,
1635 2259 1766 2311 filium
1781 2259 2006 2299 naturalem
2023 2261 2066 2298 B.

1112 2323 1286 2371 Mariae,
1311 2328 1507 2363 tractatus
1528 2324 1706 2374 scriptus
1727 2322 1802 2361 An.
1826 2323 1928 2362 4395
1953 2323 2000 2361 ad
2025 2324 2066 2360 F.

1112 2388 1298 2425 Bonitum
1314 2387 1454 2435 Litelli,
1473 2387 1753 2436 Inquisitorem
1776 2387 2067 2424 Carcassonen-

1114 2460 1211 2487 sem.
1231 2450 1353 2487 Error
1378 2450 1462 2497 suit,
1486 2453 1529 2487 ut
1553 2448 1678 2500 ajunt⁷
1703 2447 1861 2486 Nicolai
1882 2447 2063 2486 BONETl

1113 2510 1322 2560 cujusdam
1349 2516 1390 2549 et
1414 2510 1626 2548 Francisci
1645 2510 1836 2549 MAROGl
1861 2511 1893 2557 a)
1920 2511 2062 2548 factam

1113 2573 1235 2611 fuisse
1274 2573 1763 2611 transsubstantiationem
1807 2574 1982 2623 corporis
2023 2573 2062 2611 S.

1114 2635 1305 2674 Johannis
1337 2637 1373 2672 in
1405 2646 1550 2684 corpus
1579 2635 1731 2673 Cllristi
1753 2646 1823 2685 per
1849 2635 1911 2672 illa
1941 2634 2061 2673 verba

1111 2699 1198 2736 Joh.
1224 2699 1317 2736 XIX
1338 2729 1345 2746 ,
1367 2698 1429 2736 26.
1456 2697 1555 2734 Eece
1576 2696 1702 2734 Filius
1728 2699 1819 2734 tuus
1838 2710 1843 2734 :
1866 2696 2062 2735 adversus

1113 2773 1231 2811 quem
1251 2792 1259 2808 ⁷
1286 2761 1423 2811 Belgas
1448 2759 1548 2799 duos
1573 2760 1780 2808 scripsisse
1796 2790 1806 2807 ‚
1827 2760 2060 2798 JOANNEM

1112 2824 1157 2862 (lc
1178 2825 1324 2862 Ecoute
1348 2829 1387 2861 et
1410 2822 1641 2861 JOAMN‘EM
1670 2821 1883 2859 Ti'tzctorem
1905 2851 1912 2866 .
1937 2823 1972 2859 in
2000 2823 2060 2859 Bi-

1112 2886 1308 2925 bliotheca
1332 2886 1486 2935 Belgica
1522 2885 1663 2923 Valerii
1688 2883 1869 2922 Andreae
1904 2885 2058 2935 legitur.

1112 2950 1223 2994 Quod
1246 2948 1486 2998 Theophilus
1507 2947 1750 2997 Raynaudus
1772 2948 1807 2984 in
1831 2958 1901 2985 suo
1915 2948 2059 2986 Johan-

1114 3024 1161 3049 ne
1186 3012 1466 3061 Evangcdista⁷
1491 3015 1639 3061 puncto
1663 3011 1708 3048 10
1732 3011 1797 3046 vix
1821 3009 1964 3047 eredit.
1986 3012 2058 3048 Bo-

1163 3177 1197 3213 a)
1224 3180 1270 3208 lta
1291 3177 1467 3216 legendum
1486 3177 1572 3217 apud
1591 3178 1759 3209 Nicolaum
1776 3180 1955 3210 Antonium
1978 3182 2059 3211 tom.

1105 3230 1135 3258 2.
1180 3227 1405 3258 Bibliothecae
1438 3229 1559 3258 veteris
1597 3229 1760 3266 Hispanae
1793 3236 1866 3267 pag.
1906 3227 1976 3260 1235.
2002 3237 2060 3268 pro

1103 3277 1498 3308 Francisci-i'ilaironis.
1518 3276 1598 3307 Vidi·
1616 3286 1714 3316 supra
1736 3280 1768 3308 in
1789 3280 1941 3309 ANBREA
1969 3280 2060 3310 Bou-

1100 3327 1181 3357 rleer
1212 3331 1292 3358 ioin.
1318 3327 1328 3357 1
1359 3335 1434 3366 pag.
1457 3326 1510 3358 87.
