2500 4009
416 277 502 305 {xxti

411 337 478 372 illo
509 336 713 370 literarum
750 330 879 365 studio
922 326 1208 372 impedimenta
1247 323 1323 360 sibi

411 401 603 436 obiiciunt
637 395 867 444 gravissima
897 394 935 427 ct
963 389 1168 436 proposito
1197 393 1329 426 tamen

410 475 527 510 scopo
549 462 732 499 excidunt
749 472 756 501 3
774 457 827 492 sic
842 465 940 503 quos
956 454 1136 497 ambitio,
1155 453 1332 489 aemula-

414 530 482 564 tio.
502 526 648 572 invidia
669 527 802 565 vexat,
821 524 887 557 aut
902 519 969 567 qui
987 519 1156 555 aliorum
1182 517 1327 553 samam

411 603 503 638 prae
534 591 658 625 livore
689 588 891 630 lacerant,
920 589 987 621 aut
1026 584 1135 631 quasi
1175 593 1328 619 summa

412 655 542 690 onmia
574 652 781 699 promeriti
810 653 938 686 essent
963 659 1030 685 sua
1058 652 1164 683 sorte
1201 647 1331 682 minus

416 718 592 755 colitemi
622 717 777 758 vivunt,
805 719 871 751 aut
912 715 969 750 ira
997 713 1168 759 denique
1205 712 1331 747 aliave

415 783 558 820 mentis
593 781 821 819 vehementi
862 779 1132 816 commotione
1174 780 1333 823 pertur-

416 848 560 882 bantur
588 843 685 891 proli
715 847 883 890 quantos
909 842 983 878 sibi
1012 840 1203 878 adliibent
1241 849 1332 875 cru-

414 912 549 955 ciatus,
577 909 720 956 quibus
763 909 918 944 animus
944 917 1011 943 sua
1040 905 1330 952 tranquillitate

416 979 566 1018 motus,
613 986 632 1010 a
682 973 837 1020 placido
885 982 1089 1008 musarum
1137 970 1338 1006 consortio

416 1044 617 1083 avocatur,
649 1049 719 1074 nee
741 1038 926 1074 exsatiari
949 1041 1082 1073 tamen
1105 1035 1338 1072 desideratis

419 1110 564 1152 potest.

464 1171 664 1208 Fabricius
691 1172 827 1205 eontra
853 1168 1008 1214 pictatis
1029 1168 1068 1202 in
1094 1167 1221 1202 Deum
1244 1166 1337 1200 vivo

418 1237 590 1272 imbutus
617 1246 753 1278 sensu,
784 1235 885 1270 bene
914 1244 1060 1278 cupere
1089 1231 1275 1268 omnibus
1304 1235 1342 1266 et

416 1302 594 1349 singulis,
614 1300 768 1348 publiea
788 1298 997 1335 commoda
1019 1306 1257 1343 promovere
1281 1304 1342 1330 se-

417 1367 528 1407 dulo,
558 1365 744 1411 privatim
783 1362 976 1398 inservire
1012 1362 1181 1408 cuique,
1219 1359 1339 1394 benc-

422 1432 534 1468 factis
561 1431 731 1466 aliorum
762 1432 800 1463 ct
827 1428 954 1473 gloria
984 1427 1196 1472 impetrata
1219 1425 1341 1460 laeta-

419 1498 469 1541 ri,
495 1506 606 1531 suam
633 1499 783 1531 sortem
812 1504 901 1531 eum
944 1497 1002 1528 tot
1046 1491 1340 1528 infelicioribus

418 1560 676 1604 contendere,
707 1560 861 1596 nullum
888 1569 929 1593 se
958 1557 1243 1593 beneficiorum
1272 1557 1338 1593 Di-

418 1626 604 1661 vinorum
627 1625 892 1670 promeritum
911 1623 1152 1666 existimare,
1177 1622 1225 1658 de
1250 1633 1341 1668 pro-

417 1691 594 1728 videntia
625 1690 770 1726 summi
814 1689 996 1726 Numinis
1025 1689 1177 1735 optima
1215 1698 1337 1733 quae-

418 1767 494 1803 que
512 1765 687 1803 sperare,
709 1755 840 1790 omnia
861 1753 1069 1789 moderate
1089 1752 1209 1789 serre.
1231 1751 1339 1788 Unde

418 1822 514 1869 qnid
545 1822 690 1857 mirum
711 1825 781 1863 cst,
803 1819 909 1866 quod
938 1819 1045 1854 nulla
1073 1816 1342 1853 sollicitudine

425 1887 656 1934 impeditus,
682 1886 810 1921 libera
842 1888 880 1920 et
904 1883 1024 1920 liilari
1050 1887 1182 1919 mente
1203 1880 1345 1917 sectari

419 1953 661 1989 suavitatem
678 1950 902 1986 studiorum
922 1948 1099 1995 potuerit
1116 1946 1342 1982 eontentIus

419 2023 457 2053 ct
485 2016 641 2053 laudem
670 2016 732 2051 vel
763 2025 840 2051 non
869 2013 1089 2061 quaesitam
1119 2011 1237 2048 simul
1283 2021 1344 2046 as-

419 2086 575 2118 secutus
600 2082 650 2117 sit
676 2079 972 2116 abundantius?

468 2146 646 2182 Vicissim
691 2142 954 2191 praedicanda
996 2146 1053 2178 est
1097 2150 1335 2187 magnopere

421 2213 490 2249 Dei
519 2210 756 2257 benignitas,
787 2218 887 2255 quae
928 2207 1041 2242 illum
1071 2214 1263 2252 prospero
1306 2207 1344 2239 et

425 2275 622 2324 aequabili
645 2275 750 2310 vitae
772 2283 887 2309 cursu
911 2272 1020 2308 nullo
1042 2271 1228 2317 graviore
1255 2279 1346 2305 casu

423 2341 604 2378 turbatae
647 2339 740 2375 sivit
779 2348 860 2374 esse
887 2347 1011 2383 usquc
1059 2336 1105 2372 ad
1150 2339 1344 2371 extrema.

423 2407 520 2443 Nam
567 2404 764 2452 gaudebat
814 2402 990 2449 primum
1037 2411 1108 2447 per
1155 2403 1340 2437 naturam

422 2470 648 2507 valetudine
677 2467 857 2515 corporis
883 2466 981 2502 adeo
1011 2465 1265 2508 inconcussa,
1302 2466 1344 2499 ut

427 2546 548 2581 prope
585 2535 688 2570 intra
713 2533 875 2579 triginta
899 2531 1003 2566 vilae
1032 2534 1251 2576 postremos
1273 2539 1344 2564 an-

426 2610 495 2635 nos
523 2609 611 2635 eum
653 2602 875 2645 aegrotasse
919 2606 996 2631 non
1039 2593 1194 2630 accidit.
1235 2592 1342 2638 Quae

428 2671 558 2700 tamen
579 2663 724 2700 sanitas
751 2666 904 2709 partem
927 2670 1036 2696 suam
1061 2659 1182 2695 traxit
1209 2669 1227 2693 a
1259 2657 1346 2704 pla-

427 2729 510 2766 cida
561 2733 715 2772 mente,
753 2739 773 2763 a
811 2725 1016 2762 moderata
1058 2723 1343 2760 exercitatione

428 2795 619 2841 corporis,
643 2793 814 2839 denique
832 2803 851 2827 a
873 2789 1164 2836 temperatione
1181 2787 1255 2823 cibi
1276 2797 1347 2833 po-

431 2866 582 2905 tusque,
616 2859 718 2894 inter
746 2857 922 2894 remedia
953 2854 1123 2892 tuendae
1150 2851 1348 2889 valetudi-

433 2926 490 2960 nis
533 2934 762 2965 numerans,
794 2921 901 2968 quod
940 2932 960 2957 a
1002 2920 1198 2956 medicina
1239 2915 1346 2952 omni

435 2990 505 3025 nisi
547 2990 586 3024 in
628 2987 776 3023 morbis
803 2986 926 3021 acutis
954 2983 1234 3020 abstinendum
1273 2981 1347 3017 sibi

435 3055 608 3090 duxerit.
638 3054 856 3097 margareta
882 3052 937 3086 10.
966 3049 1159 3088 Sclmltzii
1183 3046 1346 3085 Seliolac

437 3119 610 3154 lteetoris
639 3117 663 3153 s.
688 3127 797 3151 anno
830 3116 920 3150 1700
955 3115 994 3150 d.
1035 3114 1082 3149 ‘22
1125 3113 1272 3160 Aprilis
1312 3113 1350 3147 in

437 3182 730 3218 Matrimonium
751 3181 881 3223 dueta,
904 3189 1004 3225 quae
1026 3178 1238 3224 prudentia
1264 3188 1350 3213 mo-

440 3245 771 3292 rninq.‹=l‹·gantia
793 3248 914 3280 lolam
933 3243 1054 3278 vitam
1073 3243 1212 3280 Marito
1225 3251 1356 3278 amoe-

1311 258 1338 295 Y
1360 258 1370 294 l
1395 259 1422 295 'l'
1443 259 1471 295 λ

1424 337 1514 362 nam
1542 327 1732 373 reddidit,
1759 328 1830 364 nisi
1854 332 1983 365 morte
2004 338 2088 371 sua,
2112 338 2201 365 eum
2223 328 2340 375 paulo

1428 395 1520 428 ante
1564 392 1658 439 (scil
1686 393 1724 429 d.
1754 395 1809 430 16.
1835 393 2034 440 Ianuarii)
2061 394 2120 430 illi
2152 394 2342 432 amantis·

1431 456 1530 492 simo
1559 461 1693 503 crepta
1723 457 1858 496 fuisset
1878 471 1885 502 ;
1912 468 1959 494 cx
1982 470 2026 496 ea
2049 458 2146 495 duas
2170 459 2343 496 masculo

1429 523 1585 568 amisso,
1603 522 1774 569 suscepit
1795 522 1907 559 filias.
1930 524 2101 561 Domum
2123 527 2258 561 noetus
2278 523 2345 560 vix

1430 588 1569 625 decem
1607 587 1780 634 passibus
1811 598 1830 623 a
1858 586 2073 633 Gymnasio
2100 589 2344 635 seiunctam,

1429 654 1546 690 sacile
1568 653 1614 689 ad
1638 652 1814 699 publicas
1833 652 2120 699 praelectiones
2148 646 2349 690 obeundas

1434 719 1490 755 irc
1510 723 1548 755 et
1569 719 1702 755 redire
1724 723 1868 765 posset,
1892 722 1932 755 et
1959 719 1999 755 in
2021 718 2095 755 liae
2120 718 2202 765 ipsa
2227 717 2348 755 domo

1432 783 1720 835 Bibliotliecam
1749 793 1860 820 suam
1888 793 2049 819 omnem
2073 793 2144 830 per
2176 781 2352 830 quinque

1432 848 1618 885 continua
1648 848 1849 892 conclavia
1877 848 2116 896 explicatam
2137 848 2185 886 ad
2215 857 2353 885 manus

1429 913 1610 951 habebat.
1640 914 1935 960 Discipulorum
1957 924 2081 962 opere
2102 915 2142 952 in
2165 914 2354 952 litei-ariis

1441 978 1658 1023 laboribus,
1689 979 1923 1026 praesertim
1947 979 1986 1015 in
2016 978 2212 1016 indicibus
2233 979 2356 1016 libro-

1437 1054 1524 1079 rum
1541 1053 1704 1080 suorum
1723 1043 1918 1080 faciundis
1932 1043 2070 1081 sedulo
2087 1043 2353 1081 adiuvabatur

1488 1110 1594 1146 Hanc
1637 1109 1797 1147 tandem
1827 1109 1987 1146 laudem
2016 1119 2134 1147 nemo
2173 1109 2355 1147 Fabricio

1439 1180 1574 1213 nostro
1616 1175 1808 1219 invideat,
1848 1184 1919 1210 nec
1946 1174 1976 1211 si
2017 1175 2170 1212 invidet
2197 1176 2354 1223 eripiat,

1440 1240 1547 1288 quod
1570 1239 1782 1277 excellenti
1807 1239 1967 1285 ingenio
1990 1242 2028 1274 ct
2050 1238 2276 1276 incredibili
2297 1239 2360 1277 di-

1442 1306 1602 1354 ligentia
1642 1305 1852 1350 studioque
1890 1303 1962 1340 toti
2005 1303 2179 1341 humano
2217 1305 2356 1351 generi

1437 1369 1521 1404 sine
1558 1367 1788 1412 cuiusquam
1819 1366 1995 1401 laesione
2029 1365 2243 1412 profuerit,
2286 1376 2358 1413 per

1439 1444 1599 1470 omnem
1623 1433 1748 1468 vitam
1772 1432 1816 1466 iis
1836 1430 2037 1474 subsidiiS,
2057 1440 2159 1477 quac
2181 1431 2229 1468 ad
2250 1431 2359 1468 alen-

1438 1499 1509 1535 dos
1532 1496 1829 1545 pascendosque
1850 1496 2021 1540 animos,
2042 1496 2089 1532 ad
2113 1496 2273 1533 inventa
2296 1499 2359 1533 to·
2380 1500 2387 1502 “

1439 1565 1515 1601 tius
1535 1564 1786 1611 antiquitatis
1810 1572 1899 1598 euni
1923 1561 2109 1598 omnibus
2130 1563 2360 1600 communi-

1441 1629 1579 1674 canda,
1627 1628 1675 1665 ad
1715 1628 1801 1664 veri
1841 1626 2021 1674 rectique
2061 1627 2267 1673 iudicium,
2307 1627 2356 1664 ad

1435 1695 1715 1731 debellandam
1751 1692 1995 1734 barbariem,
2016 1693 2356 1739 superstitionem,

1440 1760 1690 1803 atlieismum,
1706 1758 1880 1804 denique
1900 1757 1948 1794 ad
1967 1761 2085 1800 artes,
2104 1757 2355 1804 sapientiam,

1440 1822 2113 1870 virtutem,pietatem‚religioncm
2134 1832 2359 1870 propagan-

1443 1889 1512 1925 das
1539 1889 1761 1935 pertinent.

1486 1954 1672 1990 Sincerac
1715 1953 1870 1999 pietatis
1909 1953 1944 1988 in
1987 1952 2112 1989 Deum
2155 1956 2262 1990 tanta
2298 1953 2357 1989 illi

1445 2018 1510 2054 lux
1538 2023 1577 2054 ct
1604 2019 1662 2053 vis
1704 2017 1911 2063 Evangelii
1947 2017 2090 2053 Christi
2133 2017 2356 2062 videbatur,

1441 2086 1481 2118 ut
1510 2082 1677 2126 diceret,
1703 2082 1734 2117 si
1761 2082 1834 2117 sibi
1864 2081 1912 2117 ab
1940 2081 2133 2127 improbis
2152 2083 2359 2119 sententiis

1437 2151 1475 2183 et
1515 2146 1879 2183 concertationibus
1907 2151 2193 2193 temperassent
2226 2148 2357 2184 bomi-

1443 2223 1525 2256 nes,
1554 2212 1665 2258 sique
1695 2211 1818 2257 magis
1846 2211 1909 2257 pic
1936 2215 1973 2248 et
1996 2215 2130 2248 sancte
2152 2212 2356 2258 vixissent,

1447 2276 1600 2312 nullum
1629 2286 1668 2312 se
1696 2276 1884 2312 dubitare
1907 2277 2001 2321 quin
2032 2280 2138 2314 totus
2158 2281 2358 2314 terrarum

1444 2342 1550 2378 orbis
1577 2341 1700 2378 sactus
1721 2346 1819 2378 esset
1839 2341 2099 2378 Christianus.
2123 2342 2168 2378 M.
2196 2342 2357 2378 Lullicri

1440 2408 1638 2444 doctrinis
1668 2407 1856 2444 addiclun
1886 2406 1924 2442 in
1952 2406 2189 2443 Bibliotheca
2213 2407 2359 2445 Mediae

1441 2474 1669 2510 Lalinz'tatz‘s
1691 2473 1755 2508 vix
1774 2472 1948 2519 dignosci
1969 2471 2210 2516 Fabricium,
2233 2471 2358 2508 multo

1445 2539 1568 2585 magis
1595 2535 2037 2584 Schoetggeninm,jam
2066 2546 2086 2572 c
2118 2535 2265 2572 Mansio
2289 2535 2360 2571 ob-

1438 2607 1642 2639 servatum
1673 2608 1743 2638 est.

1492 2669 1539 2704 Sc
1566 2668 1674 2704 omni
1705 2670 1911 2703 momento
1934 2676 2012 2713 quo
2044 2666 2123 2702 Deo
2147 2664 2360 2713 placuisset

1443 2733 1648 2769 lubentem
1692 2734 1876 2779 laetoque
1915 2737 2050 2768 animo
2094 2741 2141 2767 ex
2179 2730 2254 2775 bac
2280 2728 2359 2765 vita

1444 2809 1693 2836 excessurum
1724 2797 1854 2834 adbuc
1879 2806 1997 2833 sanus
2025 2795 2160 2832 dicere
2185 2793 2357 2830 solebat.

1447 2867 1573 2912 Atque
1603 2865 1654 2899 ita
1680 2863 1836 2909 integro
1856 2861 1903 2898 ad
1929 2863 2153 2897 extremum
2174 2866 2358 2894 sensuum

1449 2935 1487 2966 et
1505 2928 1669 2965 rationis
1691 2937 1774 2969 usu,
1794 2924 1946 2972 placide
1968 2921 2213 2960 obdormivit
2229 2919 2293 2956 die
2314 2920 2361 2956 30

1448 2993 1592 3040 Aprilis
1614 2992 1658 3029 Α.
1686 2991 1794 3028 1736.
1817 2992 2015 3026 assecutus
2042 2995 2165 3022 annos
2185 2985 2231 3022 67
2252 2994 2361 3020 men-

1445 3069 1504 3093 ses
1532 3058 1573 3093 V.
1600 3056 1683 3092 dies
1714 3055 1757 3089 Ἠ.)
1781 3054 1919 3089 sunere
1946 3049 2130 3098 pubblieo
2152 3049 2191 3086 d.
2214 3050 2251 3085 7.
2272 3047 2360 3085 Maii

1451 3124 1489 3159 in
1512 3123 1557 3158 D.
1589 3120 1696 3157 Petri
1739 3123 1778 3154 ct
1806 3117 1912 3153 l'auli
1942 3111 2088 3152 Aedem
2120 3115 2259 3159 claim,
2289 3123 2361 3160 pu-

1449 3189 1629 3233 bliceque
1655 3183 1845 3221 concione
1876 3180 2073 3217 laudatus.
