2500 4009
434 246 511 285 '⁴:52

431 317 490 355 nis
513 315 736 366 Baptistae.
765 312 887 349 tactae
919 310 954 346 in
984 309 1084 346 Urbe
1114 307 1312 345 Emesena
1342 306 1376 354 a)

429 378 502 416 An.
528 377 602 415 5⁸53
627 375 673 413 ad
700 370 963 410 Gaudentium
999 369 1204 407 Abbatom.
1245 367 1376 406 Edidit.

429 439 599 487 Congius
621 447 703 486 pag.
738 433 813 470 2205
837 431 884 469 ad
909 431 1057 469 calcem
1084 433 1280 468 tractatus
1320 429 1376 466 lii-

429 500 556 549 storici
582 497 629 533 dc
653 496 780 545 capito
805 494 968 531 Joannis
1006 493 1206 542 Baptistae
1222 523 1232 539 ,
1270 492 1377 529 Pari-

428 562 494 597 siis
524 559 650 596 ¹665.
692 557 723 594 4.
767 560 806 592 ct
845 554 981 594 Daniel
1016 552 1307 604 Papcbrocliius
1337 554 1375 590 in

428 621 535 658 Actis
561 622 796 657 Sanctorum
821 618 940 664 lunii,
963 621 1059 654 torn.
1083 616 1146 664 IV.
1170 626 1256 665 pag.
1278 614 1378 654 721-

429 682 502 719 728
527 692 616 718 cuni
646 681 760 718 notis.

477 745 510 779 7.
545 741 757 793 Epistolarn
796 740 1033 791 Synodicam
1071 741 1109 777 S.
1154 737 1299 790 Cyri'ltt
1340 741 1377 776 ct

428 807 528 843 sanc
535 802 593 841 ilii
606 803 634 841 ,1
643 801 878 841 le.ra›i‹li·1'ni
890 805 1027 840 contra
1046 801 1272 841 Nestorium
1287 812 1377 839 cum

429 867 510 905 XII.
547 864 894 904 .=lnatl1enzatismis
935 865 1070 902 Latino
1121 874 1280 902 versam
1328 862 1376 900 ad

427 931 585 967 Petrum
601 928 854 978 Episcopum,
881 937 983 976 quac
1008 925 1218 976 subjicitur
1242 924 1376 963 Codici

426 992 632 1030 Canonum
657 990 897 1037 Dionysiano
925 999 946 1025 a
984 987 1269 1038 Christophoro
1311 987 1379 1024 Ju-

427 1053 542 1090 stcllo
566 1052 727 1101 vulgato
753 1051 909 1089 Parisiis
936 1050 1063 1097 ⁴628,
1093 1050 1128 1087 8.
1155 1053 1195 1087 ct
1220 1050 1257 1086 in
1284 1053 1379 1087 tom.

428 1116 555 1164 priore
563 1112 824 1152 Bibliothecae
833 1111 1246 1151 CanonicacGuilclmi
1259 1111 1380 1149 Voelli

431 1180 466 1212 ct
501 1176 653 1213 llcnrici
687 1174 842 1212 Justclli
867 1185 953 1224 pag.
997 1173 1070 1212 175
1109 1176 1150 1211 ot
1187 1173 1225 1210 in
1263 1173 1382 1211 tomis

429 1238 704 1274 Cani-iliorum.
725 1236 1098 1286 lutei-pretationem
1119 1235 1383 1285 veroEpisto-

432 1300 556 1338 larum
582 1299 750 1337 duarum
773 1299 908 1347 Cyrilli
934 1298 981 1336 ad
1000 1300 1262 1342 succensum,
1280 1307 1382 1347 quas

428 1374 447 1400 a
472 1363 658 1411 Dionysio
695 1372 835 1399 versas
877 1361 1122 1399 l‘ossevinus
1161 1363 1382 1406 memorat,

428 1435 542 1461 nenio
567 1423 723 1472 adhuc,
748 1423 851 1473 quod
883 1424 1005 1461 sciam
1027 1452 1035 1471 ,
1070 1424 1108 1461 in
1136 1422 1266 1460 lucem
1297 1433 1385 1472 pro-

429 1486 531 1523 tulit.

482 1547 754 1587 DIONYSIUS
772 1547 994 1586 Historicus
1009 1557 1128 1596 quem
1149 1558 1199 1585 cx
1219 1547 1387 1584 Jornan-

430 1608 570 1647 nandis
594 1619 679 1659 cap.
708 1609 755 1646 19
786 1607 834 1646 dc
856 1608 977 1646 rebus
1005 1608 1185 1656 Geticis,
1220 1609 1386 1646 Vossius

430 1675 623 1709 memorat
646 1675 687 1708 ct
717 1671 917 1719 GangiuS,
949 1681 1020 1708 noc
1061 1671 1197 1709 Latine
1227 1670 1387 1721 scripsit

431 1744 502 1771 nec
524 1733 737 1771 historicus
753 1737 841 1779 est,
866 1731 935 1770 scd
963 1732 1188 1770 Jornandcs
1221 1735 1386 1770 secutus

430 1800 490 1832 est
529 1795 798 1833 Eusebianum
832 1795 1058 1845 Hieronymi
1091 1794 1312 1833 Chronicon
1345 1794 1385 1831 in

431 1867 509 1906 quo
534 1856 579 1895 ad
614 1856 686 1894 An.
723 1857 800 1895 ⁶255
826 1857 922 1895 haec
955 1857 1168 1906 leguntur:
1196 1854 1386 1894 Pestilens

432 1916 594 1956 morbus
612 1917 755 1956 multas
781 1918 899 1957 totius
929 1916 1049 1956 Orbis
1065 1917 1297 1970 provincias
1323 1927 1384 1954 oc-

432 1979 616 2031 cupavit,
641 1980 897 2032 maoeimeque
921 1979 1189 2019 Aleacndriam
1213 1983 1251 2017 et
1265 1979 1387 2030 AEyy-

428 2044 539 2091 ptum
556 2072 565 2087 ,
591 2046 634 2078 ut
661 2040 804 2079 scribit
832 2041 1066 2092 Dionysius,
1102 2045 1139 2079 et
1168 2040 1385 2092 Cypriani,

434 2102 480 2138 de
503 2101 744 2140 mortalitate
777 2102 885 2140 testis
924 2105 983 2140 est
1018 2100 1128 2140 liber.
1172 2102 1386 2151 Dionysius

433 2167 567 2200 autem
592 2162 702 2201 Alex.
727 2164 896 2212 scriptor
930 2164 1108 2202 Graccus
1131 2163 1389 2201 Christianus

437 2222 682 2272 intelligitur,
708 2234 756 2260 ex
782 2223 898 2272 cujus
922 2224 1098 2274 Epistola
1128 2223 1305 2262 Paschali
1330 2227 1388 2260 tc-

437 2284 667 2320 stimonium
693 2283 741 2321 dc
768 2284 830 2323 illa
870 2285 934 2322 luc
960 2285 1073 2334 longo
1098 2285 1255 2334 lateque
1280 2294 1388 2333 gras-

438 2349 551 2382 sante
572 2349 705 2383 exstat
729 2345 832 2396 apud
868 2346 1086 2385 Eusebium
1113 2347 1180 2384 Vll
1201 2376 1208 2393 ‚
1250 2345 1385 2383 histor.

434 2407 584 2444 Eccles.
621 2417 705 2457 cap.
749 2407 810 2445 22.
846 2409 965 2447 Recte
1013 2408 1084 2446 hoc
1130 2408 1386 2446 observatum

435 2467 717 2518 Christophoro
743 2469 888 2507 Sandio
916 2471 951 2507 in
970 2469 1314 2508 observationibus
1339 2468 1386 2506 ad

433 2531 648 2568 llistoricos
673 2531 834 2569 Latinos
863 2532 989 2569 Vossii
1016 2543 1100 2582 pag.
1130 2533 1150 2569 4
1169 2542 1252 2581 scq.

485 2591 754 2630 DlONYSlL'S
779 2591 992 2631 Palaeotus
1012 2623 1019 2639 ‚
1041 2593 1135 2631 Ord.
1160 2594 1295 2631 Minor.
1321 2603 1388 2631 au-

432 2658 515 2691 ctor
537 2654 663 2691 Officii
695 2656 837 2704 proprii
864 2654 912 2692 de
944 2657 983 2693 Β.
1015 2655 1228 2695 catharina
1263 2656 1387 2693 Bono-

434 2717 580 2757 niensi,
604 2715 708 2765 quod
733 2716 781 2753 ab
812 2715 886 2754 An.
914 2718 1029 2756 4526.
1054 2718 1276 2756 Clementis
1298 2717 1383 2764 VII,

432 2778 685 2813 concessione
711 2777 748 2814 in
773 2776 860 2827 ejus
889 2779 1013 2817 Natali
1041 2780 1258 2830 peragitur.
1286 2778 1385 2817 Vidc

433 2837 699 2887 Waddingum
727 2849 812 2890 pag.
841 2841 929 2878 103.

486 2898 754 2938 DIONYSlUS
777 2901 1010 2950 Soulecliat,
1035 2902 1129 2941 Ord.
1150 2904 1284 2941 Minor.
1316 2914 1383 2942 cu-

431 2959 497 3007 jus
518 2959 700 2997 scedulae
717 2962 980 3002 revocationis
1002 2963 1257 3014 quorundam
1285 2964 1384 3002 arti-

434 3019 613 3058 culorum
634 3023 670 3059 in
688 3022 1025 3073 disputationibus
1046 3026 1291 3066 solemnibus
1314 3038 1384 3078 pei·

435 3095 524 3120 cum
558 3085 716 3121 Parisiis
736 3089 776 3122 ct
794 3086 830 3123 in
856 3088 962 3125 curia
987 3088 1161 3126 Romana
1186 3087 1258 3127 An.
1282 3089 1384 3127 13633

437 3149 474 3180 ct
503 3145 599 3182 1369
626 3145 749 3183 sai-tao
775 3153 936 3187 exstant
963 3150 999 3187 in
1039 3150 1279 3189 Bibliotheca
1315 3151 1384 3189 Pa-

420 3299 523 3367 Villa!
543 3294 849 3372 Videgzozorncnum
867 3300 952 3330 vill.
976 3298 1011 3329 321
1033 3304 1064 3332 ct
1081 3301 1292 3333 Lambecium
1310 3305 1390 3332 tom.

516 3347 589 3378 1³⁸}
657 3366 665 3374 .

1140 234 1647 279 ,liisCIPULUs

1452 310 1572 351 trum,
1600 308 1643 343 ut
1669 305 1707 343 in
1727 308 1943 346 novissima
1963 308 2218 359 Lugdunensi
2236 309 2407 350 editione

1453 370 1547 404 tom.
1571 367 1714 405 XXVI.
1737 379 1827 418 pag.
1856 369 2041 408 488-490.

1503 428 1800 468 DISCIPULUS
1823 431 1898 469 sub
1920 430 2037 482 cujus
2062 432 2221 470 nomine
2244 437 2406 472 exstant.

1450 488 1524 527 An.
1551 489 1654 528 1418
1678 491 1813 541 scripti
1838 492 1871 539 a)
1895 492 2105 532 Sermones
2131 492 2178 531 dc
2203 497 2373 547 tempore
2390 526 2400 543 ,

1451 555 1491 589 et
1510 549 1558 590 de
1577 551 1746 602 Sanctis,
1762 563 1853 592 curn
1871 553 2144 605 exemplorum
2153 556 2406 606 promtuario

1451 623 1496 651 ac
1520 612 1731 653 miraculis
1755 614 1799 652 B.
1843 614 2039 665 Viryinis,
2078 616 2224 666 quibus
2260 618 2407 656 annexi

1451 678 1547 712 sunt
1571 677 1695 714 ctiam
1719 687 1838 714 casus
1873 675 2042 728 Papales
2066 681 2105 715 et
2128 677 2383 730 Episcopales
2398 709 2409 727 ‚

1449 738 1568 786 atque
1587 736 1614 774 ὰ
1635 747 1759 775 sacra
1784 738 2065 778 Communione
2081 737 2341 780 inhibitiones.
2369 741 2406 778 in

1453 797 1514 835 fol.
1551 802 1670 838 vetus
1706 799 1826 837 editio
1864 801 1950 837 sine
1974 811 2078 838 anno
2111 805 2153 838 et
2176 801 2285 850 loco,
2309 803 2344 852 b)
2369 806 2410 841 ct

1452 860 1686 910 Noribcrgac
1731 861 1846 900 1480.
1891 861 2067 901 Basilcae
2105 863 2221 904 1482.
2273 864 2409 916 Spirac

1454 922 1570 961 1483.
1598 924 1837 962 Davcntriac
1872 924 2003 972 1485,
2030 924 2092 962 fol.
2130 928 2219 964 turn
2258 927 2411 965 Norim-

1454 984 1595 1036 bcrgac
1621 986 1737 1025 1514.
1762 986 1896 1025 Colon.
1923 987 2038 1026 1518.
2060 987 2182 1025 Paris.
2218 988 2343 1037 1519,
2370 989 2412 1027 4.

1460 1048 1582 1095 Lugd.
1609 1048 1724 1097 ⁴520,
1752 1049 1785 1086 4.
1806 1047 1946 1087 Vcnet.
1973 1049 2103 1096 1598,
2129 1049 2163 1087 4.
2187 1052 2229 1087 et
2247 1049 2409 1100 Mogun-

1457 1111 1531 1147 tiae
1549 1111 1616 1149 101
1627 1111 1663 1157 2,
1676 1111 1709 1148 4.
1726 1109 1876 1150 Auctor
1891 1108 2149 1150 JOHANNES
2162 1110 2411 1161 HEROLT,c)

1458 1172 1601 1220 Teuto,
1626 1172 1719 1212 Ord.
1740 1172 1874 1211 Praed.
1899 1173 1967 1223 qui
1992 1173 2151 1224 scripsit
2172 1174 2292 1212 ctiam
2309 1175 2416 1223 Qua-

1463 1233 1729 1285 drayesimale
1746 1238 1787 1273 ct
1807 1233 1854 1273 de
1871 1232 1967 1273 bello
1981 1232 2263 1285 Albiqensium.
2279 1234 2317 1284 d)
2333 1235 2418 1274 Ex-

1459 1301 1568 1336 stant
1595 1308 1754 1347 quoquc
1771 1297 1859 1347 ejus
1884 1307 2086 1336 sermones
2117 1306 2240 1348 super
2262 1296 2416 1349 Episto-

1459 1358 1519 1399 las
1537 1357 1812 1408 Dominicales,
1834 1357 1986 1398 collecti
1996 1370 2016 1397 e
2032 1356 2284 1398 sermonibus
2319 1357 2414 1400 Wil-

1462 1419 1582 1459 helmi
1599 1420 1885 1471 Luqclunensis,
1904 1424 1942 1460 et
1955 1432 2011 1460 eac
2023 1419 2140 1460 dictis
2161 1421 2202 1461 S.
2230 1419 2411 1470 Thomae,

1459 1482 1651 1522 Joliannis
1676 1482 1830 1534 Nyderi
1850 1487 1888 1522 et
1908 1482 2082 1522 aliorum
2097 1515 2107 1532 ,
2133 1485 2199 1534 qui
2233 1483 2414 1534 prodiere

1461 1545 1535 1583 An.
1563 1546 1666 1585 1488
1688 1575 1695 1594 ,
1722 1546 1783 1584 sol.
1809 1550 1848 1584 et
1872 1545 2152 1585 Eruditorium
2179 1545 2305 1596 Vitae,
2328 1547 2414 1584 sive.

1459 1607 1506 1647 cle
1529 1607 1748 1647 eruditione
1765 1606 1942 1660 fidelium
1969 1607 2197 1656 CHRISTI,
2222 1619 2295 1646 seu
2322 1607 2418 1646 Loci

1461 1682 1683 1710 communes
1705 1672 1742 1709 in
1762 1671 1908 1721 quibus
1928 1671 2185 1710 continentur
2198 1668 2414 1721 explicatio

1462 1732 1660 1784 Decaloyi,
1697 1732 1898 1772 Orationis
1929 1731 2178 1782 Dominicae,
2202 1730 2415 1783 Anyelicae

1459 1794 1712 1835 salutationis
1727 1827 1737 1846 ,
1759 1793 1936 1848 Symboli
1956 1793 2244 1847 Apostolorum,
2268 1796 2415 1845 septem

1459 1859 1838 1908 Sam-umentorum,
1864 1855 2021 1896 totidem
2053 1855 2248 1895 donorum
2283 1855 2414 1894 sancti

1459 1919 1650 1972 Spiritus,
1680 1931 1773 1959 cum
1811 1919 1945 1959 tabula
1979 1929 2049 1970 pro
2084 1918 2337 1958 sermonibus
2365 1917 2414 1957 de

1464 1987 1642 2033 temporo
1667 1994 1715 2021 cx
1741 1982 1814 2021 hoc
1832 1982 1929 2020 libro
1944 1979 2176 2032 colligendis
2194 1991 2265 2031 per
2293 1981 2416 2019 totius

1460 2045 1552 2082 anni
1585 2045 1791 2083 circulum.
1815 2043 2058 2094 Argentinae
2083 2043 2207 2091 1490,
2233 2042 2296 2081 fol.
2322 2041 2413 2081 Ser-

1461 2115 1601 2143 mones
1614 2116 1705 2143 cum
1723 2105 1937 2144 eruditorio
1947 2103 2118 2154 junctim
2135 2103 2412 2154 editiMogunt.

1464 2166 1579 2215 ⁴642,
1600 2167 1634 2204 4.
1661 2166 1683 2204 3
1709 2167 1793 2204 Vol.
1818 2167 1861 2204 In
1885 2166 1993 2205 calce
2013 2175 2244 2204 sermonum
2276 2167 2414 2204 auctor

1461 2232 1596 2266 monet
1625 2228 1870 2267 DISCIPULI
1909 2239 1952 2267 sc
1986 2237 2132 2266 nomen
2163 2226 2412 2276 adscivisse,

1461 2287 1717 2328 intitulantur
1725 2300 1924 2329 sermones
1940 2287 2146 2340 Discipuli,
2157 2287 2264 2340 quod
2271 2288 2312 2327 in
2326 2288 2413 2329 istis

1461 2350 1709 2390 sermonibus
1742 2362 1819 2389 non
1856 2349 2020 2390 subtilia
2040 2361 2119 2402 per
2145 2349 2306 2389 modum
2328 2352 2413 2392 Ma-

1459 2413 1582 2463 yz'stri
1593 2445 1603 2462 ,
1629 2413 1700 2452 sed
1721 2412 1918 2465 simplicia
1936 2423 2014 2464 per
2035 2411 2193 2452 modum
2227 2412 2415 2467 discipuli

1461 2474 1679 2527 conscripsi
1699 2478 1736 2513 et
1757 2473 1906 2526 colleqi.
1936 2474 2114 2514 AEtatem
2137 2485 2252 2515 suam
2277 2475 2410 2527 signat

1461 2546 1644 2575 sermone
1667 2538 1859 2576 Dominio.
1892 2537 1917 2576 2
1940 2541 2031 2588 post
2065 2537 2213 2577 festum
2237 2535 2304 2576 SS.
2329 2536 2414 2575 Tri-

1461 2599 1621 2636 nitatis:
1652 2596 1704 2636 ab
1724 2597 1929 2637 Abraham
1952 2609 2078 2651 usque
2103 2596 2161 2637 ad
2192 2596 2409 2639 CHristum

1462 2660 1659 2699 transacti
1675 2664 1769 2699 sunt
1795 2660 1871 2699 duo
1897 2659 2024 2699 millia
2046 2659 2231 2700 seoecenti
2255 2662 2414 2713 septua-

1455 2722 1569 2772 9inta
1591 2733 1668 2762 seco
1687 2723 1799 2762 anni:
1823 2723 1850 2761 a
1871 2722 2041 2764 CHristo
2064 2725 2198 2761 autem
2217 2720 2416 2762 transacti

1459 2788 1551 2823 sunt
1573 2783 1678 2824 mille
1704 2785 1966 2837 quadrvqenti
1985 2784 2116 2824 decem
2139 2786 2176 2823 et
2197 2786 2280 2823 octo
2303 2782 2410 2822 anni.

1514 3000 1546 3038 a)
1574 2999 1720 3032 Jacobus
1737 2998 1855 3037 Quetir
1873 3002 1955 3031 torn.
1980 2998 1993 3027 1
2017 2997 2102 3029 Bibi.
2119 2996 2418 3028 Dominicnnorum

1453 3057 1529 3089 pag.
1552 3049 1624 3081 763.

1515 3099 1550 3138 b)
1575 3099 1797 3136 Unschuldlge
1820 3096 2045 3128 Nachrichten
2066 3097 2104 3126 A.
2129 3092 2209 3126 1724
2230 3099 2307 3132 pag.
2323 3090 2396 3123 698.

1512 3150 1542 3186 c)
1561 3150 1686 3180 vitiose
1708 3148 1783 3179 aliis
1804 3145 1933 3178 Herlot
1955 3146 2006 3178 vel
2027 3143 2182 3177 Beroliae.

1512 3199 1547 3237 d)
1576 3199 1776 3230 Vincentius
1799 3196 1951 3227 Placcius
1965 3194 2006 3226 dc
2029 3193 2249 3233 scriptoribus
2274 3189 2417 3232 pseudo-

1452 3250 1560 3287 nymis
1583 3257 1617 3281 n.
1640 3247 1713 3279 821.
1737 3255 1812 3287 pag.
1835 3245 1896 3277 238
1927 3248 1960 3276 et
1991 3242 2127 3276 castino
2156 3245 2190 3274 et
2215 3241 2413 3273 Altamura:

1452 3306 1646 3338 quanquam
1664 3297 1816 3330 laudatus
1846 3294 1997 3334 Quetil'us
2015 3293 2055 3324 de
2071 3293 2197 3333 scripto
2213 3290 2337 3322 bellum
2362 3289 2418 3320 ΑΙ-

1450 3350 1642 3389 bigensium
1667 3349 1890 3387 persequente
1914 3343 2103 3376 addubitat.
