2500 3841
877 191 1465 233 CI-IRISTOPHORI

173 280 252 307 non
282 265 520 304 meletarum
551 262 804 313 quarundam
834 262 1016 315 Libam'z',
1052 264 1135 315 jam

168 330 248 367 dixi
268 328 353 365 suis
375 327 471 365 locis
492 326 532 362 in
552 325 796 365 Bibliotheca
815 327 965 366 Graeca
983 357 990 376 ‚
1011 332 1052 366 et
1071 339 1135 366 ac-

168 393 307 429 curate
328 388 376 426 de
403 388 481 426 illis
504 398 664 437 quoque
688 392 728 426 et
751 388 800 427 de
825 390 912 428 aliis
942 391 1064 429 rebus
1085 391 1133 429 ad

165 452 275 490 hunc
299 452 517 489 Personam
543 451 819 500 spectantibus
838 451 882 490 V.
905 452 947 492 C.
966 450 1135 503 Aposto—

164 514 230 553 lus
251 515 382 552 Zenus
403 517 499 550 tom.
516 513 626 551 XIX.
644 514 763 551 Diarii
779 514 1041 565 Eruditorum
1057 516 1136 554 Ita-

167 576 242 614 liae
280 587 368 627 pag.
408 575 483 613 333
502 604 510 623 7
550 585 633 625 seq.
670 572 836 613 Librum
860 575 1134 627 Epistolarmn

165 638 273 677 lectu
295 637 460 688 dignum
491 636 645 675 editum
669 648 692 676 a
714 639 913 686 Persona7
937 644 1027 689 post
1052 641 1135 677 Tri-

164 700 364 739 themium
389 699 563 738 affirmat
585 699 789 738 Iohannes
811 700 1037 739 Matthaeus
1061 703 1133 740 Το-

166 774 314 802 scanus
338 762 404 800 lib.
429 763 444 799 I
470 762 575 812 pepli
598 762 734 800 Italiae
760 774 870 801 num.
896 762 959 803 27.

217 824 584 866 CHRISTOPHORI
600 835 626 861 α
643 823 760 863 Solclo
778 856 785 875 ‚
803 825 915 864 Civis
935 825 1129 871 Brixiani,

164 887 213 926 de
238 887 359 926 rebus
390 888 452 925 sui
483 887 674 937 temporis
702 886 877 925 Annales
906 887 1130 926 Brz'aez‘anos

158 949 207 987 ab
229 948 347 987 Anno
373 947 489 987 4437.
516 948 564 987 ad
592 949 707 987 4468.
732 950 888 1000 primus
912 961 961 988 ex
983 949 1128 988 Codice

161 1012 327 1050 Estensi
351 1011 534 1062 vulgavit
562 1011 866 1050 laudatissimus
890 1012 1128 1050 Muratorius

162 1075 203 1112 in
226 1085 362 1113 rerum
386 1074 613 1113 Italicarum
633 1074 894 1124 scriptoribus
915 1079 1011 1111 tom.
1030 1073 1125 1111 XXI

155 1135 361 1175 Mediolan.
391 1134 519 1184 4732.
547 1136 611 1174 fol.

211 1197 568 1238 CHRODOBERTI
589 1199 777 1249 Episcopi
801 1199 905 1237 circa
933 1198 1009 1237 An.
1034 1198 1123 1237 670.

156 1260 420 1308 Turonensis,
435 1258 641 1311 judicium
660 1259 708 1298 cle
734 1259 899 1298 muliere
915 1259 1122 1309 adultera,

161 1333 212 1360 ex
242 1322 386 1361 Codice
416 1321 684 1360 Bibliothecae
709 1322 900 1361 Thuanae
924 1321 1079 1361 editum
1103 1334 1123 1361 a

153 1383 366 1422 Paschasio
391 1384 605 1430 Quesnello
628 1385 667 1421 in
689 1385 794 1422 notis
814 1384 864 1422 ad
886 1384 1067 1434 Epistola
1084 1386 1124 1423 S.

153 1446 296 1484 Leonis
318 1446 447 1495 Magni
469 1446 684 1484 LXXXIII.
704 1447 863 1484 Parisiis
882 1445 1004 1494 4675,
1024 1447 1058 1484 4.
1085 1450 1125 1485 et

151 1507 336 1557 Lugduni
367 1506 482 1546 4700.
511 1508 572 1545 fol.
599 1511 694 1546 tom.
722 1508 755 1546 II
786 1519 872 1559 pag.
908 1508 982 1546 489
1001 1540 1010 1558 ⁷
1038 1520 1122 1559 seq.

153 1567 391 1608 (Ji—otbertus
408 1570 472 1607 hic
493 1573 660 1609 vocatur
680 1571 721 1607 in
736 1570 915 1621 Epistola
929 1569 1123 1609 Adeodati

149 1632 279 1682 Papae
302 1631 408 1683 apud
430 1632 763 1671 Sammarthanos
787 1636 883 1671 tom.
915 1634 930 1672 I
967 1633 1118 1672 Galliac

154 1693 407 1733 Christianae
431 1706 520 1745 pag.
543 1693 634 1733 744.

207 1755 645 1805 CHRODOGANGUS‚
685 1759 771 1796 aiiis
803 1757 1120 1809 Clzrotqanqus,

153 1817 450 1870 Grodeyaizgyus.
463 1819 764 1871 Crodoqcmclus,
778 1819 1120 1871 CrocloycmquSJa)

151 1880 369 1919 Trithemio
392 1892 476 1932 cap.
509 1882 598 1920 255.
631 1882 679 1920 de
706 1883 746 1921 S.
775 1883 822 1920 E.
847 1882 1118 1933 Rugyqamlus:

151 1944 191 1980 in
215 1943 415 1994 epitaphio
435 1943 539 1994 apud
563 1945 833 1983 Mabillonium
859 1949 967 1983 tomo
992 1946 1006 1984 Ι
1028 1957 1116 1996 pag.

149 2006 239 2046 425.
266 2006 276 2055 (
289 2005 475 2044 editionis
497 2017 623 2045 novae
641 2018 728 2057 pag.
753 2005 866 2057 377.)
890 2009 1118 2059 Rotqanqus

149 2079 310 2116 nomen,
333 2066 468 2118 qlorm
500 2067 700 2108 CHristus
725 2071 825 2106 erat.
852 2070 977 2120 Pipini
1002 2071 1120 2120 Regis

143 2143 194 2170 ex
218 2141 351 2169 sorore
376 2141 500 2181 nepos
522 2135 562 2169 et
585 2131 808 2181 Episcopus
824 2131 873 2170 ab
892 2131 1009 2170 Anno
1026 2131 1117 2171 743.

142 2192 192 2232 ad
213 2191 302 2247 766.
319 2194 527 2241 Metensis⁷
550 2194 558 2242 (
576 2193 625 2232 de
641 2204 720 2243 quo
737 2197 896 2244 praeter
917 2195 1119 2233 Sammar-

147 2256 294 2294 thanos
306 2259 402 2294 tom.
421 2256 473 2294 III
489 2256 902 2295 GalliaeChristianae
919 2269 1008 2308 pag.
1025 2257 1067 2297 74
1083 2259 1118 2296 4.

138 2317 239 2356 Acta
263 2318 502 2357 Sanctorum
523 2318 572 2356 ad
597 2323 760 2357 sextum
784 2319 889 2357 diem
906 2321 1034 2358 Martii
1049 2349 1057 2369 ⁷
1074 2325 1115 2358 et

140 2378 242 2418 Acta
263 2380 502 2418 Sanctorum
522 2380 769 2419 Benedictin.
798 2382 886 2420 Sec.
908 2383 972 2419 ΙΙΙ.
1000 2384 1116 2421 Parte

142 2441 181 2479 2.
205 2452 292 2491 pag.
315 2442 405 2480 204.
431 2445 472 2479 et
498 2441 586 2480 Vita
606 2442 950 2494 Cl1⁷7·0(l69a.izqiex
972 2444 1115 2484 Codice

143 2502 300 2540 Saeculi
323 2504 416 2541 XIII
438 2503 793 2554 Guelpherbytano
810 2505 916 2543 edita
933 2516 955 2543 a
969 2505 1116 2544 Jolian-

140 2575 191 2601 ne
202 2563 370 2615 Georgio
386 2564 564 2602 Eccardo
580 2569 687 2603 tomo
703 2567 718 2604 I
735 2568 978 2616 scriptorum
994 2568 1114 2605 Wiir-

142 2625 471 2676 tzeburgensium
496 2638 583 2677 pag.
611 2628 700 2666 942.
726 2629 922 2667 Martinus
947 2629 1113 2667 Meuris-

145 2697 206 2733 se⁷
230 2687 453 2737 Episcopus
469 2687 760 2737 Madaurensis7
779 2691 815 2726 in
836 2690 998 2728 historia
1019 2692 1112 2741 Epi-

138 2759 349 2799 scoporum
387 2750 626 2788 Metensium
664 2750 813 2788 Gallice
850 2750 956 2789 edita
993 2753 1107 2790 Motis

140 2811 262 2858 4634..
288 2810 350 2849 fol.
368 2810 377 2859 )
400 2811 568 2861 Scripsit
583 2811 775 2861 Reyulam
793 2813 958 2851 Clericis
974 2813 1108 2852 obser-

135 2872 310 2912 vandam
334 2873 607 2921 Metensibus,
633 2878 671 2911 et
704 2875 741 2911 in
773 2875 911 2912 multis
937 2877 1104 2925 vestigia

141 2935 342 2985 legentem
372 2935 531 2985 regulae
557 2935 594 2973 S.
620 2935 836 2973 Benedicti.
868 2936 1002 2974 Edidit
1026 2939 1104 2975 Lu-

136 3008 205 3035 cas
221 2996 445 3035 Dctclzcrius
454 2996 684 3035 distinctam
698 2999 735 3034 in
748 2999 874 3048 capita
888 3000 1101 3038 LXXXVI.

135 3059 296 3097 Parisiis
319 3059 438 3107 4634,
466 3060 499 3097 4.
524 3063 618 3097 tom.
646 3060 660 3098 Ι
682 3061 872 3111 spicilegii
896 3072 983 3111 pag.
1011 3063 1099 3101 2053.

134 3120 283 3170 (novae
309 3120 493 3159 editionis
518 3125 613 3160 tom.
640 3123 654 3160 Ι
679 3134 765 3173 pag.
793 3123 903 3171 5613.)
935 3123 1005 3162 sed
1032 3124 1100 3163 ali-

200 3270 233 3310 a)
254 3272 336 3304 Vide
360 3273 514 3306 Carolum
538 3273 567 3309 le
584 3274 701 3306 Cointe
718 3277 798 3306 tom.
816 3276 853 3305 V.
867 3273 985 3307 Annal.
1003 3277 1108 3306 Fran-

131 3326 250 3352 corum
274 3329 349 3361 pag.
374 3322 426 3354 74.

2096 199 2173 239 37⁴9

1209 278 1273 305 am
1285 268 1420 306 minus
1438 266 1735 317 interpolatam,
1747 270 2090 320 ‘constantemque
2103 271 2176 309 Ca-

1207 329 1358 379 pitibus
1382 330 1564 368 XXXIV.
1597 340 1647 368 ex
1673 330 1873 369 Sirmondi
1898 331 2042 371 Codice
2072 331 2175 370 Lab-

1211 389 1305 429 beus
1328 395 1423 430 tom.
1444 393 1512 431 VII
1534 392 1682 432 Concil.
1697 403 1783 443 pag.
1812 395 1825 432 4
1839 393 1928 433 444.
1949 397 1990 432 et
2011 406 2061 433 ex
2076 394 2175 432 Lab—

1208 453 1281 491 beo
1309 453 1548 493 Harcluz'nus
1572 459 1668 493 tom.
1699 455 1750 494 IV
1773 466 1861 506 pag.
1893 456 2008 495 4484.
2034 460 2075 495 et
2104 468 2174 494 no-

1208 516 1375 555 vissime
1415 515 1573 555 Colecus
1608 518 1648 554 in
1683 516 1856 556 editione
1899 517 2171 557 Conciliorum

1207 578 1360 617 Veneta
1383 582 1491 616 tomo
1514 579 1570 616 IX
1594 582 1686 628 post
1709 578 1930 618 Concilium
1947 579 2173 631 Aquisqra-

1207 650 1325 678 nense
1345 638 1420 677 An.
1446 639 1535 678 846.
1561 639 1776 689 subjuncta
1796 643 1916 680 etiam
1934 643 2172 692 interpolata

1205 702 1269 740 illa
1292 701 1583 740 Canonicorum
1600 702 1768 752 Regula,
1793 715 1843 741 ex
1867 704 2170 756 Chrodogango,

1204 763 1377 803 Concilio
1411 762 1476 800 illo
1504 761 1821 813 Aquisgranensi
1851 770 1972 816 atque
2011 767 2170 805 aliunde

1203 825 1490 862 consarcinata.
1516 824 1723 863 Sinceram
1740 838 1898 876 quoquc
1916 827 2024 865 dedit
2046 829 2172 868 Caro-

1205 885 1267 923 lus
1297 884 1329 923 le
1361 885 1495 924 Combe
1525 890 1633 924 tomo
1662 887 1695 925 V
1724 886 1942 926 Annalium
1965 889 2169 930 Ecclesiae

1203 948 1447 986 Francorum
1489 948 1539 987 ad
1574 948 1740 987 Annum
1777 950 1931 988 ClIristi
1961 950 2051 990 757.
2082 966 2170 1004 pag.

1203 1010 1319 1047 566-
1335 1009 1423 1049 587.
1442 1022 1493 1050 ex
1514 1010 1659 1051 Codice
1681 1012 1790 1050 MSto
1813 1012 1955 1051 collato
1982 1024 2073 1052 cum
2096 1017 2171 1054 Da-

1201 1071 1388 1111 cheriana
1411 1077 1451 1112 et
1475 1073 1680 1112 Labbeana
1698 1073 1882 1113 editione.
1901 1076 2018 1114 Plura
2033 1076 2081 1114 de
2098 1077 2172 1116 hoc

1203 1135 1491 1187 Chrodogango
1519 1135 1672 1175 Paulus
1709 1136 1997 1190 IVarnefrz'clus
2029 1140 2067 1177 in
2098 1140 2173 1178 fra-

1200 1202 1362 1248 gmento
1387 1198 1435 1237 de
1459 1200 1668 1250 Episcopis
1691 1200 1937 1239 Metensibus
1961 1201 2067 1252 apud
2087 1201 2172 1240 An-

1200 1260 1336 1299 dream
1355 1261 1408 1299 du
1422 1261 1581 1300 Chesne
1599 1266 1706 1301 tomo
1722 1263 1756 1300 II
1773 1274 1908 1301 rerum
1925 1265 2063 1303 Franc.
2081 1275 2169 1315 pag.

1201 1323 1304 1370 204,
1330 1334 1413 1372 seq.
1443 1323 1507 1361 ubi
1532 1335 1696 1362 normae
1725 1325 1847 1363 etiam
1872 1325 1988 1364 Clcro
2013 1327 2173 1365 institu-

1201 1388 1264 1423 tae
1289 1386 1458 1433 mentio⁷
1484 1386 1588 1424 sicut
1612 1391 1651 1424 et
1674 1386 1779 1437 apud
1807 1387 2060 1438 Sigebertum
2084 1400 2169 1439 cap.

1201 1446 1262 1485 78.
1288 1448 1490 1498 Excerpta
1513 1460 1564 1486 ex
1585 1449 1649 1487 illa
1666 1450 1804 1500 regula
1820 1452 1950 1500 capita
1971 1451 2169 1501 quaedam

1199 1514 1292 1549 ante
1313 1510 1554 1549 Dacherium
1578 1511 2030 1561 vulgaveratJolzcmnes
2045 1513 2168 1553 Μονί-

1197 1583 1274 1611 mcs
1299 1573 1338 1610 in
1366 1572 1519 1624 sylloge
1543 1574 1891 1624 poenitentialium
1921 1575 2169 1626 libellorum,

1200 1634 1417 1685 subjuncta
1447 1637 1555 1686 operi
1591 1635 1639 1673 de
1670 1635 1879 1687 disciplina
1907 1638 2064 1677 Veteris
2094 1641 2170 1678 Ec-

1197 1698 1341 1736 clesiae
1359 1699 1397 1736 in
1410 1697 1756 1737 administratione
1765 1701 2047 1752 poenitentiae7
2063 1701 2170 1752 quod

1196 1771 1297 1810 opus
1320 1765 1411 1810 post
1435 1760 1652 1799 editionem
1678 1762 1799 1800 Paris.
1833 1764 1949 1802 4654.
1976 1775 2167 1803 recusum

1196 1826 1259 1860 est
1287 1823 1487 1860 Bruxellis
1517 1823 1631 1861 4685.
1663 1827 1703 1861 et
1732 1824 1911 1863 Venetiis
1943 1826 2079 1875 4702.»
2103 1827 2165 1864 sol.

1196 1885 1377 1934 Denique
1395 1884 1670 1935 Chrodogangi
1686 1884 1946 1936 privilcqium
1964 1899 2042 1939 pro
2068 1888 2167 1926 Gor-

1195 1946 1326 1985 zz'ensz'
1347 1945 1521 1985 Abbatz'a
1536 1978 1545 1995 ‚
1571 1953 1730 1998 praeter
1751 1950 2018 1988 Conciliorum
2042 1950 2166 1988 edito-

1196 2019 1261 2047 res
1289 2009 1520 2057 Labbeum‚
1550 2010 1800 2049 Harduinum
1831 2015 1871 2049 et
1900 2013 2084 2052 Coletum
2113 2012 2163 2051 ad

1195 2070 1359 2109 Annum
1385 2070 1476 2109 756.
1500 2072 1614 2110 offert
1638 2073 1826 2112 laudatus
1849 2075 1885 2112 le
1906 2075 2047 2114 Cointe
2065 2080 2161 2114 tom.

1198 2134 1231 2172 V
1255 2145 1342 2184 pag.
1366 2134 1456 2173 562.
1480 2136 1537 2173 De
1557 2136 1733 2174 Romano
1759 2137 2009 2176 Psalmorum
2033 2139 2165 2178 Cantu

1198 2196 1238 2233 in
1263 2197 1485 2236 Metensem
1510 2198 1705 2248 primum⁷
1728 2197 1871 2237 deinde
1896 2201 1934 2237 in
1959 2201 2056 2239 alias
2076 2202 2166 2239 Gal-

1198 2258 1271 2296 liae
1289 2259 1492 2298 Ecclesias
1509 2271 1578 2310 per
1589 2259 1927 2311 Chrodogangum
1947 2263 2053 2301 illato
2073 2264 2164 2302 vide

1195 2321 1354 2359 Henrici
1384 2321 1595 2360 Warthoni
1619 2324 1843 2362 auctarium
1874 2324 1923 2362 ad
1954 2326 2162 2364 Usserium

1193 2382 1241 2421 de
1266 2385 1390 2422 sacris
1410 2385 1640 2423 vernaculis
1665 2397 1751 2436 pag.
1776 2386 1868 2425 358.

1245 2446 1571 2486 CHROMATIUS
1587 2447 1794 2498 Aquilejae
1811 2458 1843 2498 a)
1862 2451 2085 2500 Episcopus
2104 2452 2161 2488 in-

1189 2512 1250 2545 ter
1269 2509 1487 2559 Episcopos
1512 2511 1574 2548 sui
1599 2512 1791 2560 temporis
1817 2514 2097 2550 sanctissimos
2123 2513 2158 2562 b)

1190 2569 1532 2620 doctissimosque
1551 2585 1557 2609 :
1584 2574 1739 2611 amicus
1760 2572 1958 2611 Ambrosii
1984 2575 2016 2621 c)
2037 2604 2044 2622 7
2074 2576 2163 2613 Hie-

1186 2633 1365 2680 ronymi,
1389 2633 1484 2681 (qui
1506 2644 1624 2683 saepe
1645 2633 1733 2682 ejus
1757 2645 1850 2672 cum
1876 2636 1993 2673 laude
2020 2639 2159 2675 memi-

1187 2696 1269 2742 nit,
1303 2694 1606 2744 Salomonisque
1637 2696 1756 2733 libros
1786 2708 1834 2734 ex
1870 2698 1992 2736 LXX.
2017 2710 2156 2738 versos

1184 2757 1219 2794 ci
1243 2760 1283 2794 et
1308 2755 1516 2794 Heliodoro
1538 2756 1763 2805 dedicavit)
1783 2789 1790 2807 7
1816 2759 2094 2809 Chrysostomi
2118 2762 2154 2810 d)

1183 2821 1223 2856 et
1247 2818 1403 2868 Rufini,
1428 2819 1492 2857 cui
1516 2829 1608 2858 cum
1633 2821 1775 2858 Jovino
1801 2825 1841 2858 et
1865 2822 2037 2861 Eusebio
2062 2825 2156 2862 Cre-

1183 2881 1384 2930 monensi,
1409 2882 1514 2920 circa
1531 2881 1693 2921 Annum
1720 2882 1809 2921 370.
1836 2895 1928 2923 cum
1953 2890 2062 2923 esset
2086 2886 2153 2925 ba-

1180 2943 1356 2992 ptizatus
1373 2972 1382 2988 ‚
1416 2946 1536 2992 pater
1561 2948 1599 2981 et
1624 2943 1759 2982 doctor
1787 2945 1956 2997 symboli
1983 2959 2032 2985 ac
2057 2947 2153 2998 fidel

1184 3005 1276 3053 fuit,
1301 3009 1346 3042 ut
1370 3005 1538 3043 Rufinus
1564 3010 1738 3045 testatur
1759 3009 1785 3046 I.
1810 3009 1846 3045 in
1876 3010 2033 3047 llieron.
2049 3014 2144 3048 tom.

1235 3126 1269 3166 a)
1292 3128 1374 3158 Vide
1397 3127 1566 3160 Labbeum
1590 3133 1673 3162 tom.
1700 3132 1736 3168 Ι,
1765 3139 1843 3170 pag.
1869 3130 1930 3161 ⁶222
1953 3138 2022 3171 seq.

1235 3176 1270 3215 b)
1295 3179 1433 3208 llieron.
1459 3179 1600 3217 praefat.
1628 3182 1660 3211 in
1689 3183 1895 3220 Paraiipom.

1234 3226 1265 3266 c)
1289 3227 1483 3258 Ambrosius
1508 3230 1613 3267 Epist.
1645 3230 1685 3260 57
1709 3229 1748 3260 ad
1774 3231 2016 3263 Ciiromatium.

1232 3276 1266 3314 d)
1291 3277 1459 3316 chrysost.
1484 3280 1588 3318 Epist.
1611 3278 1670 3309 155
1685 3304 1694 3318 ‚
1713 3283 1794 3311 tom.
1814 3282 1885 3320 111,
1905 3281 2062 3315 editionis
2089 3291 2150 3315 no-

1172 3333 1234 3359 vnc
1260 3334 1337 3366 pag.
1361 3326 1434 3359 689.
1459 3328 1610 3361 Rufinus.
