2500 3841
873 169 1235 210 ALLADIIS
1805 207 1808 211 .
1984 174 2035 213 67

72 254 142 283 cae
166 252 250 293 pag.
273 239 343 290 74,
366 240 417 278 78
439 243 480 280 et
502 239 701 279 Cointium
725 243 817 278 tom.
842 239 926 280 VIII
950 253 1018 280 an-

75 305 138 345 nal
162 306 399 343 Francorum
427 313 513 353 pag.
542 302 616 341 446
638 312 722 352 seq.

127 365 238 405 Petri
250 362 449 405 ALLADII
467 364 564 402 liber
578 362 623 402 de
638 361 783 403 ritibus
797 367 835 402 et
845 363 1019 404 moribus

75 431 255 467 veterum
275 426 555 467 Lusitanorum
567 427 644 466 MS.
662 427 701 464 in
724 425 865 467 Codice
885 425 958 465 An.
975 428 1017 467 C.

75 490 178 530 4234
201 493 371 528 exarato.
395 488 491 528 Vide
513 489 595 527 Nic.
620 486 778 526 Antonii
812 488 1020 527 Bibliothe-

75 563 163 592 cam
186 556 363 591 veterem
377 551 589 602 Hispanam
613 554 718 589 tomo
741 551 773 589 ΙΙ
795 561 881 601 pag.
892 550 968 590 270
984 551 1019 589 b.

68 638 73 642 .
126 613 411 663 ALMANNUS,
435 624 571 663 supra,
594 611 908 653 ALEMANNUS.

126 674 429 724 ALMARICUS,
453 676 596 714 Doctor
617 676 844 714 Parisiensis
866 680 1024 727 propter

73 738 204 777 varios
231 748 384 777 errores
407 736 620 776 damnatus
643 738 683 775 in
707 737 877 777 Concilio
920 739 1025 777 Pari-

74 801 195 839 siensi
215 798 290 839 An.
315 799 430 839 4209.
453 799 550 839 Vide
567 801 694 851 capita
716 811 891 839 errorum
919 799 1023 851 apud

74 861 332 902 Edmundum
351 863 525 901 Martene
548 866 641 900 tom.
667 863 717 902 IV
744 862 1023 902 anecdotorum

75 935 162 975 pag.
189 924 265 964 463
286 927 408 974 atque
444 923 543 964 adde
579 920 769 965 Bulaeum
798 926 838 963 in
863 924 1023 963 historia

74 984 307 1026 Academiae
335 987 442 1025 Paris
465 990 558 1025 tom.
579 987 631 1026 111
653 998 739 1039 pag.
761 987 830 1034 24,
861 987 909 1024 48
937 996 1019 1035 seq.

73 1053 119 1088 ut
158 1050 337 1088 omittam
382 1048 690 1100 haeresiologos,
732 1049 1021 1099 scriptoresque

72 1110 286 1150 Annalium
321 1115 362 1149 et
397 1111 587 1150 Historiae
613 1110 938 1162 Ecclesiasticae,
978 1112 1023 1147 ut

74 1172 251 1212 Natalem
270 1171 539 1211 Alexandrum
563 1176 591 1209 t.
614 1172 684 1211 VII
706 1182 792 1222 pag.
816 1169 866 1209 75
890 1181 948 1220 sq.

124 1233 385 1274 ALPERTUS
405 1233 604 1282 Metensis,
617 1233 830 1272 Monachus
850 1233 888 1272 S.
906 1233 1022 1283 Sym-

71 1295 267 1348 phoriani,
290 1307 410 1348 supra
431 1295 702 1336 ALBERTUS.

125 1358 386 1398 ALPHANUS
406 1359 421 1397 Ι
445 1369 495 1396 ex
509 1357 696 1397 Monacho
716 1355 934 1405 Casinensi,
949 1354 1022 1394 Ar-

71 1421 343 1472 chiepiscopus
365 1420 414 1459 ab
441 1418 487 1459 A.
513 1420 616 1460 4058
638 1418 688 1458 ad
712 1418 824 1463 4085.
846 1416 1023 1458 Salerni-

72 1486 203 1528 tanus,
226 1480 276 1521 de
298 1492 376 1533 quo
391 1482 581 1533 Ughellus
595 1485 700 1520 tomo
720 1482 788 1521 VII
805 1481 937 1519 Italiae
961 1491 1023 1519 sa-

71 1556 161 1584 crae
176 1552 262 1596 pag.
280 1543 356 1583 380
376 1555 485 1595 seqq.
508 1544 576 1594 qui
595 1544 713 1583 etiam
729 1541 816 1594 ejus
832 1542 1024 1583 Carmina

71 1607 181 1647 varia
203 1605 440 1659 hymnosque
462 1605 504 1645 in
523 1607 567 1644 B.
592 1603 798 1654 Sabinam,
837 1606 876 1645 S.
913 1606 1025 1645 Mau-

70 1680 181 1719 rum,
204 1671 359 1708 sanctos
382 1672 420 1708 et
437 1671 596 1708 sanctas
617 1667 640 1691 ἦ
662 1668 841 1719 vulgavit
869 1672 962 1706 tom.
989 1668 1023 1706 II

75 1743 162 1782 pag.
184 1732 287 1771 4085
302 1742 384 1782 seq.
403 1732 530 1781 (Tom.
541 1732 579 1770 X
598 1730 779 1769 editionis
796 1741 921 1768 novae
936 1741 1021 1780 pag.

74 1792 270 1845 47-7set
292 1794 517 1832 Sermonem
535 1793 575 1830 in
597 1792 781 1831 Matthaei
801 1793 868 1837 IX,
890 1792 913 1829 9
938 1802 1020 1842 seq.

72 1866 159 1907 pag.
181 1853 232 1893 79
255 1857 296 1893 et
316 1853 542 1894 Passionem
557 1855 596 1893 S.
616 1852 839 1893 Christinae
852 1854 1021 1904 Virginis

71 1928 160 1971 pag.
193 1916 355 1965 80-90.)
391 1916 585 1955 Nonnulla
613 1916 767 1954 illorum
800 1915 1021 1953 carminum

71 1978 233 2029 vulgata
265 1988 422 2028 quoque
450 1988 473 2016 a
500 1978 543 2016 T.
571 1978 758 2028 Prospero
779 1977 1021 2026 Martinengo

73 2042 113 2079 in
136 2044 242 2080 tomo
264 2041 380 2080 tertio
399 2041 628 2079 Poematum
650 2039 882 2078 Divinorum
901 2037 1021 2076 Grae-

73 2113 211 2142 corum
234 2103 559 2152 Latinorumque,
581 2102 680 2140 Rom
705 2100 825 2149 4582,
849 2100 884 2138 8.
901 2100 1022 2150 Hym-

74 2174 150 2205 nus
171 2163 218 2204 de
236 2166 277 2205 S.
291 2163 494 2204 Benedicta
516 2163 566 2203 ad
587 2162 862 2213 Pandulphum
878 2163 1023 2202 Marso-

75 2239 164 2267 rum
179 2227 434 2278 Episcopum,
451 2230 491 2265 et
510 2226 610 2265 alius
629 2224 774 2276 duplex
792 2223 833 2262 in
854 2225 894 2263 S.
909 2224 1024 2263 Mau-

74 2300 168 2328 rum
188 2292 321 2329 exstat
342 2290 382 2327 in
402 2288 607 2328 Mabillonii
636 2285 748 2326 Actis
780 2285 1020 2325 Benedictin.

6 2387 8 2390 ,
76 2356 170 2391 tom.
194 2352 315 2403 Ipag.
338 2351 403 2400 33,
428 2350 516 2390 302.
541 2347 680 2389 Passio
703 2349 772 2388 SS.
796 2348 1022 2399 Martyrum

77 2414 155 2453 XII
189 2413 551 2453 Beneventanorum
571 2411 753 2450 versibus
781 2409 1022 2448 hexametris

78 2475 182 2526 apud
203 2476 489 2526 Lipomannum
516 2477 623 2512 tomo
645 2473 695 2513 IV
717 2475 758 2510 et
787 2472 946 2511 Surium
974 2470 1022 2508 ad

81 2539 116 2576 4.
163 2536 380 2586 Septembr.
419 2534 602 2574 Laudans
648 2534 753 2573 hunc
798 2532 1022 2584 Alphanum

80 2597 320 2637 Trithemius
341 2608 425 2647 cap.
451 2597 526 2635 333
551 2595 599 2634 de
627 2596 665 2634 S.
688 2596 734 2635 E.
767 2599 807 2633 et
834 2595 898 2634 lib.
927 2594 951 2632 2
975 2593 1023 2632 de

80 2660 221 2699 illustr.
245 2657 484 2697 Benedictin.
505 2667 538 2695 c.
563 2656 612 2695 87
636 2659 826 2695 memorat
866 2665 1022 2705 quoque

81 2721 168 2772 ejus
191 2719 311 2760 libros
334 2722 415 2759 tres
438 2717 485 2757 de
506 2717 646 2757 unione
672 2715 788 2757 Verbi
806 2716 882 2756 Dei
900 2720 938 2756 et
959 2716 1024 2754 ko-

79 2782 217 2833 minis,
237 2781 284 2821 de
304 2781 444 2821 unione
462 2779 640 2832 corporis
661 2782 700 2818 et
715 2778 892 2827 animae,
917 2782 954 2816 et
979 2777 1025 2817 de

80 2849 254 2899 quatuor
275 2842 503 2883 humoribus
543 2841 719 2894 corporis
742 2839 912 2878 humani.
941 2839 1027 2879 Alia

83 2911 205 2949 etiam
225 2910 366 2948 Petrus
387 2908 582 2946 Diaconus
605 2904 653 2943 de
677 2903 893 2942 illustribus
919 2902 1028 2941 Casi-

86 2970 559 3020 nensibus,Possevinus,
575 2970 615 3005 et
631 2967 668 3004 in
690 2965 791 3003 notis
805 2963 852 3002 ad
868 2965 1027 3002 Petrum

87 3033 303 3072 Diaconum
324 3034 494 3072 Joannes
517 3029 691 3080 Baptista
702 3028 831 3067 Marus
853 3036 938 3077 pag.
956 3025 1030 3064 477

85 3106 168 3145 seq.
193 3095 283 3134 edit.
308 3106 331 3134 a
353 3106 416 3133 me
436 3096 605 3133 curatae.

141 3235 155 3251 ·
177 3235 257 3268 Vide
279 3237 407 3276 Leyseri
435 3237 612 3268 Historiam
633 3234 807 3266 Poetarum
841 3230 940 3262 medii
965 3230 1035 3264 aevi

84 3293 159 3326 pag.
184 3285 245 3317 559
267 3293 336 3325 seq.

1143 243 1163 266 ³*
1186 242 1354 283 Carmen
1381 243 1493 293 illud,
1522 255 1599 294 quo
1622 244 1844 295 passionem
1864 245 1932 283 SS.
1952 246 2036 283 MM.

1090 305 1459 344 Beneventanorum
1488 305 1719 357 descripsit,
1744 308 1898 345 nonnisi
1922 310 2039 345 muti—

1091 366 1173 404 lum
1192 366 1334 416 prodiit
1359 371 1444 406 tum
1468 368 1506 405 in
1529 367 1784 418 Lippomano,
1806 379 1896 407 cum
1919 369 2039 407 etiam

1093 428 1130 465 in
1151 427 1262 466 Surio
1286 428 1334 467 ad
1367 428 1471 466 diem
1499 429 1513 467 4
1542 429 1810 480 Septembris3
1840 430 2038 481 integrum

1092 500 1187 527 vero
1215 494 1350 529 extare
1379 491 1418 528 in
1446 490 1654 529 Casinensi
1678 491 1912 530 Bibliotheca
1935 492 2040 530 affir-

1095 555 1177 589 mat
1198 552 1232 590 J.
1251 551 1410 590 Gattula
1431 552 1529 590 Hist.
1551 552 1702 591 Cassin.
1727 557 1755 591 t.
1783 554 1820 602 47
1843 554 1950 592 Sacc.
1975 555 2037 593 VI.

1147 612 1409 652 ALPHANUS
1431 614 1464 651 II
1487 613 1813 665 Archiepiscopus
1831 615 2041 654 Salernita-

1096 685 1173 713 nus
1194 674 1243 713 ab
1264 673 1338 714 An.
1364 675 1465 714 4085
1487 674 1535 713 ad
1561 676 1654 714 4424
1681 675 1728 714 de
1752 688 1828 726 quo
1856 677 2040 716 laudatus

1101 735 1285 786 Ughellus
1299 740 1393 774 tom.
1417 737 1484 775 VII
1508 747 1594 787 pag.
1615 737 1683 775 394
1715 748 1822 787 seqq.
1839 750 1861 776 a
1876 739 2040 777 Falcone

1095 799 1373 836 Beneventano
1417 798 1456 835 in
1498 798 1706 847 Chronico,
1729 803 1864 837 auctor
1903 802 2042 839 carmi—

1096 870 1210 907 num,
1253 859 1301 898 de
1324 859 1468 909 quibus
1504 861 1543 898 in
1575 859 1754 910 Alphano
1783 861 1798 898 Ι
1824 859 1906 910 jam
1933 862 2039 911 dixi,

1095 920 1342 971 perhibetur:
1360 921 1465 971 quod
1493 920 1542 960 de
1569 921 1765 972 aliquibus
1795 923 1936 961 saltem
1963 935 2042 962 non

1094 981 1253 1021 videtur
1288 982 1531 1034 negandum,
1556 987 1601 1022 ut
1636 983 1684 1022 de
1707 983 1899 1036 epitaphio
1937 985 2047 1023 Petri

1094 1043 1249 1094 Leonis,
1273 1046 1340 1095 qui
1360 1046 1610 1096 Imperatoris
1632 1045 1824 1096 Rudolphi
1842 1048 1855 1084 I
1872 1047 2044 1086 tritavus

1094 1108 1182 1156 fuit,
1201 1111 1241 1146 et
1263 1106 1368 1157 quod
1399 1107 1447 1146 ab
1468 1107 1631 1159 Ughello
1655 1107 1795 1147 deinde
1830 1110 2043 1160 repetitum

1093 1170 1284 1208 Baronius
1311 1169 1433 1208 edidit
1461 1170 1510 1209 ad
1538 1169 1612 1209 An.
1641 1170 1768 1209 MCXI
1792 1182 1829 1213 n.
1861 1171 1897 1219 3,
1926 1176 1966 1210 et
1993 1183 2044 1211 ex

1094 1242 1139 1269 eo
1164 1231 1395 1270 Lambecius
1411 1236 1504 1270 tom.
1521 1233 1554 1271 II
1571 1243 1656 1283 pag.
1683 1233 1749 1272 484
1781 1243 1854 1271 nec
1869 1244 1946 1271 non
1966 1232 2045 1284 epi-

1095 1292 1275 1344 taphium
1313 1293 1514 1333 Bernardi
1545 1294 1731 1347 Episcopi
1771 1295 2043 1346 Praenestini,

1095 1356 1198 1406 quod
1221 1356 1325 1407 apud
1349 1356 1557 1407 Ughellum
1580 1368 1658 1395 non
1684 1359 1832 1408 reperio
1860 1362 1901 1396 et
1928 1359 2045 1397 Baro-

1095 1418 1185 1456 nius
1207 1418 1421 1468 publicavit
1440 1418 1490 1457 ad
1512 1418 1672 1457 Annum
1693 1420 1832 1459 MCVII
1857 1431 1895 1457 n.
1919 1420 1981 1459 20.

1146 1478 1408 1519 ALPHANUS
1430 1481 1627 1531 Hispanus
1646 1481 1737 1520 Ord.
1757 1483 1890 1520 Minor.
1907 1483 2045 1520 Posse-

1096 1544 1190 1582 vino
1218 1546 1258 1581 et
1281 1543 1442 1593 Cangio,
1472 1544 1539 1593 qui
1565 1541 1736 1595 Alfanus
1763 1543 2043 1582 Hendreichio:

1097 1605 1312 1645 Trithemio
1335 1609 1376 1644 et
1395 1605 1570 1644 Gesnero
1597 1603 1801 1656 Alpharus
1828 1607 1976 1644 rectius
2002 1611 2044 1645 et

1098 1667 1338 1718 Waddingo,
1360 1668 1440 1706 Nic.
1459 1667 1629 1706 Antonio
1651 1672 1692 1706 et
1712 1668 1797 1706 aliis
1820 1668 2044 1719 Cangioque

1097 1731 1171 1781 ipsi
1198 1728 1340 1768 deinde
1379 1728 1611 1769 ALVARUS
1652 1729 1860 1781 Pelaqius,
1889 1730 1938 1769 de
1966 1742 2044 1781 quo

1096 1793 1196 1831 infra
1219 1803 1290 1831 suo
1312 1791 1405 1830 loco.

1144 1852 1434 1894 ALPHONSUS
1452 1852 1504 1892 ab
1521 1853 1697 1907 Alfama,
1721 1855 1933 1894 Lusitanus
1948 1855 2042 1895 Car-

1094 1917 1247 1967 melita,
1270 1917 1371 1956 circa
1394 1915 1554 1956 Annum
1579 1918 1731 1957 CHristi
1756 1918 1856 1956 4433
1885 1919 2042 1968 scripsit

1092 1978 1317 2018 Doctrinale
1345 1980 1513 2017 Patrum
1546 1980 1585 2017 in
1620 1978 1809 2019 Johannis
1851 1979 2041 2020 Cassiani

1093 2041 1347 2089 Collationes,
1371 2046 1410 2080 et
1429 2040 1476 2080 de
1501 2040 1660 2080 Ordinis
1680 2041 1747 2080 sui
1756 2052 1974 2092 proyressu
1998 2042 2042 2080 li-

1095 2103 1185 2142 bros
1203 2104 1250 2142 II.
1269 2103 1366 2142 Vide
1388 2101 1529 2153 Alegre
1551 2114 1626 2154 pag
1647 2104 1738 2141 343.

1146 2165 1439 2205 ALPHONSUS
1454 2164 1731 2214 Bonihominis,
1748 2165 1958 2216 HispanUS,
1973 2166 2045 2205 Or-

1095 2227 1198 2266 dinis
1225 2228 1482 2267 Praedicator.
1520 2226 1565 2265 A.
1606 2227 1704 2265 4339
1746 2237 1796 2265 ex
1831 2226 1994 2266 Arabico
2023 2227 2044 2249 *ἓ

1094 2290 1344 2329 transtulisse
1353 2289 1672 2328 traditurlibrum
1688 2289 2046 2329 conversiadChri-

1094 2356 1201 2391 stum
1224 2353 1396 2403 Magistri
1419 2350 1614 2391 Samuelis
1642 2352 1859 2398 israelitae,
1889 2352 2043 2390 oriundi

1093 2413 1142 2452 de
1162 2415 1330 2453 Civitate.
1346 2415 1462 2463 Regis
1478 2414 1664 2461 Marochi,
1681 2414 1736 2451 De
1758 2412 1929 2452 asloentu
1946 2415 2046 2453 Mes-

1094 2476 1178 2515 siae
1194 2506 1201 2525 ,
1226 2486 1339 2526 quem
1357 2474 1501 2513 Judaci
1511 2474 1672 2526 frustra
1695 2477 1935 2525 exspectant,
1952 2486 2043 2513 cum

1095 2539 1310 2589 praemissa
1338 2537 1516 2586 ejusdem
1559 2537 1754 2575 Samuelis
1791 2536 1967 2586 Epistola
1996 2536 2043 2574 ad

1095 2600 1215 2639 Rabbi
1237 2599 1370 2645 Isaac,
1395 2600 1624 2648 Magistrum
1647 2598 1874 2647 Synagogae
1889 2598 1928 2634 in
1945 2598 2047 2636 Sub-

1096 2661 1239 2700 moleta
1255 2661 1294 2697 in
1308 2670 1428 2709 regno
1451 2659 1668 2710 praedicto,
1693 2659 1835 2708 scripta
1853 2657 1928 2696 An.
1943 2659 2045 2698 4022

1094 2724 1172 2762 MS.
1196 2723 1235 2759 in
1259 2721 1496 2760 Bibliotheca
1510 2721 1729 2758 Monasterii
1746 2722 1786 2758 B.
1803 2721 1942 2758 Mariae
1959 2721 2044 2758 Vir-

1097 2786 1197 2835 ginis
1220 2783 1268 2821 de
1292 2781 1438 2830 Laude,
1462 2781 1619 2820 Ordinis
1646 2781 1810 2820 Cisterc.
1848 2782 2045 2820 Dioeccsis

1100 2845 1375 2892 Tornacensis,
1393 2847 1495 2881 teste
1513 2842 1684 2881 Sandero
1699 2847 1792 2880 tom.
1817 2843 1849 2880 Il
1868 2853 1950 2892 pag.
1969 2844 1982 2881 4
1994 2841 2044 2880 07

1098 2906 1358 2947 Bibliothecae
1386 2906 1581 2944 MStorum
1615 2905 1746 2955 Belgii.
1771 2903 1914 2942 Prodiit
1946 2904 2041 2942 hacc

1101 2971 1237 3008 Latina
1258 2969 1386 3006 versio
1410 2978 1526 3017 saepe
1540 2968 1658 3006 variis
1682 2967 1719 3004 in
1744 2968 1856 3013 locis,
1881 2970 1925 3004 ut
1940 2967 2045 3004 Man-

1103 3035 1194 3069 tuae
1218 3029 1341 3077 4475,
1363 3028 1437 3077 8,νο
1461 3027 1712 3080 Antwerpiae
1737 3029 1849 3067 4486.
1867 3026 2067 3078 Lugduni'

1137 3180 1237 3212 ⁴*Er
1259 3179 1418 3211 Hebraico
1456 3179 1579 3219 potius,
1601 3187 1686 3219 quae
1722 3187 1760 3211 ex
1795 3179 1936 3211 Arabico
1967 3177 2050 3212 sacta

1097 3234 1190 3269 erat,
1213 3231 1374 3262 versione.
1395 3228 1475 3261 Vide
1499 3231 1576 3261 Rev.
1599 3229 1702 3262 wolfii
1728 3228 1968 3261 Bibliothecam
1992 3231 2051 3261 He-

1098 3281 1233 3313 brucum
1249 3282 1328 3311 tom.
1354 3280 1364 3309 i
1388 3285 1461 3319 pag.
1490 3277 1580 3311 1090.
