2500 4009
405 193 480 232 511

404 264 486 300 «lori
506 277 518 299 x
532 264 634 300 vrbis
649 273 730 310 rap.
757 261 810 297 it.
836 259 1007 295 institui.
1026 255 1256 292 Divinarum
1277 253 1354 289 Lit-

406 332 576 363 terarum
612 327 715 361 recte
743 319 928 367 colligas.
955 315 1222 366 Epiphanium
1258 315 1288 351 si
1315 314 1354 351 in

403 400 448 425 eo
473 387 597 437 posuit
623 392 780 433 operam
799 409 807 425 ,
831 383 940 418 certe
962 389 1040 416 non
1076 377 1204 415 solum
1232 375 1271 414 id
1302 376 1357 414 fe-

404 452 517 488 cisse,
542 451 583 484 ut
602 445 682 494 jain
717 446 852 479 notare.
877 451 940 478 me
973 439 1135 478 memini
1171 437 1268 477 libro
1292 437 1353 476 IV.

406 506 663 548 Bibliothecae
683 504 858 541 Graecae
889 512 973 552 cap.
1005 501 1040 538 6.

454 571 513 608 Ex
542 564 749 606 Clementis
770 562 1041 602 Alexandrini
1054 560 1356 611 Σκωοτυπὼσεων,

403 634 485 669 sive
518 625 866 666 admnbrationum
900 626 1010 664 libris
1044 626 1180 664 brevia
1209 624 1356 663 scholia

403 694 593 732 habemus
618 689 654 727 in
675 688 852 741 priorem
887 688 1016 737 Petri,
1043 687 1083 726 in
1105 685 1232 726 Judae
1264 685 1357 739 Epa·-

402 753 538 794 stolam
554 784 563 800 ,
586 757 625 790 et
651 751 690 789 in
707 751 885 803 primam
904 761 952 788 ac
976 749 1190 789 secundam
1213 748 1358 787 Jolian-

399 816 484 855 uis.
521 826 638 866 saepe
676 825 825 854 excusa
844 815 993 852 >Latine
1032 814 1070 850 in
1106 812 1358 851 Bibliothecis

402 880 559 916 Patrum
579 882 643 926 ,et
662 882 827 916 curante
847 877 998 914 Joanne
1015 875 1121 913 Fello
1137 874 1184 914 ad
1209 874 1358 913 calcem

402 941 486 979 libri
511 940 729 979 Clementis
752 939 800 977 de
820 939 945 977 divite
971 937 1164 976 salvando
1184 937 1358 975 Oxoniae

402 1003 518 1042 4683.
543 1003 691 1045 42000
713 1013 788 1039 0011
813 1002 850 1039 in
875 1002 916 1039 B.
942 1001 1120 1039 Doctoris
1147 1001 1235 1047 mei,
1260 999 1360 1037 ’1110-

401 1077 488 1104 mae
513 1065 629 1115 lttigii
663 1064 940 1114 supplemento
975 1062 1150 1113 Operum
1178 1061 1361 1100 Clemen-

401 1129 478 1173 tis,
505 1128 656 1176 Lipsiae
682 1126 782 1164 4700
808 1125 843 1162 8.
879 1129 919 1163 et
945 1125 982 1162 in
1011 1123 1228 1162 novissima
1259 1122 1360 1174 Ope-

401 1201 489 1227 rum
514 1188 734 1226 Clementis
772 1186 941 1225 editione
971 1186 1186 1225 Oxoniensi
1206 1216 1214 1234 ,
1238 1197 1359 1238 quam

401 1251 569 1290 Johanni
587 1252 741 1289 Pottcro
758 1249 951 1288 debemus
972 1248 1169 1288 4745101.
1188 1261 1225 1300 p.
1244 1248 1358 1288 4006.

401 1316 508 1354 llanc
525 1324 683 1364 quoque
706 1313 932 1351 versionem
949 1311 1170 1363 Epiphanio
1194 1312 1268 1350 viri
1294 1310 1362 1350 do-

401 1378 453 1415 cti
483 1376 683 1423 tribuunt,
709 1375 801 1425 quia
825 1374 1150 1413 adumbrationes
1170 1385 1213 1412 se
1245 1372 1362 1423 liuju-

402 1437 527 1476 smodi
547 1467 555 1485 ,
585 1437 803 1476 Clementis
827 1447 990 1475 curasse
1011 1437 1216 1475 transferri
1240 1440 1363 1474 testa-

403 1507 468 1540 tur
488 1499 750 1539 Cassiodorus
773 1500 1005 1538 Divinarum
1039 1500 1278 1538 Litterarum
1305 1500 1361 1536 in-

400 1565 527 1602 stitut.
571 1565 699 1614 capite
734 1563 769 1600 8.
808 1562 873 1601 ubi
910 1563 1167 1613 expositionis
1203 1561 1363 1613 Didymi

401 1628 521 1665 etiam
552 1626 591 1664 in
626 1628 771 1678 septem
806 1623 1005 1677 Epz‘scolas
1031 1624 1250 1664 canonicas
1280 1636 1363 1662 mc-

403 1690 529 1736 minit,
554 1694 594 1727 et
617 1690 745 1740 capite
770 1690 908 1739 quinto
933 1687 1113 1737 ejusdem
1138 1686 1300 1738 Didymi
1322 1687 1362 1725 in

404 1750 639 1800 Proverbia,
664 1757 784 1801 atque
808 1750 1025 1802 Epiphanii
1049 1750 1252 1789 Antistitis
1288 1750 1362 1801 Cy-

401 1814 490 1867 prii
510 1815 725 1853 voluminis
760 1814 892 1852 brevis
917 1812 956 1850 in
989 1812 1196 1852 Canticum
1229 1811 1363 1852 Canti-

403 1889 551 1926 rorum,
578 1888 678 1928 quae
710 1877 783 1914 tria
804 1874 855 1913 ab
879 1875 1006 1914 amico
1026 1887 1097 1914 suo
1122 1875 1209 1915 viro
1233 1874 1363 1915 diser-

404 1938 797 1992 tissimo-Epiphanio
821 1939 941 1977 refert
967 1943 1129 1989 rogante
1154 1950 1196 1977 se
1228 1939 1364 1977 Latine

406 2002 555 2042 reddita
596 2003 745 2049 fuisse,
782 2002 852 2040 sed
899 2013 1016 2040 nemo
1058 2001 1212 2050 adhuc,
1260 2000 1363 2051 quod

406 2067 528 2104 sciam
548 2095 555 2113 ,
578 2067 615 2103 in
646 2065 776 2103 lucem
798 2065 973 2115 protulit.

456 2129 591 2167 EPKO
606 2127 652 2166 (le
666 2125 847 2178 Replcow,
868 2137 1000 2177 supra,
1018 2127 1150 2165 ECCO
1172 2138 1258 2177 pag.
1277 2127 1364 2164 49⁴2.

459 2190 708 2229 ERACLIUS
726 2188 841 2239 (apud
858 2189 1070 2227 Baronium
1086 2193 1126 2226 ct
1143 2188 1239 2226 alios
1248 2188 1367 2226 ERA-

406 2253 534 2301 DIUS)
558 2252 825 2302 Hipponensis
850 2251 1073 2301 Presbyter,
1092 2252 1129 2289 S.
1147 2249 1369 2300 Augustino

408 2313 525 2353 valde
544 2314 733 2365 probatus
754 2342 761 2359 ,
785 2317 825 2351 et
848 2313 895 2350 ab
919 2324 964 2350 eo
998 2312 1072 2351 An.
1098 2314 1183 2351 426.
1209 2313 1272 2351 26.
1302 2313 1369 2351 Se-

406 2376 577 2427 ptembr.
602 2375 836 2426 designatus
857 2377 890 2423 a)
917 2386 1126 2415 successor
1148 2377 1184 2413 in
1211 2377 1370 2426 Episco-

406 2444 501 2490 patu
534 2439 791 2490 llipponensi.
838 2439 937 2477 Huic
974 2439 1181 2486 tribuitur,
1216 2442 1257 2476 et
1295 2438 1369 2477 sub

407 2502 494 2551 ejus
515 2503 673 2540 nomine
691 2501 823 2539 editus
841 2505 903 2539 est
926 2503 962 2539 10
984 2502 1209 2540 Combelisii
1230 2502 1370 2542 Biblio-

409 2565 522 2603 theca
538 2565 834 2605 Concionatoria
850 2565 988 2604 Sermo
1006 2565 1106 2603 XIV.
1125 2565 1227 2602 inter
1239 2564 1369 2603 LXIV.

406 2626 718 2677 Augustinianos
742 2627 789 2665 de
814 2626 955 2665 Verbis
982 2627 1138 2665 Domini
1161 2655 1170 2675 ,
1202 2628 1287 2664 sive
1322 2625 1370 2664 de

413 2689 546 2727 Verbis
561 2690 778 2739 Evangelii.
804 2691 846 2728 ln
873 2691 1092 2728 novissima
1110 2689 1282 2728 editione
1302 2690 1375 2727 Be-

411 2750 699 2790 nedictinorum
722 2756 817 2790 tom.
840 2753 883 2790 V.
916 2753 953 2789 in
993 2751 1236 2802 appendice,
1262 2762 1371 2789 nuin.

416 2814 566 2851 LXXll.
588 2813 779 2863 Ejusdem
805 2815 946 2853 I⁴Iraclii
979 2816 1119 2854 Sermo
1139 2815 1241 2853 alius
1265 2825 1376 2864 prae—

414 2879 524 2911 sente
550 2875 769 2925 Augustino
790 2876 961 2926 habitus,
983 2877 1049 2926 qui
1074 2877 1209 2926 incipit
1229 2889 1236 2914 :
1264 2876 1374 2922 Puto,

413 2934 573 2984 fratres,
599 2938 702 2988 quod
723 2950 851 2977 meam
871 2938 1074 2978 sarcinam
1096 2937 1290 2986 sentiatis,
1307 2948 1375 2975 cx-

418 3002 494 3034 stat
516 3000 551 3035 in
574 2999 709 3037 eodem
733 3005 826 3039 tom.
852 3003 894 3039 V.
923 3006 1012 3052 post
1042 3011 1269 3039 sermonem
1294 2999 1375 3037 Au-

419 3061 561 3102 ,0051101
587 3063 801 3100 CCCXCV.
825 3065 879 3101 De
903 3063 1040 3102 eodem
1060 3061 1162 3100 idern
1188 3062 1377 3112 Augusti-

421 3130 493 3156 nus
509 3131 689 3160 sermone
707 3125 764 3162 45,
783 3123 830 3162 (10
847 3125 1018 3163 (liversis
1036 3124 1232 3174 (editionis
1251 3134 1376 3162 novae

480 3262 506 3286 a.
530 3257 1002 3301 iidv.iun=uiniilqirtolani
1030 3265 1098 3299 110.
1119 3267 1305 3305 (ediUOIHS
1326 3274 1387 3297 no-

422 3310 478 3329 xae
503 3302 600 3340 213.)

1295 181 1481 219 EPKO

1429 251 1533 299 3236.)
1556 251 1757 289 Dcaconus
1777 250 1965 291 Eraclius
1983 254 2072 290 (trite
2086 254 2238 290 vestros
2255 251 2385 290 oculos

1427 315 1642 353 versatur.-
1682 323 1802 364 opera
1835 314 1924 365 ejics
1961 316 2155 366 (erogatae
2183 315 2385 365 pecuniae)

1430 374 1561 414 lucent
1577 386 1716 413 coram
1740 373 1866 414 ocul-is
1889 376 2035 415 vestris
2059 381 2134 416 etc.

1480 435 1714 477 ERASMUS
1740 437 1936 476 STULER
1956 467 1964 486 ,
1988 439 2021 488 a)
2047 441 2132 478 sive
2166 437 2361 479 STELLA
2378 469 2387 487 ‚

1429 498 1724 549 Lz‘banotanus,
1749 499 1835 538 sive
1870 500 2165 551 Lipsiensis,b)
2201 499 2390 552 Hippoce-

1428 561 1520 601 m'us
1544 562 1581 600 h.
1598 573 1634 600 e.
1656 561 1897 613 Ephippiarii
1922 561 2038 609 filius,
2061 564 2236 604 Medicus
2259 569 2299 603 et
2313 563 2389 603 An.

1431 626 1545 665 4543.
1576 624 1724 664 Consul
1749 623 2088 674 Zwickaviensis‚
2112 625 2283 666 denatus
2313 624 2388 664 An.

1430 687 1545 727 4524.
1568 686 1724 725 Primus
1752 685 1816 726 1110
1849 686 2004 726 duobus
2028 687 2215 728 brevibus
2248 689 2390 728 libellis

1429 749 1662 799 complexus
1685 751 1748 786 est
1781 747 2047 800 Antiquitates
2078 749 2293 790 Boi-assiae
2312 749 2388 789 An.

1432 811 1546 851 4540.
1574 812 1612 848 10
1636 811 1802 861 gratiam
1826 810 2013 850 Friderici
2039 811 2233 851 Saxoniae
2255 813 2388 863 Ducis,

1430 874 1732 912 Sacro—sanctae
1756 872 1919 912 militiae
1943 872 2103 928 Ordinis
2122 874 2244 914 Divae
2267 875 2391 926 Virgi—

1431 937 1494 974 nis
1523 935 1828 974 Teutonicorum
1863 935 2172 986 P-rotomagistri.
2209 936 2391 976 Prodiere

1432 998 1605 1048 primum
1630 997 1806 1035 Basileae
1831 997 1946 1037 4540.
1973 998 2007 1036 4.
2043 997 2092 1037 de
2119 998 2264 1049 quibus
2297 999 2395 1039 Vos-

1433 1060 1517 1098 sius
1540 1070 1625 1109 pag.
1651 1058 1740 1098 650.
1781 1063 1926 1098 notans
1959 1058 2098 1099 eodem
2134 1060 2301 1100 Erasmo
2336 1059 2395 1099 di-

1433 1126 1566 1161 ctante
1585 1120 1802 1159 Johannem
1826 1120 2049 1160 Garzonem
2064 1151 2072 1171 ,
2088 1123 2392 1172 Bononiensem,

1430 1185 1585 1224 Erasmi
1606 1188 1906 1235 praeceptorem
1923 1183 2123 1233 ,Annales
2143 1185 2363 1224 Misnenses
2383 1214 2391 1234 ,

1433 1248 1518 1285 sive
1547 1246 1595 1285 de
1633 1246 1752 1287 rebus
1786 1247 1980 1286 Saxoniae
2014 1249 2311 1299 composuisse,
2344 1247 2393 1286 ad

1432 1320 1531 1361 quos
1553 1311 1757 1348 Lectorem
1783 1320 1901 1349 suum
1932 1309 2087 1361 ablegat
2110 1308 2302 1361 Georgius
2326 1311 2395 1350 Fa-

1433 1372 1582 1411 bricius
1602 1372 1698 1410 libro
1722 1376 1837 1411 sexto
1862 1373 2069 1424 Originum
2095 1373 2391 1413 Saxonicarum.

1432 1434 1607 1473 Annales
1639 1434 1854 1482 Garzonis,
1892 1434 2021 1474 eidem
2057 1434 2253 1475 Friderico
2295 1437 2393 1475 Duci

1437 1497 1630 1536 Saxoniae
1654 1497 1804 1536 dicatos
1828 1501 1871 1536 et·
1891 1497 2000 1536 libris
2032 1497 2188 1538 duobus
2221 1497 2394 1550 digestos

1435 1559 1559 1598 edidit
1574 1560 1769 1599 Erasmus
1786 1554 1906 1598 Stella
1915 1559 2090 1599 Basileae
2107 1561 2174 1600 454
2186 1560 2222 1599 8.
2239 1561 2273 1598 4.
2288 1560 2394 1599 unde

1434 1624 1562 1661 recusi
1600 1626 1696 1661 sunt
1728 1623 1766 1660 in
1805 1622 1983 1673 sylloge,
2006 1623 2069 1662 cui
2093 1622 2259 1662 titulus:
2288 1623 2394 1674 Opus

1433 1684 1705 1723 Historiarum
1731 1687 1864 1723 nostro
1887 1683 2045 1723 saeculo
2077 1684 2397 1725 convenientissi-

1434 1758 1568 1795 mum,
1594 1747 1682 1785 ibid.
1717 1746 1831 1786 45114.
1858 1747 1920 1785 fol.
1957 1747 2107 1786 Deinde
2144 1758 2236 1787 cum
2266 1749 2400 1804 Mona-¹

1435 1809 1510 1847 0110
1534 1810 1764 1860 Pegaviensi
1791 1809 1838 1848 de
1861 1810 1943 1847 vita
1982 1810 2148 1861 Viperti
2165 1807 2402 1849 Marchionis*

1436 1873 1633 1920 Lusatiae⁷
1649 1876 1815 1911 curante
1837 1872 2032 1911 Reinardo
2048 1873 2265 1922 Reineccio,
2280 1873 2401 1911 Fran-

1435 1935 1577 1973 cofurti
1605 1935 1719 1973 4584..
1746 1934 1807 1972 fol.
1833 1935 2013 1985 Denique
2044 1935 2277 1986 praemissis
2309 1946 2399 1974 eru·

1437 1996 1609 2035 ditorum
1633 1996 1681 2035 de
1706 1997 1885 2036 Garzone
1910 1999 2151 2037 testimoniis
2180 1999 2217 2036 in
2258 1998 2403 2038 Claris-

1439 2059 1527 2097 simi
1547 2058 1763 2097 Menckenii
1785 2060 2043 2109 scriptoribus
2077 2071 2211 2099 rerum
2235 2061 2399 2099 Germa-

1440 2122 1621 2160 nicarum
1637 2125 1733 2159 tom.
1751 2121 1786 2167 2,
1806 2132 1891 2171 pag.
1911 2123 1978 2161 404
1991 2124 2068 2161 5--4
2081 2123 2172 2161 056.
2188 2134 2279 2162 cum
2297 2123 2401 2161 notis

1440 2183 1504 2220 W.
1523 2184 1566 2221 E.
1584 2183 1787 2221 Tentzelii.
1805 2183 1939 2234 Neque
1957 2195 2049 2222 vero
2067 2184 2196 2223 lucem
2214 2184 2403 2224 viderunt

1440 2245 1594 2283 Erasmi
1618 2243 1745 2294 hujus
1759 2244 1938 2283 sttoria
1958 2246 2177 2285 Borussica
2200 2257 2319 2297 quam
2339 2244 2405 2286 de-

1447 2318 1533 2344 cem
1576 2306 1846 2345 voluminibus
1881 2309 2091 2359 complecti
2126 2309 2307 2348 volebat:
2333 2322 2405 2349 nec

1445 2369 1558 2407 Liber
1580 2367 1626 2406 cle
1650 2367 1791 2408 eduliis
1813 2370 1876 2408 IV.
1901 2375 1971 2409 aut
1992 2370 2190 2410 Chronica
2205 2371 2405 2410 succincta

1446 2429 1763 2471 Zwiclsoviensis
1786 2433 1893 2471 MSta
1914 2433 2098 2485 Cygneae
2122 2435 2208 2473 sive
2232 2434 2407 2475 Zwicka-

1446 2495 1534 2533 viac
1550 2526 1559 2543 ,
1586 2496 1647 2533 001
1674 2506 1751 2532 non
1775 2495 1871 2533 adeo
1896 2497 2069 2535 multum
2094 2497 2231 2536 tribuit
2268 2497 2408 2536 Tobias

1447 2557 1608 2596 Solimid
1633 2558 1668 2594 in
1691 2556 1886 2597 Chronico
1910 2559 2086 2610 Cygneo,
2105 2559 2209 2599 edito
2225 2559 2270 2599 A.
2291 2560 2406 2600 4756.

1448 2621 1482 2658 [1.
1511 2618 1627 2659 Libri
1651 2618 1727 2657 cluo
1760 2619 1806 2658 cle
1844 2621 2082 2661 Germaniae
2117 2620 2378 2662 vetustatibus
2397 2654 2407 2671 ,

1448 2687 1617 2733 utraque
1635 2682 1767 2733 lingua
1787 2684 1921 2735 scripti
1937 2685 2087 2735 (Latina
2101 2689 2141 2723 et
2150 2685 2407 2735 Germanica,)

1451 2746 1537 2783 sivo
1561 2745 1836 2784 commentarii
1861 2745 1939 2784 duo
1963 2746 2011 2785 ad
2042 2746 2286 2786 Fridericum
2321 2746 2411 2786 Ele-

1449 2811 1598 2845 ctorem
1624 2807 1840 2846 Saxoniae:
1865 2806 1911 2845 cle
1938 2807 2096 2859 populis
2120 2811 2157 2847 et
2178 2807 2301 2848 rebus
2318 2808 2408 2860 pri-

1451 2868 1531 2907 scis
1552 2880 1646 2906 orae
1663 2868 1764 2906 inter
1784 2868 1922 2908 Salam
1942 2873 1977 2908 ct
1990 2869 2148 2909 Albium
2161 2902 2173 2920 ,
2198 2870 2245 2909 de
2262 2869 2411 2922 oriqine

1452 2933 1488 2968 et
1505 2928 1626 2968 rebus
1648 2928 1956 2970 Tubantinorum
1972 2963 1982 2979 ‚
2007 2933 2271 2983 Cymaeorum,
2293 2931 2409 2972 Liba—

1449 2995 1683 3029 notcmorwn
1720 2995 1756 3030 et
1789 2993 2048 3033 Misnensium
2067 3025 2077 3043 ,
2118 2993 2412 3046 Chroniconque

1457 3053 1666 3102 Plissense,
1692 3059 1848 3105 praeter
1863 3056 1998 3096 brevia
2013 3054 2315 3108 paralipomena
2326 3056 2413 3095 vul-

1512 3167 1717 3206 a)Melcl1ior
1742 3169 1843 3200 Adam
1868 3168 1907 3200 de
1930 3170 2008 3200 vitis
2031 3169 2234 3201 Medicorum
2257 3176 2335 3208 pag.
2361 3169 2394 3200 5.

1517 3217 1552 3255 b)
1575 3217 1758 3250 Christiani
1775 3218 1983 3256 Schoctgenii
1998 3217 2256 3258 uiplomausche
2271 3218 2340 3250 und
2357 3226 2421 3250 cu-

1461 3268 1569 3299 ricusc
1593 3268 1749 3300 Naclilese
1785 3277 1847 3299 von
1884 3267 2133 3299 ‹nior-Sachscn
2159 3268 2214 3300 ΙΙΙ.
2239 3276 2316 3309 pag.
2343 3268 2419 3301 500.

1460 3324 1530 3355 seq.
