2500 3841
1005 208 1229 249 Altlsso

128 286 260 336 orgius
296 284 545 323 Christianus
580 283 769 324 Johannis
793 285 841 324 ad
878 286 1019 325 librum
1042 287 1086 326 V.

127 345 270 386 Nicolai
293 345 434 385 Serarii
452 375 460 395 ,
481 350 586 384 tomo
610 346 638 384 Ι.
658 346 805 385 Rerum
827 348 1089 398 Moguntiaca-

127 420 215 447 rum
238 419 324 460 pag.
350 409 425 447 463
449 419 559 459 seqq.

181 470 332 510 ARIBO
367 470 566 521 Musteus,
605 470 671 522 qui
709 475 798 522 post
846 471 1089 513 Wihelmum

122 532 324 572 -Abbatem
347 534 688 584 Hirsaugiensem,
712 534 785 573 hoc
811 539 872 573 est
896 540 984 586 post
1012 535 1092 574 An-

125 607 223 635 num
247 595 349 635 1090
373 597 534 646 scripsit
555 595 774 644 Musicam,
798 607 966 646 eamque
998 597 1092 648 Epi-

125 667 243 708 scopo
267 668 341 696 suo
363 658 624 696 consecravit.

176 726 278 758 Aribo
296 729 477 759 tractatum
493 727 644 767 depinxit
660 729 804 760 Musteus
825 729 926 761 istum
941 752 951 768 ‚

216 781 324 817 Atque
342 776 439 810 dedit
454 776 543 809 dono
561 779 717 812 Pontifici
737 781 885 819 proprio.

120 843 218 882 Vide
239 842 496 895 Anonymum
518 844 785 883 Mellicensem
809 844 858 883 de
883 845 1088 896 Scriptori-

121 905 198 943 bus
219 905 372 945 Eccles.
396 917 480 957 cap.
507 907 594 946 106.

173 966 420 1007 ARIULFUS
437 998 445 1017 ,
463 970 547 1007 sive
562 967 844 1008 HARIULFUS
863 968 1018 1018 ,Abbas
1038 970 1086 1008 ab

120 1028 167 1068 A.
194 1031 296 1069 11Οὸ
319 1031 358 1068 in
395 1030 576 1070 Flandria
613 1030 945 1082 AldeborgensiS,
969 1035 1085 1069 antea

120 1091 334 1130 Monachus
363 1092 617 1132 Centulensis
635 1122 643 1140 ,
664 1094 748 1131 sive
777 1093 816 1132 S.
853 1092 1021 1130 Richarii
1046 1093 1085 1129 in

121 1153 271 1204 Gallia,
308 1164 386 1204 quo
417 1158 593 1205 tempore
618 1153 811 1194 Crom‘con
835 1152 1084 1193 Centulensz's

121 1217 375 1265 monasterii,
399 1226 527 1266 usque
558 1227 581 1255 a
616 1215 860 1266 temporibus
897 1215 1085 1254 Clotharii

119 1278 238 1329 Regis
265 1282 448 1329 coeptum
472 1290 494 1317 a
517 1277 831 1327 SAXOWALO,
855 1278 1018 1328 perfecit
1042 1278 1087 1316 li-

121 1339 282 1390 brisque
305 1341 355 1379 lV
382 1340 551 1379 absolvit
574 1339 618 1379 A.
643 1341 685 1380 C.
716 1340 830 1379 1088.
855 1339 988 1379 Edidit
1012 1340 1084 1379 hoc

121 1403 294 1453 primum
316 1402 532 1442 Dacherius
555 1407 660 1441 tomo
676 1403 726 1442 IV
745 1403 945 1454 spicilegii,
962 1405 1000 1441 in
1017 1415 1085 1442 cu-

119 1463 186 1514 jus
222 1465 351 1515 operis
384 1476 487 1504 nova
520 1465 689 1504 editione
713 1465 963 1504 emendatius
987 1467 1086 1504 inte-

121 1528 309 1579 griusque
333 1530 395 1564 est
418 1538 604 1566 recusum
632 1531 726 1566 tom.
751 1528 774 1567 2
800 1528 862 1566 fol.
892 1528 981 1568 291.
1005 1527 1086 1567 Λη-

114 1582 280 1640 {filberti
298 1587 423 1629 Vitam
439 1600 488 1627 ex
512 1589 609 1627 libro
632 1589 806 1628 secundo
823 1588 944 1640 hujus
964 1590 1085 1630 Chro-

118 1651 196 1689 nici
217 1651 373 1702 repetiit
394 1652 638 1691 Mabillonius
658 1663 735 1691 sec.
753 1653 814 1692 IV.
840 1652 1081 1693 Benedictin.

117 1724 204 1764 pag.
229 1714 292 1762 91,
315 1708 383 1764 qui
403 1714 479 1753 alia
500 1716 619 1754 etiam
643 1714 763 1765 hujus
787 1714 927 1754 Ariulfi
959 1715 1085 1766 publi-

118 1777 243 1826 cavit,
267 1781 311 1815 ut
333 1781 490 1826 praeter
510 1776 766 1828 Epitaphium
789 1783 829 1816 et
855 1778 1027 1818 Carmen
1045 1779 1083 1816 in

117 1836 319 1876 Analectis
343 1842 437 1877 tom.
462 1839 497 1887 Ι,
512 1850 598 1890 pag.
622 1840 687 1878 431
720 1839 834 1890 (edit.
852 1851 977 1878 novae
994 1852 1080 1891 pag.

119 1899 232 1949 378.)
258 1900 431 1939 libellum
451 1900 498 1940 de
516 1900 722 1939 miraculis
741 1902 781 1941 S.
806 1901 987 1941 Rz'clzarii
1001 1931 1008 1950 ,
1033 1901 1081 1940 ad

117 1961 369 2014 Radulphum
391 1964 604 2003 Remorum
625 1964 669 2002 A.
692 1964 791 2004 1110
817 1975 894 2003 sec.
912 1965 970 2011 V,
994 1976 1079 2016 pag.

118 2025 194 2063 465
217 2029 257 2064 et
286 2025 409 2065 Vitam
430 2027 470 2065 S.
499 2025 764 2078 Massdelqisili
783 2026 833 2065 ad
862 2027 1081 2065 Gervinum

117 2087 425 2127 Ambianensem
454 2089 694 2140 Episcopum
718 2100 796 2128 sec.
822 2089 872 2127 IV
896 2090 918 2128 Ξ
941 2101 978 2139 p.
1005 2088 1080 2127 537

117 2161 218 2200 quae
240 2155 374 2190 exstat
388 2152 508 2190 etiam
524 2153 562 2189 in
586 2151 698 2190 Actis
722 2152 897 2191 Sanctor.
920 2152 967 2191 30
992 2152 1081 2201 Maji

118 2218 212 2251 torn.
236 2214 331 2264 VII,
354 2225 441 2266 pag.
466 2215 554 2254 265.
593 2215 682 2253 Vita
705 2215 745 2254 S.
781 2213 939 2264 Arnulfi
961 2215 1082 2254 Sves-

117 2277 313 2315 sionensis
340 2277 550 2329 Episcopi,
574 2277 808 2329 interpolata
830 2289 852 2316 a
883 2278 1021 2326 Surio,
1043 2281 1082 2315 et

115 2339 263 2377 omisso
281 2340 423 2390 triplici
446 2340 603 2391 prologo
626 2341 814 2391 vulgata,
840 2340 922 2379 XV.
948 2339 1083 2390 Augu-

117 2401 169 2439 sti
193 2401 267 2440 sub
286 2401 383 2440 falso
406 2403 564 2441 nomine
581 2401 794 2441 LISIARDI
812 2432 819 2450 ,
836 2403 902 2452 qui
917 2400 1082 2440 Arnulfo

120 2464 325 2502 successit.
348 2464 438 2503 Vita
453 2465 498 2502 B.
518 2463 683 2503 Gervini
697 2494 705 2509 ,
721 2464 860 2504 Ariulli
876 2465 915 2502 in
936 2463 1082 2502 Alden-

119 2523 307 2575 burgensi
329 2524 495 2565 Abbatia
531 2526 751 2565 decessoris
775 2528 813 2564 in
850 2525 961 2565 Actis
985 2525 1082 2564 San-

118 2590 272 2625 ctorum
298 2586 346 2626 17
369 2587 489 2638 April.

171 2647 431 2687 ARLOTTUS
450 2650 683 2688 Vicentinus
704 2649 752 2688 de
765 2649 972 2698 Rainone,
997 2650 1081 2687 sive

120 2712 331 2763 Raynone,
353 2711 421 2750 Vir
444 2711 584 2750 nobilis
602 2716 642 2750 et
664 2712 870 2762 eloquens,
886 2711 1081 2750 Vicentini

117 2774 252 2825 populi
289 2784 354 2813 res
375 2777 511 2812 contra
544 2775 737 2822 Patavos,
762 2775 847 2812 sive
870 2773 1080 2812 Patavinos

119 2840 253 2887 gestas
269 2835 467 2886 fidemque
481 2846 571 2886 erga
589 2836 798 2875 Caesarem
814 2835 960 2874 diserto
976 2835 1079 2885 stylo

118 2897 304 2948 tradidit,
328 2897 623 2948 indignantibus
651 2897 880 2946 Gibellinis,
910 2907 1078 2947 quorum

119 2960 286 2999 factione
308 2961 347 2998 in
385 2960 548 2999 exilium
581 2959 729 2998 missus
752 2962 838 3006 est,
862 2962 902 2996 et
936 2970 1078 3010 magna

121 3020 208 3073 ejus
231 3021 417 3061 historiae
450 3033 542 3074 pars
570 3022 793 3071 combusta,
821 3021 1077 3072 capitalisque

118 3095 245 3135 poena
266 3088 307 3124 et
330 3085 551 3135 legentibus
572 3085 753 3135 imposita
778 3087 855 3131 est,
880 3087 924 3122 ut
947 3094 995 3122 ex
1018 3084 1075 3122 Jo.

120 3147 296 3198 Baptista
318 3146 495 3198 Pajarino
516 3146 598 3198 jam
619 3147 770 3185 notavit
799 3146 962 3184 Vossius
991 3156 1076 3196 pag.

107 3209 212 3247 696.

175 3269 404 3311 ARLOTUS
427 3271 474 3312 de
498 3273 618 3311 Prato
635 3272 801 3311 Tusciae
821 3269 951 3320 opido,
970 3269 1081 3309 Ordi-

2036 217 2111 258 127

1161 281 1229 319 Hic
1255 280 1564 322 Concordantias
1586 282 1759 323 Biblicas
1775 286 1982 337 scripsisse
1999 291 2118 329 tradi-

1163 346 1228 382 tur
1247 344 1295 383 ab
1314 344 1482 395 Albicio,
1505 350 1546 385 et
1567 358 1617 386 ex
1634 346 1720 396 ejus
1743 347 1839 387 libro
1857 350 2117 392 Conformita-

1163 410 1267 455 tum,
1292 419 1411 458 quem
1435 407 1509 447 An.
1536 409 1636 448 1389
1655 409 1839 459 absolvit,
1865 415 2018 452 notavit
2037 416 2118 455 Ou-

1164 468 1282 507 dinus
1305 474 1410 508 tomo
1434 472 1485 509 ΙΙΙ
1518 483 1605 522 pag.
1636 473 1724 511 569.
1761 473 1965 526 Arlotique
1995 477 2118 529 hujus

1164 541 1252 569 esse
1266 536 1380 583 putat
1395 533 1703 572 Concordantias
1718 535 1889 584 Latinas,
1909 550 2010 588 quae
2026 545 2116 591 post

1163 594 1355 633 editiones
1379 595 1747 646 Norimbergensem
1773 598 1874 638 1485
1897 601 2117 641 Bononien-

1164 667 1248 694 sem
1284 656 1385 696 1486
1428 657 1692 697 Frobenianas
1733 660 1982 702 Basileenses
2012 665 2116 703 1496

1163 718 1265 757 4525
1288 723 1328 758 et
1352 719 1465 758 1543.
1487 723 1527 757 et
1550 720 1811 760 Parisiensem
1840 724 1997 763 Roberti
2028 727 2117 766 Ste-

1161 779 1279 830 phani
1306 781 1406 819 1555
1428 781 1543 818 toties
1566 792 1729 820 recusae
1753 785 1837 822 sine
1857 789 2029 826 auctoris
2049 800 2119 828 no-

1160 841 1266 879 mine
1289 843 1410 880 variis
1433 843 1469 880 in
1492 842 1603 891 lociS,
1627 844 1785 894 Huyom'
1798 845 1843 884 cle
1862 848 1967 886 Caro
1991 851 2118 890 tribu-

1162 905 1285 940 untur
1304 904 1352 942 ab
1376 902 1576 942 Antonino
1601 905 1827 946 Florentino
1848 909 2026 960 aliisque.
2043 913 2119 952 Alii

1159 967 1335 1005 referunt
1364 966 1413 1005 ad
1438 966 1666 1007 conradum
1702 968 2091 1012 Halberslacliensem
2108 1006 2117 1022 ‚

1158 1029 1223 1067 vel
1247 1028 1491 1068 Riclzardum
1513 1030 1779 1083 scavenesby,
1804 1034 1869 1072 vel
1902 1033 1948 1072 ad
1974 1034 2119 1073 Johan-

1158 1102 1246 1130 nem
1282 1090 1328 1130 cle
1369 1091 1657 1144 Derlt'nytonia,
1697 1096 1801 1134 sicut
1839 1098 2117 1147 particolarum

1159 1154 1466 1194 Concordantias
1495 1155 1544 1194 ad
1572 1156 1761 1196 Joannem
1784 1157 1830 1196 de
1854 1159 2044 1210 Seqovia,
2074 1166 2118 1200 ut

1160 1216 1198 1253 in
1237 1217 1403 1266 singulis
1428 1217 1535 1256 hisce
1560 1220 1705 1257 notavi.
1731 1219 1915 1260 Arlotum
1954 1227 2118 1261 secutus

1160 1283 1222 1317 est
1245 1280 1354 1317 Isaac
1377 1280 1547 1328 Nathan,
1585 1286 1629 1320 ut
1672 1283 1754 1333 ipse
1790 1283 2023 1335 profitetur,
2052 1288 2118 1335 qui

1159 1341 1368 1380 Hebraicas
1409 1342 1720 1382 Concordantias
1757 1348 1990 1396 composuit.
2021 1347 2118 1386 Vide

1158 1403 1415 1443 eruditissimi
1445 1407 1569 1443 nostri
1591 1406 1722 1444 Wolfii
1743 1407 2024 1447 Bibliothecam
2044 1411 2119 1448 Hc-

1157 1466 1316 1505 braeam
1341 1470 1434 1505 tom.
1461 1467 1476 1505 Ι
1502 1479 1587 1518 pag.
1615 1468 1703 1508 681.

1211 1528 1484 1568 Bernarclitzus
1507 1529 1758 1582 ARLUNUS,
1787 1534 1808 1571 J
1813 1535 1910 1574 Ctus
1934 1540 1973 1574 et
1996 1537 2118 1575 Patri—

1157 1593 1243 1630 cius
1259 1591 1573 1640 MediolanensiS,
1589 1594 1759 1633 traditur
1775 1597 1982 1647 scripsisse
1996 1598 2119 1637 histo-

1158 1655 1305 1693 riarum
1327 1656 1524 1694 sectiones
1548 1659 1631 1694 tres
1650 1656 1698 1695 ab
1723 1658 1871 1709 origine
1887 1659 2002 1698 Urbis
2016 1662 2119 1699 Mee-

1159 1717 1400 1756 diolanensis
1425 1717 1474 1756 ad
1495 1728 1568 1757 sua
1592 1729 1719 1768 usque
1748 1724 1937 1772 tempora,
1962 1723 2046 1761 sive
2070 1723 2119 1762 ad

1158 1782 1266 1819 initia
1290 1779 1445 1819 Saeculi
1468 1781 1558 1819 XVI
1579 1774 1679 1830 quas
1702 1782 1905 1823 lohannes
1922 1784 2119 1836 Oporinus

1156 1841 1272 1881 edere
1297 1842 1423 1880 voluit
1443 1852 1535 1880 cum
1559 1843 1799 1893 praefatione
1823 1844 1984 1885 Antonii
2002 1847 2120 1898 Majo-

1157 1906 1263 1955 ragii.

1199 1968 1220 1990 ἦ(
1246 1968 1289 2006 In
1313 1966 1453 2007 Codice
1470 1967 1640 2018 quodam
1656 1970 1731 2007 MS.
1749 1968 2118 2024 Ambrosianoapud

1155 2030 1405 2069 Mantfaucon
1429 2034 1569 2068 extant
1593 2031 1771 2070 eiusdem
1796 2031 1935 2072 Arluni
1976 2035 2120 2076 oracio-

1154 2103 1221 2131 nes
1231 2096 1270 2131 et
1280 2091 1482 2144 opuscula.
1497 2093 1595 2131 Item
1613 2092 1794 2131 Historia
1802 2094 2118 2145 Meclz'olcmensis,

1155 2154 1202 2192 cle
1219 2152 1315 2192 bello
1336 2155 1484 2193 Veneto.
1502 2155 1600 2192 Item
1616 2155 1673 2193 De
1687 2154 1810 2194 rebus
1819 2157 1998 2208 patriae,
2015 2160 2121 2210 quod

1155 2218 1353 2267 posterius
1382 2227 1482 2268 opus
1517 2216 1622 2255 idem
1656 2222 1719 2256 est
1743 2229 1835 2256 cum
1859 2219 2022 2260 historia
2044 2223 2122 2260 Me-

1155 2279 1384 2318 diolanensi.
1408 2278 1493 2318 Alia
1514 2277 1702 2331 :eiusdem
1734 2282 1926 2331 opuscula
1949 2284 2121 2323 videnda

1155 2341 1260 2392 apud
1278 2341 1510 2393 Argelatum
1530 2343 1569 2380 in
1586 2343 1767 2381 Biblioth.
1788 2343 2082 2385 Mediolanensi.
2100 2347 2121 2368 *f

1205 2403 1317 2443 Alius
1334 2403 1520 2443 Nicolaus
1535 2403 1581 2443 de
1595 2403 1761 2453 Arlzmo,
1776 2406 2014 2455 Germanus,
2027 2409 2120 2458 Epi-

1157 2477 1301 2517 scopus
1320 2465 1547 2514 Azotensis,
1569 2472 1609 2505 et
1623 2467 1794 2506 Joamzes
1809 2469 1953 2506 Petrus
1969 2468 2121 2508 ARLU-

1153 2529 1266 2572 NUS.
1286 2528 1460 2567 Medicus
1481 2528 1800 2577 Mediolanensis,
1821 2529 1938 2579 cujus
1959 2532 2118 2581 scriptis

1154 2589 1370 2628 aMerklino
1385 2594 1425 2628 et
1434 2591 1614 2640 Mangeto
1631 2591 1859 2629 memoratis
1874 2591 1996 2629 etAn.
2017 2593 2118 2632 ⁴532

1155 2656 1195 2691 et
1216 2652 1316 2691 ⁴553
1340 2652 1456 2690 editis
1473 2683 1482 2700 ,
1497 2651 1620 2690 addes
1643 2654 2017 2692 commentationem
2036 2655 2118 2703 ,vi-

1152 2725 1294 2753 numne
1316 2713 1490 2752 ‘minctum
1512 2725 1566 2751 αη
1583 2724 1810 2761 meracum,
1832 2712 2118 2767 obnoxiisjun-

1154 2779 1363 2815 cturarum
1386 2773 1587 2813 doloribus
1606 2774 1732 2825 maye's
1757 2775 1970 2815 conveniat.
1997 2780 2116 2819 Peru—

1155 2840 1236 2877 siae
1261 2837 1362 2877 1573
1388 2838 1423 2875 8.

1205 2899 1474 2939 ARMANDUS
1488 2898 1534 2938 de
1557 2897 1777 2947 bellovisu,
1796 2912 1873 2940 non
1897 2903 2116 2943 Bononien-

1152 2965 1232 3011 sis,
1253 2961 1320 3001 sed
1344 2962 1480 3001 Gallus
1503 2973 1525 3000 e
1545 2963 1766 3013 Provincia,
1783 2963 1803 2984 ’ἓ
1826 2962 1983 3003 Ordinis
2003 2967 2115 3006 Prae-

1153 3026 1370 3064 dicatorum
1389 3054 1397 3072 ,
1413 3025 1558 3063 Romae
1574 3028 1751 3076 tempore
1774 3025 1963 3064 Johannis
1986 3029 2111 3068 XXII.

1152 3089 1289 3126 Lector
1305 3087 1403 3124 sacri
1420 3086 1563 3136 palatii,
1575 3085 1788 3126 defunctus
1803 3088 1906 3126 circa
1919 3088 1992 3127 An.
2010 3091 2112 3130 1334

1152 3147 1200 3186 do
1224 3158 1301 3197 quo
1318 3146 1488 3186 Jacobus
1507 3148 1642 3194 Qvetif
1663 3153 1756 3187 tom.
1782 3148 1816 3196 I,
1833 3160 1918 3200 pag.
1936 3151 2011 3190 583
2028 3163 2108 3204 seq.

1208 3299 1222 3315 *
1245 3300 1325 3332 Vide
1354 3299 1521 3333 Baluzium
1554 3301 1641 3333 notis
1666 3300 1706 3332 ad
1736 3302 1840 3341 Papas
1868 3303 2112 3339 Avenionenses

123 3333 185 3372 nis
216 3334 408 3375 Minorum
432 3335 662 3386 Generalis,
699 3334 791 3373 obiit
833 3337 947 3376 Anno
982 3331 1081 3371 1287
1136 3351 1450 3391 10n1.i‚pag.750.
