2500 4009
370 260 421 298 32

375 334 470 371 4667
494 337 531 370 et
568 343 705 370 recusa
735 335 826 365 toni.
860 327 925 363 xli
973 324 1232 362 Bibliothecae
1264 324 1331 360 Pa-

370 399 475 433 trum
495 393 587 432 edit.
614 391 790 441 Lugdun.
825 386 930 424 4677.
952 396 1037 435 pag.
1059 385 1121 423 37.

394 454 663 497 AILMERL'S,
682 452 765 487 sive
780 447 815 484 E
819 446 983 484 lmerus.
1003 446 1217 485 Monachus
1231 446 1334 485 Can-

370 516 580 554 tuarionsis
596 510 753 550 Ordinis
768 506 1244 554 Benedictini,defunctus
1259 507 1332 544 An.

374 577 483 614 4430.
499 584 617 623 quein
642 571 797 608 Pitseus
816 580 902 619 pag.
927 568 996 606 204
1027 571 1182 618 praeter
1204 566 1336 606 Homi-

370 635 444 673 li'as
472 640 508 672 et
539 629 756 683 Epistulas,
786 628 1011 679 librumque
1033 627 1273 667 scientialem
1302 632 1338 666 et

368 691 699 734 sacramentalem
747 692 825 730 MS.
871 689 1169 739 Cantabrigiae,
1217 689 1338 726 refert

371 756 578 805 scripsisse
601 756 738 792 contra
762 751 902 792 Mundi
923 750 1124 798 miserias,
1145 755 1185 788 et
1207 749 1340 788 Eaecr-

367 816 462 854 sitia
486 815 588 854 vitae
615 813 835 867 spiritalis:
871 811 1171 852 Recordationes
1203 809 1341 862 benefi-

369 879 520 916 νιύιηιιη
540 877 611 915 DE
615 878 635 914 Ι
640 908 648 924 .
670 876 716 915 de
741 874 991 926 inquisitione
1012 873 1115 921 DEI,
1136 872 1182 911 de
1204 871 1344 911 absen-

375 940 430 978 tia
452 939 588 978 vultus
612 938 714 985 DEI.
731 941 771 976 et
789 936 835 975 cle
857 935 950 973 bono
970 935 1074 974 vitae
1097 932 1337 973 claustralis.

418 1002 686 1047 AILREDES,
717 1000 806 1038 vide
834 996 1113 1037 EALREDL'S.

418 1064 641 1102 AlMARL'S
663 1061 711 1100 de
735 1060 947 1105 Rossillon,
969 1057 1298 1106 Archiepiscopus
1318 1057 1333 1076 *

364 1126 412 1163 ab
431 1124 475 1163 A.
505 1125 604 1163 1275
627 1123 676 1162 ad
702 1122 803 1161 4283
825 1118 1111 1169 Lugdunensis.
1135 1116 1234 1165 Ejus
1261 1118 1334 1155 Or-

365 1186 529 1224 dinatio,
573 1189 616 1222 ut
656 1194 763 1221 more
804 1182 966 1230 antiquo
1002 1178 1333 1229 Archiepiseopus

368 1247 659 1296 Lugdunensis,
684 1248 725 1282 et
748 1243 969 1293 Episcopus
987 1239 1206 1287 Eduensis,
1235 1239 1333 1277 alt-er

366 1310 528 1347 alterius
544 1307 684 1346 Sedem
707 1308 913 1344 vacantem
939 1301 1208 1350 administret,
1227 1300 1332 1339 edita

366 1383 386 1407 a
408 1370 596 1408 Dat-herio
633 1373 726 1405 tom.
752 1365 838 1404 vlu
876 1363 1071 1415 Spicilegii
1090 1374 1175 1414 pag.
1198 1364 1275 1403 253
1291 1367 1331 1400 et

365 1431 456 1468 edit.
479 1440 604 1467 novae
635 1432 728 1466 tom.
759 1428 838 1474 111,
868 1437 942 1476 pag
986 1426 1074 1463 684.

419 1490 695 1530 AIMERJCUS
713 1488 761 1527 de
791 1487 976 1534 Peiraco,
1000 1486 1133 1526 Abbas
1156 1487 1328 1525 Moissia-

366 1554 516 1594 vensis.
537 1552 605 1602 qui
626 1550 673 1590 cle
694 1550 815 1603 qeste's
840 1549 979 1590 Caroli
1007 1548 1145 1600 Mayni
1170 1550 1329 1599 scripsit

365 1614 412 1651 ad
437 1615 455 1651 J
462 1625 632 1652 oannem
652 1614 803 1651 Ducem
819 1612 1118 1649 Bituricensem.
1142 1611 1247 1649 Usus
1267 1614 1328 1648 est

365 1676 538 1726 cangius
558 1686 608 1713 ex
627 1674 769 1713 Codice
786 1673 906 1720 Regio
928 1673 1047 1711 Paris.
1082 1672 1193 1710 ⁴344.

417 1736 694 1775 AIMERICUS
723 1732 944 1780 Picaudus,
985 1734 1070 1770 sive
1112 1730 1330 1778 Picardus,

366 1797 483 1847 eujus
499 1797 747 1847 rhythmum,
765 1798 849 1834 sive
865 1804 1008 1832 versus
1023 1793 1270 1842 rhythmicos
1284 1793 1332 1832 de

366 1862 405 1898 S.
427 1859 571 1898 Jacobo
591 1857 778 1908 Apostolo
792 1857 886 1907 legit
903 1855 1005 1893 idern
1026 1855 1201 1904 (langius
1216 1855 1254 1891 in
1272 1855 1333 1892 Bi-

365 1920 558 1959 bliotheca
579 1917 906 1958 SanctiGermani
923 1915 971 1954 dc
986 1916 1113 1954 Pratis
1128 1915 1221 1955 Cod.
1239 1916 1327 1953 608.

418 1981 561 2028 Amo,
592 1978 683 2017 vide
712 1978 902 2018 HAYMO.

415 2042 590 2080 AIMOIN
600 2042 679 2081 US.
703 2042 788 2078 sive
806 2038 984 2086 HAIMO,
1008 2039 1132 2088 patria
1161 2038 1329 2076 Petrico-

366 2105 448 2141 rius
467 2101 710 2151 Aquitanus,
731 2111 754 2138 a
772 2099 939 2137 librariis
961 2097 1077 2136 modo
1101 2100 1140 2136 in
1169 2098 1328 2137 AUMO-

364 2164 505 2210 MUM,
537 2162 650 2200 modo
680 2162 719 2199 in
743 2160 1009 2206 AIMONIUM,
1038 2158 1325 2203 AMMONIUM,

364 2224 428 2263 vel
457 2223 737 2269 ANNONIUM,
758 2221 1082 2268 transformatus,
1111 2221 1326 2260 Monachus

364 2285 413 2323 ab
435 2284 508 2323 An.
533 2286 577 2323 C.
602 2283 678 2321 970
715 2282 889 2320 coenobii
913 2279 1197 2329 Floriacensis,
1241 2283 1326 2319 sive

366 2347 403 2385 S.
433 2344 634 2384 Benedicti
665 2343 732 2391 (de
770 2342 932 2392 Ficury)
962 2341 1010 2379 ad
1048 2342 1227 2391 Ligerim.
1258 2343 1326 2380 llic

366 2408 438 2445 An.
461 2407 503 2445 C.
533 2406 632 2444 4005
650 2406 777 2443 Vitam
810 2408 850 2442 et
870 2402 1057 2441 miracula
1081 2401 1243 2440 Abbatis
1267 2404 1325 2441 sui

364 2465 537 2506 Abbonis
560 2468 586 2516 ἦ
611 2469 747 2516 (quem
769 2465 894 2516 priore
915 2474 1018 2502 anno
1036 2464 1256 2501 Wasoones
1273 2465 1330 2501 in-

366 2529 624 2575 terfecerant)
645 2527 892 2577 consignavit
906 2523 953 2563 ad
978 2525 1220 2571 Hervaeum,
1243 2525 1328 2562 sive

367 2590 577 2628 lleriveum
606 2588 793 2626 clericum
822 2585 1126 2625 Thesaurarium
1165 2587 1202 2624 S.
1231 2586 1330 2624 Mar-

368 2652 449 2688 tini.
473 2651 559 2689 Vita
583 2653 714 2688 exstat
739 2650 777 2687 in
797 2649 959 2687 Joannis
979 2646 1027 2685 de
1050 2648 1172 2685 Bosco
1193 2647 1331 2685 Biblio-

367 2711 479 2749 theca
506 2711 759 2758 Floriacensi,
781 2708 959 2759 Lugduni
980 2708 1080 2747 1605
1103 2708 1126 2745 8
1151 2720 1235 2758 pag.
1253 2707 1329 2746 299

369 2775 404 2809 in
415 2773 560 2810 Pithoei
582 2773 665 2810 ΧΗ.
687 2771 952 2823 Scriptoribus
981 2782 1066 2820 pag.
1086 2770 1161 2808 428
1181 2774 1219 2807 et
1235 2773 1328 2807 tom.

370 2834 451 2871 vlll
478 2833 666 2871 Actorum
691 2832 932 2871 Benedictin.
957 2842 1041 2881 pag.
1073 2831 1161 2869 682.
1191 2830 1330 2870 Eidem

368 2895 517 2932 Abboni
537 2894 684 2933 dicavit
713 2893 834 2932 libros
851 2893 914 2931 IV.
931 2892 1131 2932 Historiae
1157 2893 1331 2930 Franco-

371 2968 481 2999 rum.
503 2967 623 3006 quam
640 2954 687 2993 ad
710 2956 830 3004 l'ipini
849 2954 964 3003 Regis
992 2954 1330 3003 inaugurationem

371 3019 452 3055 sive
480 3018 518 3054 in
539 3015 612 3054 An.
638 3016 679 3055 C.
703 3015 778 3054 752
799 3015 1146 3062 deducerevoluit,
1162 3014 1224 3052 vei
1242 3012 1334 3051 suh-

370 3079 465 3114 stitit
509 3090 546 3115 in
578 3076 803 3115 fundatione
826 3076 1047 3115 Monasts·rii
1078 3074 1333 3113 Floriacensis

425 3170 435 3181 ⁴
461 3171 701 3203 sammarthan.
725 3174 817 3202 Tom.
850 3169 863 3201 1
890 3169 1013 3201 Galliae
1027 3168 1236 3200 Christianae
1252 3176 1326 3208 pag.

396 3218 426 3236 ,..

425 3266 448 3305 ή-
470 3269 514 3297 Ex
549 3270 783 3302 miraculorum
816 3268 899 3301 libro
928 3269 1064 3301 unicum
1100 3267 1194 3300 modo
1233 3269 1331 3306 capnt

369 3319 527 3353 <upon-st.

1163 245 1562 289 ,AILMERUS

1402 321 1505 358 circa
1524 318 1568 358 Α.
1593 320 1636 358 C.
1663 320 1736 359 650
1760 319 1821 357 vel
1843 321 1930 358 660.
1957 321 2121 360 Caetera
2143 322 2262 371 igitur
2283 334 2305 361 a
2330 322 2374 360 li-

1404 379 1461 418 bri
1480 381 1610 430 quarti
1629 381 1755 431 capite
1777 381 1838 419 42.
1857 382 1893 419 in
1911 392 1989 431 quo
2004 380 2057 420 du
2073 381 2234 420 Chesnii
2252 382 2370 421 editio

1405 441 1568 489 desinit,
1592 445 1632 480 et
1661 441 1759 480 liber
1781 442 1946 491 quintus
1976 452 2104 492 usque.
2132 441 2181 481 ad
2210 442 2372 482 Annum

1410 503 1511 541 4465
1534 502 1666 541 addita
1689 514 1711 540 a
1729 502 1916 540 Monaeho
1935 502 2106 551 quodam
2127 503 2165 541 S.
2188 502 2373 542 Germani

1410 564 1530 601 Paris.
1551 563 1727 612 aliisque.
1746 561 1841 600 Vide
1862 562 2002 600 Labbei
2023 562 2230 601 diatribam
2245 562 2294 602 de
2309 562 2375 602 Ai-

1411 624 1540 660 moino
1577 627 1668 659 toni.
1701 623 1732 660 11
1772 621 1820 660 de
1851 622 1889 660 S.
1929 622 1973 659 Ε.
1998 632 2083 671 pag.
2113 622 2202 662 829.
2232 622 2375 662 Cointii

1413 682 1587 720 Annales
1611 684 1848 720 Francorum
1884 686 1977 720 tom.
2000 683 2040 731 1,
2060 693 2146 733 pag.
2169 682 2260 731 842,
2280 687 2373 722 tom.

1415 743 1475 790 11,
1500 754 1584 792 pag.
1616 742 1679 780 461
1731 746 1825 780 tom.
1852 743 1929 790 111,
1954 753 2039 793 pag.
2071 742 2140 782 404
2164 773 2174 793 ,
2202 747 2298 782 tom.
2328 743 2378 782 IV

1414 815 1498 854 pag.
1525 804 1539 841 4
1553 804 1566 841 4
1578 802 1601 841 7
1618 807 1692 841 etc.
1709 802 1926 853 Launojum
1943 804 2194 854 inquisitione
2211 804 2250 842 in
2264 803 2377 844 char-

1414 870 1493 904 tam
1515 864 1777 902 immunitatis
1797 875 1882 915 pag.
1899 863 1952 902 77
1966 875 2048 915 seq.
2065 863 2233 915 ejusque
2248 865 2376 915 inqui-

1414 926 1565 964 sitionis
1585 926 1802 964 assertione
1818 936 1903 975 pag.
1921 926 1996 965 620
2019 936 2128 976 seqq.
2149 935 2251 976 quae
2271 929 2377 964 utra-

1412 998 1490 1037 que
1506 988 1650 1036 scripta
1671 996 1810 1024 recusa
1830 990 1935 1024 tomo
1950 985 2111 1036 Launoji
2144 986 2260 1025 tertio
2275 986 2377 1037 Ope-

1413 1059 1512 1087 rum.
1543 1047 1686 1087 Nic-olai
1728 1047 1954 1096 Hieronymi
1983 1047 2211 1098 Gundlingii
2251 1047 2374 1098 Fraq.

1408 1106 1714 1156 Stzzclsenffllv.
1734 1108 1851 1148 Edita
1870 1107 2039 1147 Aimoini
2060 1108 2230 1148 Historia
2251 1118 2274 1147 a
2300 1108 2374 1146 Ba-

1407 1170 1469 1208 dio
1493 1171 1610 1208 Paris.
1635 1170 1736 1209 4544
1762 1170 1822 1208 fol.
1849 1169 1923 1209 sub
1941 1168 2113 1208 Annona·
2133 1170 2310 1218 nomine,
2335 1172 2376 1207 et

1407 1233 1591 1270 restituta
1626 1230 1825 1279 Aimoino,
1863 1232 2138 1282 recensitaque
2173 1241 2196 1269 a
2224 1231 2375 1269 Joanne

1407 1293 1575 1341 NicotiO,
1606 1294 1725 1331 Paris.
1767 1292 1872 1343 apud
1900 1291 2100 1331 Andream
2138 1291 2375 1331 Wechelum

1411 1351 1526 1401 4567,
1549 1353 1573 1392 8
1594 1352 1737 1391 deinde
1767 1365 1788 1392 a
1811 1352 1954 1392 Jacobo
1973 1353 2128 1392 Breulio
2151 1352 2240 1391 ibid.
2275 1352 2375 1392 4603

1407 1415 1468 1453 fol.
1493 1419 1533 1452 et
1557 1416 1593 1452 in
1610 1415 1772 1453 loannis
1793 1426 1814 1453 a
1835 1416 1956 1453 Bosco
1978 1414 2218 1453 Bibliotheca
2231 1414 2376 1453 Floria-

1403 1477 1526 1525 censi,
1543 1477 1723 1526 Lugduni
1745 1474 1938 1525 4605,8.*'⁰
1955 1486 2028 1514 nec
2046 1486 2123 1514 non
2144 1477 2183 1514 in
2204 1476 2376 1527 Scripto-

1405 1538 1514 1576 ribus
1551 1538 1750 1577 Francicis
1776 1536 1999 1587 Marquardi
2019 1537 2376 1585 F1·eheri,Hanov.

1409 1599 1510 1638 4613
1536 1599 1597 1638 sol.
1623 1599 1795 1649 denique
1827 1600 1865 1637 in
1903 1603 2009 1637 tomo
2045 1599 2160 1637 tertio
2194 1597 2376 1638 Andreae

1406 1659 1459 1698 du
1483 1660 1662 1708 Chesne,
1687 1661 1804 1699 Paris.
1834 1660 1926 1698 4644
1960 1659 2022 1697 fol.
2044 1659 2108 1698 ubi
2133 1661 2253 1698 etiam
2281 1661 2375 1698 Po&-

1406 1731 1472 1758 ma
1491 1719 1537 1759 de
1550 1719 1687 1771 prima
1708 1719 1938 1772 fundatione
1962 1719 2136 1759 coenobii
2147 1719 2374 1759 Floriacen-

1407 1781 1463 1820 sis
1477 1812 1487 1829 ‚
1512 1781 1697 1820 versibus
1720 1781 1983 1829 hexametris,
2005 1782 2180 1831 itemque
2202 1781 2371 1820 alterum

1408 1842 1463 1880 De
1505 1841 1736 1881 traslatione
1771 1840 2039 1893 reliquiarum
2056 1842 2096 1882 S.
2117 1840 2316 1891 Benedicti
2333 1841 2373 1880 in

1410 1902 1598 1951 Galliam,
1619 1903 1723 1953 quod
1744 1903 1906 1942 obvium
1927 1914 2086 1953 quoque
2105 1904 2144 1941 in
2164 1902 2370 1943 Mabillonii

1401 1963 1512 2003 Actis
1533 1964 1768 2004 Sanctorum
1788 1963 1946 2003 Ordinis
1976 1963 2182 2003 Benedicti
2210 1974 2288 2003 sec.
2318 1964 2370 2013 Il,

1400 2037 1485 2075 pag.
1511 2026 1599 2064 359.
1638 2026 1777 2063 Sermo
1802 2025 1841 2062 in
1861 2023 2146 2076 sestbvz'tatibus
2180 2024 2221 2063 S.
2249 2025 2371 2063 Bene—

1399 2084 1494 2124 dicti
1510 2096 1601 2124 cum
1617 2085 1800 2124 versibus
1819 2086 1953 2135 Mauri,
1969 2085 2368 2136 Paulique,Casinen-

1399 2148 1502 2186 sium
1526 2146 1824 2193 Monachorum,
1850 2145 2055 2196 Smaragdi
2091 2145 2274 2194 AbbatiS‚
2303 2145 2370 2185 Al-

1398 2207 1514 2246 dc-lmi
1539 2207 1741 2257 Episcopi,
1764 2207 2029 2257 aliorumque,
2060 2209 2099 2245 in
2130 2207 2278 2247 laudati
2306 2209 2370 2247 Jo-

1398 2269 1512 2307 annis
1535 2278 1556 2306 a
1581 2269 1703 2306 Bosco
1731 2268 1971 2307 Bibliotheca
2009 2269 2245 2308 Floriacensi
2279 2280 2365 2320 pag.

1400 2328 1475 2367 270
1502 2329 1539 2366 in
1560 2339 1639 2378 qua
1662 2330 1781 2367 etiam
1800 2341 1887 2379 pag.
1910 2329 1971 2368 79.
1994 2329 2173 2368 Historia
2194 2329 2371 2370 Μένασκ-

1401 2389 1531 2428 lorum
1574 2390 1614 2429 S.
1648 2388 1864 2436 Benedicti,
1892 2387 2007 2429 libris
2036 2390 2089 2429 II.
2125 2389 2181 2428 ad
2207 2389 2370 2429 Gauzli-

1399 2461 1514 2498 num,
1538 2450 1557 2473 *
1588 2451 1673 2488 sive
1704 2449 1946 2489 Gauslenum
1985 2450 2204 2499 Abbatem,
2233 2455 2369 2502 postea

1401 2513 1692 2551 Biturieensem
1714 2511 2085 2563 Archiepiscopum,
2105 2523 2207 2563 quos
2222 2512 2370 2552 habent

1401 2584 1558 2623 quoque.
1579 2572 1791 2611 Bollandus
1810 2572 1860 2611 ad
1879 2573 1922 2612 24
1953 2574 2092 2623 Martii,
2112 2584 2198 2624 pag.
2221 2573 2298 2613 324
2326 2577 2368 2612 et

1401 2634 1645 2674 Mabillonius
1669 2633 1778 2672 Sacc.
1809 2634 2051 2673 Benedictin.
2093 2635 2144 2674 IV
2179 2635 2294 2673 Parte
2321 2635 2367 2673 11.

1403 2707 1487 2745 pag.
1514 2695 1602 2733 366.
1619 2694 1715 2733 Vide
1731 2705 1850 2745 supra
1874 2696 1913 2733 in
1930 2694 2169 2735 Adrevaldo.
2187 2695 2366 2747 Sigeber-

1403 2760 1468 2794 tus
1489 2755 1788 2794 Gemblaeensis
1809 2766 1842 2794 e.
1869 2757 1957 2795 404.
1974 2755 2143 2796 Aimoini
2157 2756 2366 2796 Historiam

1403 2819 1641 2855 Francorum
1667 2827 1914 2866 memorans,
1935 2818 2071 2856 scribit
2092 2816 2212 2857 sitwm
2249 2815 2366 2855 etiam

1404 2876 1627 2916 Galliarum
1649 2875 1896 2916 distinaeisse.

1455 2938 1722 2987 AlMOlNUS,
1749 2939 1834 2977 sive
1866 2937 2150 2986 AYMOINUS,
2182 2937 2366 2976 Notarius

1404 3004 1443 3037 et
1463 2999 1677 3038 Monachus
1692 3000 1731 3038 S.
1757 2999 1948 3038 Germani
1964 2998 2013 3038 de
2027 2999 2153 3038 Pratis
2169 2999 2207 3036 in
2223 2997 2366 3037 subur-

1405 3061 1466 3099 bio
1482 3061 1708 3108 l‘arisiensi‚
1724 3062 1791 3109 qui
1807 3060 2042 3110 subscripsit
2057 3058 2258 3110 diplomati
2273 3057 2365 3098 dato

1404 3120 1449 3161 A.
1472 3124 1509 3160 S.
1532 3121 1608 3161 872
1624 3122 1734 3171 regni
1758 3121 1883 3160 Caroli
1900 3120 2058 3169 (Calvi)
2076 3121 2138 3159 32.
2159 3119 2257 3170 Ejus
2273 3118 2368 3158 libri

1406 3183 1450 3221 ΙΙ
1465 3182 1512 3221 ad
1534 3184 1752 3221 Bernonem
1772 3180 1965 3220 Abbatem
1983 3210 1990 3229 ,
2013 3182 2068 3219 De
2091 3180 2310 3219 inventione
2330 3183 2367 3219 et

1461 3315 1469 3325 ⁴
1498 3316 1696 3348 'frithemius
1715 3320 1785 3350 cap.
1809 3310 1869 3344 305
1885 3307 1924 3338 ad
1948 3307 2128 3344 ltcndlelun
2145 3310 2367 3345 Monachum.
