<?xml version="1.0" encoding="UTF-8"?>
<!DOCTYPE html PUBLIC "-//W3C//DTD XHTML 1.0 Transitional//EN"
    "http://www.w3.org/TR/xhtml1/DTD/xhtml1-transitional.dtd">
<html xmlns="http://www.w3.org/1999/xhtml" xml:lang="en" lang="en">
 <head>
  <title>
</title>
<meta http-equiv="Content-Type" content="text/html;charset=utf-8" />
  <meta name='ocr-system' content='tesseract 3.04.00' />
  <meta name='ocr-capabilities' content='ocr_page ocr_carea ocr_par ocr_line ocrx_word'/>
</head>
<body>
  <div class='ocr_page' id='page_1' title='image "./bibliothecalatin01fabruoft_0189.png"; bbox 0 0 2500 3841; ppageno 0'>
   <div class='ocr_carea' id='block_1_1' title="bbox 894 190 1363 234">
    <p class='ocr_par' dir='ltr' id='par_1_1' title="bbox 894 190 1363 234">
     <span class='ocr_line' id='line_1_1' title="bbox 894 190 1363 234; baseline 0.006 -5"><span class='ocrx_word' id='word_1_1' title='bbox 894 190 1363 234; x_wconf 82' lang='lat' dir='ltr'><strong>BACILERIUS</strong></span> 
     </span>
    </p>
   </div>
   <div class='ocr_carea' id='block_1_2' title="bbox 113 258 1096 3090">
    <p class='ocr_par' dir='ltr' id='par_1_2' title="bbox 119 258 1096 989">
     <span class='ocr_line' id='line_1_2' title="bbox 128 258 1096 316; baseline -0.003 -13"><span class='ocrx_word' id='word_1_2' title='bbox 128 262 292 316; x_wconf 89' lang='lat' dir='ltr'><strong>protulit</strong></span> <span class='ocrx_word' id='word_1_3' title='bbox 322 258 619 308; x_wconf 80' lang='lat' dir='ltr'>illustravitque</span> <span class='ocrx_word' id='word_1_4' title='bbox 643 258 764 306; x_wconf 83' lang='lat' dir='ltr'><strong>notiS,</strong></span> <span class='ocrx_word' id='word_1_5' title='bbox 790 259 852 297; x_wconf 86' lang='lat' dir='ltr'><strong>vir</strong></span> <span class='ocrx_word' id='word_1_6' title='bbox 874 260 1096 300; x_wconf 85' lang='lat' dir='ltr'><strong>eruditissi-</strong></span> 
     </span>
     <span class='ocr_line' id='line_1_3' title="bbox 127 320 1092 364; baseline -0.003 0"><span class='ocrx_word' id='word_1_7' title='bbox 127 335 218 364; x_wconf 90' lang='lat' dir='ltr'><strong>mus</strong></span> <span class='ocrx_word' id='word_1_8' title='bbox 242 322 468 363; x_wconf 89' lang='lat' dir='ltr'><strong>Ludovieus</strong></span> <span class='ocrx_word' id='word_1_9' title='bbox 491 320 689 359; x_wconf 85' lang='lat' dir='ltr'><strong>Antonius</strong></span> <span class='ocrx_word' id='word_1_10' title='bbox 725 320 962 361; x_wconf 79' lang='lat' dir='ltr'><strong>Muratorius</strong></span> <span class='ocrx_word' id='word_1_11' title='bbox 985 327 1092 361; x_wconf 86' lang='lat' dir='ltr'><strong>tomo</strong></span> 
     </span>
     <span class='ocr_line' id='line_1_4' title="bbox 126 382 1091 434; baseline -0.003 -9"><span class='ocrx_word' id='word_1_12' title='bbox 126 387 160 425; x_wconf 90' lang='lat' dir='ltr'><strong>lI</strong></span> <span class='ocrx_word' id='word_1_13' title='bbox 183 383 479 424; x_wconf 87' lang='lat' dir='ltr'><strong>Anecdotorum</strong></span> <span class='ocrx_word' id='word_1_14' title='bbox 494 383 744 432; x_wconf 83' lang='lat' dir='ltr'><strong>Latinorum,</strong></span> <span class='ocrx_word' id='word_1_15' title='bbox 760 382 964 422; x_wconf 88' lang='lat' dir='ltr'><strong>Mediolan.</strong></span> <span class='ocrx_word' id='word_1_16' title='bbox 978 386 991 423; x_wconf 92' lang='grc'>4</span> <span class='ocrx_word' id='word_1_17' title='bbox 1003 385 1091 434; x_wconf 82' lang='grc'><strong>698,</strong></span> 
     </span>
     <span class='ocr_line' id='line_1_5' title="bbox 126 444 1092 496; baseline -0.001 -10"><span class='ocrx_word' id='word_1_18' title='bbox 126 448 162 485; x_wconf 89' lang='grc'>4.</span> <span class='ocrx_word' id='word_1_19' title='bbox 182 446 375 486; x_wconf 90' lang='lat' dir='ltr'><strong>Bachiarii</strong></span> <span class='ocrx_word' id='word_1_20' title='bbox 414 445 660 484; x_wconf 80' lang='lat' dir='ltr'><strong>sententiam</strong></span> <span class='ocrx_word' id='word_1_21' title='bbox 696 444 745 483; x_wconf 90' lang='lat' dir='ltr'><strong>de</strong></span> <span class='ocrx_word' id='word_1_22' title='bbox 780 447 1022 496; x_wconf 78' lang='lat' dir='ltr'><strong>poenitentia</strong></span> <span class='ocrx_word' id='word_1_23' title='bbox 1052 451 1092 485; x_wconf 88' lang='lat' dir='ltr'><strong>et</strong></span> 
     </span>
     <span class='ocr_line' id='line_1_6' title="bbox 125 506 1094 547; baseline -0.001 0"><span class='ocrx_word' id='word_1_24' title='bbox 125 508 255 547; x_wconf 88' lang='lat' dir='ltr'><strong>salute</strong></span> <span class='ocrx_word' id='word_1_25' title='bbox 275 507 496 547; x_wconf 87' lang='lat' dir='ltr'><strong>Salomonis</strong></span> <span class='ocrx_word' id='word_1_26' title='bbox 515 507 629 545; x_wconf 85' lang='lat' dir='ltr'><strong>affert</strong></span> <span class='ocrx_word' id='word_1_27' title='bbox 644 506 858 545; x_wconf 87' lang='lat' dir='ltr'><strong>Fulbertus</strong></span> <span class='ocrx_word' id='word_1_28' title='bbox 875 509 1094 547; x_wconf 82' lang='lat' dir='ltr'><strong>Carnoten-</strong></span> 
     </span>
     <span class='ocr_line' id='line_1_7' title="bbox 124 568 1090 620; baseline 0 -12"><span class='ocrx_word' id='word_1_29' title='bbox 124 571 181 608; x_wconf 86' lang='lat' dir='ltr'><strong>sis</strong></span> <span class='ocrx_word' id='word_1_30' title='bbox 202 570 332 620; x_wconf 82' lang='lat' dir='ltr'><strong>Epist.</strong></span> <span class='ocrx_word' id='word_1_31' title='bbox 355 570 418 608; x_wconf 87' lang='grc'><strong>81.</strong></span> <span class='ocrx_word' id='word_1_32' title='bbox 433 569 593 619; x_wconf 83' lang='lat' dir='ltr'><strong>Nescio,</strong></span> <span class='ocrx_word' id='word_1_33' title='bbox 610 568 717 607; x_wconf 90' lang='lat' dir='ltr'><strong>unde</strong></span> <span class='ocrx_word' id='word_1_34' title='bbox 734 568 911 607; x_wconf 75' lang='lat' dir='ltr'><strong>hauserit</strong></span> <span class='ocrx_word' id='word_1_35' title='bbox 935 571 1090 609; x_wconf 86' lang='lat' dir='ltr'><strong>Pitseus</strong></span> 
     </span>
     <span class='ocr_line' id='line_1_8' title="bbox 123 631 1092 682; baseline 0.002 -13"><span class='ocrx_word' id='word_1_36' title='bbox 123 642 210 682; x_wconf 86' lang='lat' dir='ltr'>pag.</span> <span class='ocrx_word' id='word_1_37' title='bbox 236 631 287 669; x_wconf 90' lang='lat'><strong>88</strong></span> <span class='ocrx_word' id='word_1_38' title='bbox 309 635 350 669; x_wconf 90' lang='lat' dir='ltr'><strong>et</strong></span> <span class='ocrx_word' id='word_1_39' title='bbox 372 631 515 669; x_wconf 86' lang='lat' dir='ltr'><strong>Baleus</strong></span> <span class='ocrx_word' id='word_1_40' title='bbox 545 631 696 671; x_wconf 84' lang='lat' dir='ltr'><strong>Centur</strong></span> <span class='ocrx_word' id='word_1_41' title='bbox 719 632 753 678; x_wconf 91' lang='lat' dir='ltr'><strong>I,</strong></span> <span class='ocrx_word' id='word_1_42' title='bbox 793 633 860 681; x_wconf 92' lang='lat' dir='ltr'><strong>qui</strong></span> <span class='ocrx_word' id='word_1_43' title='bbox 900 631 1092 671; x_wconf 81' lang='lat' dir='ltr'><strong>Bacchia-</strong></span> 
     </span>
     <span class='ocr_line' id='line_1_9' title="bbox 121 691 1092 742; baseline 0.002 -12"><span class='ocrx_word' id='word_1_44' title='bbox 121 691 230 730; x_wconf 85' lang='lat' dir='ltr'><strong>rium</strong></span> <span class='ocrx_word' id='word_1_45' title='bbox 253 692 483 731; x_wconf 83' lang='lat' dir='ltr'><strong>Maccaeum</strong></span> <span class='ocrx_word' id='word_1_46' title='bbox 510 691 668 730; x_wconf 84' lang='lat' dir='ltr'><strong>natione</strong></span> <span class='ocrx_word' id='word_1_47' title='bbox 685 691 939 742; x_wconf 70' lang='lat' dir='ltr'><strong>Britannum,</strong></span> <span class='ocrx_word' id='word_1_48' title='bbox 957 695 996 733; x_wconf 91' lang='lat' dir='ltr'><strong>S.</strong></span> <span class='ocrx_word' id='word_1_49' title='bbox 1015 695 1092 732; x_wconf 89' lang='lat' dir='ltr'><strong>Pa-</strong></span> 
     </span>
     <span class='ocr_line' id='line_1_10' title="bbox 124 753 1090 805; baseline 0.003 -13"><span class='ocrx_word' id='word_1_50' title='bbox 124 753 237 792; x_wconf 87' lang='lat' dir='ltr'><strong>tricii</strong></span> <span class='ocrx_word' id='word_1_51' title='bbox 251 753 491 805; x_wconf 82' lang='lat' dir='ltr'><strong>discipulum</strong></span> <span class='ocrx_word' id='word_1_52' title='bbox 515 755 732 805; x_wconf 81' lang='lat' dir='ltr'><strong>appellant,</strong></span> <span class='ocrx_word' id='word_1_53' title='bbox 750 759 790 793; x_wconf 89' lang='lat' dir='ltr'><strong>et</strong></span> <span class='ocrx_word' id='word_1_54' title='bbox 804 755 949 794; x_wconf 90' lang='lat' dir='ltr'><strong>librum</strong></span> <span class='ocrx_word' id='word_1_55' title='bbox 970 758 1090 795; x_wconf 88' lang='lat' dir='ltr'><strong>etiam</strong></span> 
     </span>
     <span class='ocr_line' id='line_1_11' title="bbox 121 814 1090 866; baseline 0.004 -13"><span class='ocrx_word' id='word_1_56' title='bbox 121 814 169 853; x_wconf 85' lang='lat' dir='ltr'><strong>de</strong></span> <span class='ocrx_word' id='word_1_57' title='bbox 185 815 456 866; x_wconf 70' lang='lat' dir='ltr'><strong>proqnosticis</strong></span> <span class='ocrx_word' id='word_1_58' title='bbox 476 816 731 855; x_wconf 75' lang='lat' dir='ltr'><strong>nativitatum</strong></span> <span class='ocrx_word' id='word_1_59' title='bbox 755 818 790 855; x_wconf 87' lang='lat' dir='ltr'><strong>ei</strong></span> <span class='ocrx_word' id='word_1_60' title='bbox 814 817 1008 857; x_wconf 87' lang='lat' dir='ltr'><strong>tribuunt.</strong></span> <span class='ocrx_word' id='word_1_61' title='bbox 1033 820 1090 857; x_wconf 92' lang='lat' dir='ltr'><strong>De</strong></span> 
     </span>
     <span class='ocr_line' id='line_1_12' title="bbox 119 876 1089 931; baseline 0.004 -17"><span class='ocrx_word' id='word_1_62' title='bbox 119 876 300 928; x_wconf 79' lang='lat' dir='ltr'><strong>Epistola</strong></span> <span class='ocrx_word' id='word_1_63' title='bbox 319 877 368 916; x_wconf 88' lang='lat' dir='ltr'><strong>ad</strong></span> <span class='ocrx_word' id='word_1_64' title='bbox 387 879 408 916; x_wconf 90' lang='lat' dir='ltr'><strong>J</strong></span> <span class='ocrx_word' id='word_1_65' title='bbox 412 889 460 917; x_wconf 89' lang='lat' dir='ltr'><strong>an</strong></span> <span class='ocrx_word' id='word_1_66' title='bbox 468 880 621 918; x_wconf 89' lang='lat' dir='ltr'><strong>uarium</strong></span> <span class='ocrx_word' id='word_1_67' title='bbox 644 877 691 916; x_wconf 86' lang='lat' dir='ltr'><strong>de</strong></span> <span class='ocrx_word' id='word_1_68' title='bbox 704 878 941 930; x_wconf 78' lang='lat' dir='ltr'><strong>recipiendis</strong></span> <span class='ocrx_word' id='word_1_69' title='bbox 955 878 1089 931; x_wconf 79' lang='lat' dir='ltr'><strong>lapsis,</strong></span> 
     </span>
     <span class='ocr_line' id='line_1_13' title="bbox 119 939 721 989; baseline 0.007 -13"><span class='ocrx_word' id='word_1_70' title='bbox 119 939 212 977; x_wconf 84' lang='lat' dir='ltr'><strong>vide</strong></span> <span class='ocrx_word' id='word_1_71' title='bbox 243 941 362 989; x_wconf 83' lang='lat' dir='ltr'><strong>infra,</strong></span> <span class='ocrx_word' id='word_1_72' title='bbox 386 939 721 980; x_wconf 74' lang='lat' dir='ltr'><strong>BRACHARIL&#39;S.</strong></span> 
     </span>
    </p>

    <p class='ocr_par' dir='ltr' id='par_1_3' title="bbox 177 1000 1086 1050">
     <span class='ocr_line' id='line_1_14' title="bbox 177 1000 1086 1050; baseline 0.002 -11"><span class='ocrx_word' id='word_1_73' title='bbox 177 1000 358 1041; x_wconf 85' lang='lat' dir='ltr'><strong>Tiberius</strong></span> <span class='ocrx_word' id='word_1_74' title='bbox 377 1001 693 1042; x_wconf 81' lang='lat' dir='ltr'><strong>BACILERIUS.</strong></span> <span class='ocrx_word' id='word_1_75' title='bbox 712 1004 823 1050; x_wconf 83' lang='lat' dir='ltr'><strong>infra⁷</strong></span> <span class='ocrx_word' id='word_1_76' title='bbox 842 1003 1086 1042; x_wconf 85' lang='lat' dir='ltr'><strong>TIBERIUS.</strong></span> 
     </span>
    </p>

    <p class='ocr_par' dir='ltr' id='par_1_4' title="bbox 113 1064 1091 3090">
     <span class='ocr_line' id='line_1_15' title="bbox 171 1064 1087 1115; baseline 0.002 -14"><span class='ocrx_word' id='word_1_77' title='bbox 171 1064 350 1114; x_wconf 74' lang='lat' dir='ltr'><strong>Royerus</strong></span> <span class='ocrx_word' id='word_1_78' title='bbox 369 1064 603 1104; x_wconf 79' lang='lat' dir='ltr'><strong>BACONUS</strong></span> <span class='ocrx_word' id='word_1_79' title='bbox 624 1065 889 1103; x_wconf 88' lang='lat' dir='ltr'><strong>Ilcestriensis</strong></span> <span class='ocrx_word' id='word_1_80' title='bbox 913 1065 1087 1115; x_wconf 83' lang='lat' dir='ltr'><strong>Anglus,</strong></span> 
     </span>
     <span class='ocr_line' id='line_1_16' title="bbox 119 1127 1091 1178; baseline 0 -15"><span class='ocrx_word' id='word_1_81' title='bbox 119 1127 268 1165; x_wconf 87' lang='lat' dir='ltr'><strong>summi</strong></span> <span class='ocrx_word' id='word_1_82' title='bbox 291 1127 360 1165; x_wconf 89' lang='lat' dir='ltr'><strong>Vir</strong></span> <span class='ocrx_word' id='word_1_83' title='bbox 390 1127 560 1178; x_wconf 82' lang='lat' dir='ltr'><strong>ingenii,</strong></span> <span class='ocrx_word' id='word_1_84' title='bbox 581 1131 622 1166; x_wconf 88' lang='lat' dir='ltr'><strong>et</strong></span> <span class='ocrx_word' id='word_1_85' title='bbox 643 1127 719 1165; x_wconf 89' lang='lat' dir='ltr'><strong>illis</strong></span> <span class='ocrx_word' id='word_1_86' title='bbox 748 1127 994 1177; x_wconf 79' lang='lat' dir='ltr'><strong>temporibus</strong></span> <span class='ocrx_word' id='word_1_87' title='bbox 1013 1127 1091 1164; x_wconf 90' lang='lat' dir='ltr'><strong>Do-</strong></span> 
     </span>
     <span class='ocr_line' id='line_1_17' title="bbox 121 1187 1090 1236; baseline 0.001 -10"><span class='ocrx_word' id='word_1_88' title='bbox 121 1191 208 1226; x_wconf 85' lang='lat' dir='ltr'><strong>ctor</strong></span> <span class='ocrx_word' id='word_1_89' title='bbox 229 1187 431 1228; x_wconf 85' lang='lat' dir='ltr'><strong>mirabilis</strong></span> <span class='ocrx_word' id='word_1_90' title='bbox 449 1189 672 1236; x_wconf 79' lang='lat' dir='ltr'><strong>salutatus,</strong></span> <span class='ocrx_word' id='word_1_91' title='bbox 697 1188 792 1226; x_wconf 90' lang='lat' dir='ltr'><strong>obiit</strong></span> <span class='ocrx_word' id='word_1_92' title='bbox 814 1188 989 1226; x_wconf 78' lang='lat' dir='ltr'><strong>Oxoniae</strong></span> <span class='ocrx_word' id='word_1_93' title='bbox 1012 1188 1090 1227; x_wconf 88' lang='lat' dir='ltr'><strong>An.</strong></span> 
     </span>
     <span class='ocr_line' id='line_1_18' title="bbox 121 1248 1090 1300; baseline 0 -12"><span class='ocrx_word' id='word_1_94' title='bbox 121 1250 237 1289; x_wconf 91' lang='grc'>4284.</span> <span class='ocrx_word' id='word_1_95' title='bbox 254 1251 318 1289; x_wconf 85' lang='lat' dir='ltr'><strong>vel</strong></span> <span class='ocrx_word' id='word_1_96' title='bbox 337 1255 382 1290; x_wconf 92' lang='lat' dir='ltr'><strong>ut</strong></span> <span class='ocrx_word' id='word_1_97' title='bbox 403 1251 467 1290; x_wconf 89' lang='lat' dir='ltr'><strong>alii</strong></span> <span class='ocrx_word' id='word_1_98' title='bbox 491 1249 536 1289; x_wconf 89' lang='lat' dir='ltr'><strong>A.</strong></span> <span class='ocrx_word' id='word_1_99' title='bbox 563 1250 666 1289; x_wconf 85' lang='grc'>4292</span> <span class='ocrx_word' id='word_1_100' title='bbox 687 1253 805 1288; x_wconf 89' lang='lat' dir='ltr'><strong>aetat.</strong></span> <span class='ocrx_word' id='word_1_101' title='bbox 827 1248 891 1287; x_wconf 85' lang='lat'><strong>78.</strong></span> <span class='ocrx_word' id='word_1_102' title='bbox 909 1249 958 1288; x_wconf 90' lang='lat' dir='ltr'><strong>de</strong></span> <span class='ocrx_word' id='word_1_103' title='bbox 972 1248 1090 1300; x_wconf 87' lang='lat' dir='ltr'><strong>eujus</strong></span> 
     </span>
     <span class='ocr_line' id='line_1_19' title="bbox 119 1310 1091 1364; baseline 0.002 -15"><span class='ocrx_word' id='word_1_104' title='bbox 119 1313 204 1351; x_wconf 89' lang='lat' dir='ltr'><strong>vita</strong></span> <span class='ocrx_word' id='word_1_105' title='bbox 227 1316 267 1351; x_wconf 87' lang='lat' dir='ltr'><strong>et</strong></span> <span class='ocrx_word' id='word_1_106' title='bbox 293 1314 452 1364; x_wconf 88' lang='lat' dir='ltr'><strong>scriptis</strong></span> <span class='ocrx_word' id='word_1_107' title='bbox 479 1311 678 1351; x_wconf 87' lang='lat' dir='ltr'><strong>Antonius</strong></span> <span class='ocrx_word' id='word_1_108' title='bbox 702 1311 828 1350; x_wconf 90' lang='lat' dir='ltr'><strong>Wood</strong></span> <span class='ocrx_word' id='word_1_109' title='bbox 852 1312 891 1349; x_wconf 93' lang='lat' dir='ltr'><strong>in</strong></span> <span class='ocrx_word' id='word_1_110' title='bbox 920 1310 1091 1351; x_wconf 75' lang='lat' dir='ltr'><strong>Athenis</strong></span> 
     </span>
     <span class='ocr_line' id='line_1_20' title="bbox 120 1373 1087 1425; baseline -0.001 -13"><span class='ocrx_word' id='word_1_111' title='bbox 120 1378 162 1412; x_wconf 91' lang='lat' dir='ltr'><strong>et</strong></span> <span class='ocrx_word' id='word_1_112' title='bbox 184 1374 222 1411; x_wconf 92' lang='lat' dir='ltr'><strong>in</strong></span> <span class='ocrx_word' id='word_1_113' title='bbox 247 1373 565 1425; x_wconf 79' lang='lat' dir='ltr'><strong>Antiquitatibus</strong></span> <span class='ocrx_word' id='word_1_114' title='bbox 589 1373 885 1412; x_wconf 75' lang='lat' dir='ltr'><strong>oxoniensibus</strong></span> <span class='ocrx_word' id='word_1_115' title='bbox 907 1384 994 1424; x_wconf 81' lang='lat' dir='ltr'><strong>pag.</strong></span> <span class='ocrx_word' id='word_1_116' title='bbox 1013 1374 1087 1413; x_wconf 87' lang='grc'><strong>436</strong></span> 
     </span>
     <span class='ocr_line' id='line_1_21' title="bbox 122 1434 1089 1486; baseline 0.001 -14"><span class='ocrx_word' id='word_1_117' title='bbox 122 1445 205 1485; x_wconf 90' lang='lat' dir='ltr'><strong>seq.</strong></span> <span class='ocrx_word' id='word_1_118' title='bbox 223 1436 351 1474; x_wconf 84' lang='lat' dir='ltr'><strong>Lucas</strong></span> <span class='ocrx_word' id='word_1_119' title='bbox 368 1435 619 1486; x_wconf 84' lang='lat' dir='ltr'><strong>Waddingus</strong></span> <span class='ocrx_word' id='word_1_120' title='bbox 636 1436 674 1472; x_wconf 90' lang='lat' dir='ltr'><strong>in</strong></span> <span class='ocrx_word' id='word_1_121' title='bbox 692 1434 912 1473; x_wconf 84' lang='lat' dir='ltr'><strong>Annalibus</strong></span> <span class='ocrx_word' id='word_1_122' title='bbox 928 1435 1089 1474; x_wconf 88' lang='lat' dir='ltr'><strong>Ordinis</strong></span> 
     </span>
     <span class='ocr_line' id='line_1_22' title="bbox 118 1495 1089 1536; baseline 0.001 -3"><span class='ocrx_word' id='word_1_123' title='bbox 118 1496 313 1535; x_wconf 89' lang='lat' dir='ltr'><strong>Minorum</strong></span> <span class='ocrx_word' id='word_1_124' title='bbox 338 1496 385 1535; x_wconf 89' lang='lat' dir='ltr'><strong>ad</strong></span> <span class='ocrx_word' id='word_1_125' title='bbox 408 1496 571 1535; x_wconf 90' lang='lat' dir='ltr'><strong>Annum</strong></span> <span class='ocrx_word' id='word_1_126' title='bbox 597 1497 699 1536; x_wconf 85' lang='grc'>4266</span> <span class='ocrx_word' id='word_1_127' title='bbox 716 1501 757 1535; x_wconf 90' lang='lat' dir='ltr'><strong>et</strong></span> <span class='ocrx_word' id='word_1_128' title='bbox 773 1495 889 1536; x_wconf 87' lang='grc'>4278.</span> <span class='ocrx_word' id='word_1_129' title='bbox 911 1500 952 1535; x_wconf 91' lang='lat' dir='ltr'><strong>et</strong></span> <span class='ocrx_word' id='word_1_130' title='bbox 973 1498 1010 1535; x_wconf 87' lang='lat' dir='ltr'><strong>in</strong></span> <span class='ocrx_word' id='word_1_131' title='bbox 1027 1498 1089 1535; x_wconf 92' lang='lat' dir='ltr'><strong>Bi-</strong></span> 
     </span>
     <span class='ocr_line' id='line_1_23' title="bbox 113 1556 1089 1610; baseline 0.002 -15"><span class='ocrx_word' id='word_1_132' title='bbox 113 1556 310 1596; x_wconf 89' lang='lat' dir='ltr'><strong>bliotheca</strong></span> <span class='ocrx_word' id='word_1_133' title='bbox 332 1557 515 1608; x_wconf 89' lang='lat' dir='ltr'><strong>ejusdem</strong></span> <span class='ocrx_word' id='word_1_134' title='bbox 532 1557 694 1598; x_wconf 86' lang='lat' dir='ltr'><strong>Ordinis</strong></span> <span class='ocrx_word' id='word_1_135' title='bbox 713 1570 799 1610; x_wconf 79' lang='lat' dir='ltr'><strong>pag.</strong></span> <span class='ocrx_word' id='word_1_136' title='bbox 824 1559 899 1597; x_wconf 88' lang='lat'><strong>309</strong></span> <span class='ocrx_word' id='word_1_137' title='bbox 917 1570 1000 1609; x_wconf 90' lang='lat' dir='ltr'><strong>seq.</strong></span> <span class='ocrx_word' id='word_1_138' title='bbox 1022 1560 1089 1597; x_wconf 92' lang='lat' dir='ltr'><strong>Jo-</strong></span> 
     </span>
     <span class='ocr_line' id='line_1_24' title="bbox 115 1619 1087 1671; baseline 0.001 -14"><span class='ocrx_word' id='word_1_139' title='bbox 115 1629 242 1658; x_wconf 88' lang='lat' dir='ltr'><strong>annes</strong></span> <span class='ocrx_word' id='word_1_140' title='bbox 278 1619 482 1659; x_wconf 89' lang='lat' dir='ltr'><strong>Lelandus</strong></span> <span class='ocrx_word' id='word_1_141' title='bbox 500 1630 534 1658; x_wconf 87' lang='lat' dir='ltr'><strong>c.</strong></span> <span class='ocrx_word' id='word_1_142' title='bbox 561 1619 639 1659; x_wconf 88' lang='grc'><strong>236</strong></span> <span class='ocrx_word' id='word_1_143' title='bbox 676 1621 821 1659; x_wconf 90' lang='lat' dir='ltr'><strong>Baleus</strong></span> <span class='ocrx_word' id='word_1_144' title='bbox 846 1621 896 1660; x_wconf 90' lang='lat' dir='ltr'><strong>IV</strong></span> <span class='ocrx_word' id='word_1_145' title='bbox 921 1622 971 1660; x_wconf 89' lang='grc'><strong>55</strong></span> <span class='ocrx_word' id='word_1_146' title='bbox 995 1620 1087 1671; x_wconf 93' lang='lat' dir='ltr'><strong>(ubi</strong></span> 
     </span>
     <span class='ocr_line' id='line_1_25' title="bbox 114 1681 1089 1734; baseline 0.002 -15"><span class='ocrx_word' id='word_1_147' title='bbox 114 1681 263 1720; x_wconf 88' lang='lat' dir='ltr'><strong>omittit</strong></span> <span class='ocrx_word' id='word_1_148' title='bbox 278 1711 286 1728; x_wconf 89' lang='lat'>‚</span> <span class='ocrx_word' id='word_1_149' title='bbox 301 1681 408 1732; x_wconf 92' lang='lat' dir='ltr'><strong>quod</strong></span> <span class='ocrx_word' id='word_1_150' title='bbox 430 1684 630 1721; x_wconf 88' lang='lat' dir='ltr'><strong>Baconem</strong></span> <span class='ocrx_word' id='word_1_151' title='bbox 641 1682 999 1734; x_wconf 74' lang='lat' dir='ltr'><strong>praestiyiatorem</strong></span> <span class='ocrx_word' id='word_1_152' title='bbox 1019 1694 1089 1721; x_wconf 93' lang='lat' dir='ltr'><strong>vo-</strong></span> 
     </span>
     <span class='ocr_line' id='line_1_26' title="bbox 114 1743 1089 1795; baseline 0.002 -15"><span class='ocrx_word' id='word_1_153' title='bbox 114 1746 277 1781; x_wconf 83' lang='lat' dir='ltr'><strong>caverat</strong></span> <span class='ocrx_word' id='word_1_154' title='bbox 300 1744 338 1781; x_wconf 92' lang='lat' dir='ltr'><strong>in</strong></span> <span class='ocrx_word' id='word_1_155' title='bbox 361 1745 580 1782; x_wconf 90' lang='lat' dir='ltr'><strong>summario</strong></span> <span class='ocrx_word' id='word_1_156' title='bbox 601 1743 650 1782; x_wconf 90' lang='lat' dir='ltr'><strong>de</strong></span> <span class='ocrx_word' id='word_1_157' title='bbox 674 1744 941 1795; x_wconf 85' lang='lat' dir='ltr'><strong>Scriptoribus</strong></span> <span class='ocrx_word' id='word_1_158' title='bbox 964 1744 1089 1794; x_wconf 89' lang='lat' dir='ltr'><strong>majo-</strong></span> 
     </span>
     <span class='ocr_line' id='line_1_27' title="bbox 114 1803 1087 1856; baseline 0.004 -16"><span class='ocrx_word' id='word_1_159' title='bbox 114 1803 171 1841; x_wconf 91' lang='lat' dir='ltr'><strong>ris</strong></span> <span class='ocrx_word' id='word_1_160' title='bbox 207 1804 433 1843; x_wconf 85' lang='lat' dir='ltr'><strong>Britanniae</strong></span> <span class='ocrx_word' id='word_1_161' title='bbox 472 1805 578 1844; x_wconf 89' lang='lat' dir='ltr'><strong>edito</strong></span> <span class='ocrx_word' id='word_1_162' title='bbox 611 1806 854 1856; x_wconf 87' lang='lat' dir='ltr'><strong>Gippeswici</strong></span> <span class='ocrx_word' id='word_1_163' title='bbox 897 1807 999 1845; x_wconf 95' lang='grc'>4548</span> <span class='ocrx_word' id='word_1_164' title='bbox 1025 1807 1087 1855; x_wconf 84' lang='grc'>4.)</span> 
     </span>
     <span class='ocr_line' id='line_1_28' title="bbox 116 1864 1087 1918; baseline 0.004 -16"><span class='ocrx_word' id='word_1_165' title='bbox 116 1864 275 1904; x_wconf 88' lang='lat' dir='ltr'><strong>Pitseus</strong></span> <span class='ocrx_word' id='word_1_166' title='bbox 312 1865 362 1904; x_wconf 90' lang='lat' dir='ltr'><strong>ad</strong></span> <span class='ocrx_word' id='word_1_167' title='bbox 384 1864 461 1904; x_wconf 87' lang='lat' dir='ltr'><strong>An.</strong></span> <span class='ocrx_word' id='word_1_168' title='bbox 503 1867 605 1906; x_wconf 85' lang='grc'>4284</span> <span class='ocrx_word' id='word_1_169' title='bbox 629 1878 716 1918; x_wconf 84' lang='lat' dir='ltr'><strong>pag.</strong></span> <span class='ocrx_word' id='word_1_170' title='bbox 744 1867 832 1905; x_wconf 88' lang='lat'><strong>366.</strong></span> <span class='ocrx_word' id='word_1_171' title='bbox 867 1868 1027 1907; x_wconf 87' lang='lat' dir='ltr'><strong>Baelius</strong></span> <span class='ocrx_word' id='word_1_172' title='bbox 1047 1869 1087 1906; x_wconf 87' lang='lat' dir='ltr'><strong>in</strong></span> 
     </span>
     <span class='ocr_line' id='line_1_29' title="bbox 117 1927 1088 1980; baseline 0.003 -15"><span class='ocrx_word' id='word_1_173' title='bbox 117 1927 261 1966; x_wconf 77' lang='lat' dir='ltr'><strong>Lexico</strong></span> <span class='ocrx_word' id='word_1_174' title='bbox 278 1956 287 1976; x_wconf 85' lang='lat'>‚</span> <span class='ocrx_word' id='word_1_175' title='bbox 307 1931 348 1966; x_wconf 87' lang='lat' dir='ltr'><strong>et</strong></span> <span class='ocrx_word' id='word_1_176' title='bbox 367 1927 540 1967; x_wconf 90' lang='lat' dir='ltr'><strong>Caveus.</strong></span> <span class='ocrx_word' id='word_1_177' title='bbox 568 1928 601 1967; x_wconf 86' lang='lat' dir='ltr'><strong>A</strong></span> <span class='ocrx_word' id='word_1_178' title='bbox 621 1929 786 1967; x_wconf 88' lang='lat' dir='ltr'><strong>erimine</strong></span> <span class='ocrx_word' id='word_1_179' title='bbox 801 1930 949 1979; x_wconf 81' lang='lat' dir='ltr'><strong>Magiae</strong></span> <span class='ocrx_word' id='word_1_180' title='bbox 963 1930 1088 1980; x_wconf 82' lang='lat' dir='ltr'><strong>Roge-</strong></span> 
     </span>
     <span class='ocr_line' id='line_1_30' title="bbox 117 1988 1087 2031; baseline 0.005 -5"><span class='ocrx_word' id='word_1_181' title='bbox 117 1999 207 2027; x_wconf 89' lang='lat' dir='ltr'><strong>rum</strong></span> <span class='ocrx_word' id='word_1_182' title='bbox 232 1988 403 2028; x_wconf 86' lang='lat' dir='ltr'><strong>libenter</strong></span> <span class='ocrx_word' id='word_1_183' title='bbox 441 1990 657 2030; x_wconf 88' lang='lat' dir='ltr'><strong>absolvunt</strong></span> <span class='ocrx_word' id='word_1_184' title='bbox 692 1990 806 2029; x_wconf 91' lang='lat' dir='ltr'><strong>hodie</strong></span> <span class='ocrx_word' id='word_1_185' title='bbox 830 2002 970 2029; x_wconf 89' lang='lat' dir='ltr'><strong>omnes</strong></span> <span class='ocrx_word' id='word_1_186' title='bbox 993 2003 1087 2031; x_wconf 84' lang='lat' dir='ltr'><strong>eum</strong></span> 
     </span>
     <span class='ocr_line' id='line_1_31' title="bbox 114 2050 1086 2102; baseline 0.004 -15"><span class='ocrx_word' id='word_1_187' title='bbox 114 2050 267 2089; x_wconf 86' lang='lat' dir='ltr'><strong>Joanne</strong></span> <span class='ocrx_word' id='word_1_188' title='bbox 290 2051 398 2099; x_wconf 89' lang='lat' dir='ltr'><strong>Dee⁷</strong></span> <span class='ocrx_word' id='word_1_189' title='bbox 422 2052 576 2102; x_wconf 81' lang='lat' dir='ltr'><strong>Anglo‚</strong></span> <span class='ocrx_word' id='word_1_190' title='bbox 601 2056 642 2091; x_wconf 87' lang='lat' dir='ltr'><strong>et</strong></span> <span class='ocrx_word' id='word_1_191' title='bbox 670 2052 853 2090; x_wconf 87' lang='lat' dir='ltr'><strong>Gabriele</strong></span> <span class='ocrx_word' id='word_1_192' title='bbox 876 2052 1086 2101; x_wconf 84' lang='lat' dir='ltr'><strong>Naudaeo‚</strong></span> 
     </span>
     <span class='ocr_line' id='line_1_32' title="bbox 115 2111 1086 2164; baseline 0.003 -15"><span class='ocrx_word' id='word_1_193' title='bbox 115 2111 251 2150; x_wconf 89' lang='lat' dir='ltr'><strong>Gallo:</strong></span> <span class='ocrx_word' id='word_1_194' title='bbox 268 2112 398 2151; x_wconf 88' lang='lat' dir='ltr'><strong>Facile</strong></span> <span class='ocrx_word' id='word_1_195' title='bbox 417 2117 552 2152; x_wconf 91' lang='lat' dir='ltr'><strong>autem</strong></span> <span class='ocrx_word' id='word_1_196' title='bbox 571 2118 735 2164; x_wconf 88' lang='lat' dir='ltr'><strong>apparet</strong></span> <span class='ocrx_word' id='word_1_197' title='bbox 759 2125 852 2153; x_wconf 90' lang='lat' dir='ltr'><strong>eum</strong></span> <span class='ocrx_word' id='word_1_198' title='bbox 868 2123 948 2152; x_wconf 89' lang='lat' dir='ltr'><strong>non</strong></span> <span class='ocrx_word' id='word_1_199' title='bbox 969 2114 1086 2153; x_wconf 91' lang='lat' dir='ltr'><strong>modo</strong></span> 
     </span>
     <span class='ocr_line' id='line_1_33' title="bbox 115 2172 1087 2226; baseline 0.005 -15"><span class='ocrx_word' id='word_1_200' title='bbox 115 2172 340 2212; x_wconf 86' lang='lat' dir='ltr'><strong>Matheseos</strong></span> <span class='ocrx_word' id='word_1_201' title='bbox 362 2178 403 2212; x_wconf 88' lang='lat' dir='ltr'><strong>et</strong></span> <span class='ocrx_word' id='word_1_202' title='bbox 419 2174 611 2226; x_wconf 72' lang='lat' dir='ltr'><strong>Physices</strong></span> <span class='ocrx_word' id='word_1_203' title='bbox 635 2176 924 2226; x_wconf 87' lang='lat' dir='ltr'><strong>peritissimum</strong></span> <span class='ocrx_word' id='word_1_204' title='bbox 946 2177 1087 2226; x_wconf 81' lang='lat' dir='ltr'><strong>fuisse,</strong></span> 
     </span>
     <span class='ocr_line' id='line_1_34' title="bbox 117 2235 1090 2289; baseline 0.004 -16"><span class='ocrx_word' id='word_1_205' title='bbox 117 2238 239 2285; x_wconf 86' lang='lat' dir='ltr'><strong>atque</strong></span> <span class='ocrx_word' id='word_1_206' title='bbox 263 2236 304 2273; x_wconf 92' lang='lat' dir='ltr'><strong>in</strong></span> <span class='ocrx_word' id='word_1_207' title='bbox 327 2235 530 2276; x_wconf 88' lang='lat' dir='ltr'><strong>Chemicis</strong></span> <span class='ocrx_word' id='word_1_208' title='bbox 548 2266 556 2286; x_wconf 85' lang='grc'>,</span> <span class='ocrx_word' id='word_1_209' title='bbox 571 2237 725 2289; x_wconf 88' lang='lat' dir='ltr'><strong>Opticis</strong></span> <span class='ocrx_word' id='word_1_210' title='bbox 742 2237 763 2260; x_wconf 41' lang='grc' dir='ltr'><strong>ἕ</strong></span> <span class='ocrx_word' id='word_1_211' title='bbox 778 2242 819 2277; x_wconf 92' lang='lat' dir='ltr'><strong>et</strong></span> <span class='ocrx_word' id='word_1_212' title='bbox 840 2237 1090 2277; x_wconf 88' lang='lat' dir='ltr'><strong>Astronomi-</strong></span> 
     </span>
     <span class='ocr_line' id='line_1_35' title="bbox 115 2296 1090 2351; baseline 0.007 -18"><span class='ocrx_word' id='word_1_213' title='bbox 115 2296 174 2334; x_wconf 89' lang='lat' dir='ltr'><strong>eis</strong></span> <span class='ocrx_word' id='word_1_214' title='bbox 210 2296 327 2347; x_wconf 88' lang='lat' dir='ltr'><strong>plura</strong></span> <span class='ocrx_word' id='word_1_215' title='bbox 363 2300 521 2350; x_wconf 82' lang='lat' dir='ltr'><strong>egregia</strong></span> <span class='ocrx_word' id='word_1_216' title='bbox 555 2299 820 2349; x_wconf 79' lang='lat' dir='ltr'><strong>observasse,</strong></span> <span class='ocrx_word' id='word_1_217' title='bbox 849 2304 890 2339; x_wconf 92' lang='lat' dir='ltr'><strong>et</strong></span> <span class='ocrx_word' id='word_1_218' title='bbox 928 2301 1090 2351; x_wconf 86' lang='lat' dir='ltr'><strong>specula</strong></span> 
     </span>
     <span class='ocr_line' id='line_1_36' title="bbox 117 2357 1089 2414; baseline 0.006 -18"><span class='ocrx_word' id='word_1_219' title='bbox 117 2357 392 2398; x_wconf 89' lang='lat' dir='ltr'><strong>comburentia</strong></span> <span class='ocrx_word' id='word_1_220' title='bbox 410 2361 648 2411; x_wconf 90' lang='lat' dir='ltr'><strong>pulveremq</strong></span> <span class='ocrx_word' id='word_1_221' title='bbox 664 2373 673 2411; x_wconf 82' lang='lat'>3</span> <span class='ocrx_word' id='word_1_222' title='bbox 690 2363 850 2413; x_wconf 69' lang='lat' dir='ltr'><strong>pyrium</strong></span> <span class='ocrx_word' id='word_1_223' title='bbox 867 2363 1089 2414; x_wconf 79' lang='lat' dir='ltr'><strong>invenisse,</strong></span> 
     </span>
     <span class='ocr_line' id='line_1_37' title="bbox 116 2420 1090 2464; baseline 0.006 -6"><span class='ocrx_word' id='word_1_224' title='bbox 116 2424 158 2458; x_wconf 78' lang='lat' dir='ltr'><strong>et.</strong></span> <span class='ocrx_word' id='word_1_225' title='bbox 185 2420 410 2460; x_wconf 89' lang='lat' dir='ltr'><strong>Calendarii</strong></span> <span class='ocrx_word' id='word_1_226' title='bbox 434 2422 675 2462; x_wconf 86' lang='lat' dir='ltr'><strong>emendandi</strong></span> <span class='ocrx_word' id='word_1_227' title='bbox 706 2429 953 2464; x_wconf 86' lang='lat' dir='ltr'><strong>monstrasse</strong></span> <span class='ocrx_word' id='word_1_228' title='bbox 973 2427 1090 2464; x_wconf 90' lang='lat' dir='ltr'><strong>ratio-</strong></span> 
     </span>
     <span class='ocr_line' id='line_1_38' title="bbox 118 2482 1088 2537; baseline 0.007 -19"><span class='ocrx_word' id='word_1_229' title='bbox 118 2492 206 2519; x_wconf 85' lang='lat' dir='ltr'><strong>nes:</strong></span> <span class='ocrx_word' id='word_1_230' title='bbox 224 2482 295 2520; x_wconf 91' lang='lat' dir='ltr'><strong>sed</strong></span> <span class='ocrx_word' id='word_1_231' title='bbox 314 2485 435 2522; x_wconf 89' lang='lat' dir='ltr'><strong>etiam</strong></span> <span class='ocrx_word' id='word_1_232' title='bbox 452 2485 491 2521; x_wconf 90' lang='lat' dir='ltr'><strong>in</strong></span> <span class='ocrx_word' id='word_1_233' title='bbox 512 2484 599 2523; x_wconf 90' lang='lat' dir='ltr'><strong>aliis</strong></span> <span class='ocrx_word' id='word_1_234' title='bbox 615 2486 795 2535; x_wconf 87' lang='lat' dir='ltr'><strong>partibus</strong></span> <span class='ocrx_word' id='word_1_235' title='bbox 816 2486 1088 2537; x_wconf 88' lang='lat' dir='ltr'><strong>Philosophiae</strong></span> 
     </span>
     <span class='ocr_line' id='line_1_39' title="bbox 118 2542 1085 2599; baseline 0.008 -20"><span class='ocrx_word' id='word_1_236' title='bbox 118 2546 160 2580; x_wconf 89' lang='lat' dir='ltr'><strong>et</strong></span> <span class='ocrx_word' id='word_1_237' title='bbox 181 2542 414 2594; x_wconf 79' lang='lat' dir='ltr'><strong>Theologiae</strong></span> <span class='ocrx_word' id='word_1_238' title='bbox 443 2546 558 2596; x_wconf 84' lang='lat' dir='ltr'><strong>longe</strong></span> <span class='ocrx_word' id='word_1_239' title='bbox 588 2549 770 2598; x_wconf 83' lang='lat' dir='ltr'><strong>sapuisse</strong></span> <span class='ocrx_word' id='word_1_240' title='bbox 793 2549 900 2587; x_wconf 87' lang='lat' dir='ltr'><strong>ultra</strong></span> <span class='ocrx_word' id='word_1_241' title='bbox 923 2552 1085 2599; x_wconf 90' lang='lat' dir='ltr'><strong>captum</strong></span> 
     </span>
     <span class='ocr_line' id='line_1_40' title="bbox 120 2603 1087 2659; baseline 0.007 -18"><span class='ocrx_word' id='word_1_242' title='bbox 120 2603 278 2642; x_wconf 91' lang='lat' dir='ltr'><strong>illorum</strong></span> <span class='ocrx_word' id='word_1_243' title='bbox 300 2609 555 2656; x_wconf 79' lang='lat' dir='ltr'><strong>temporum,</strong></span> <span class='ocrx_word' id='word_1_244' title='bbox 580 2612 626 2646; x_wconf 90' lang='lat' dir='ltr'><strong>ut</strong></span> <span class='ocrx_word' id='word_1_245' title='bbox 649 2613 813 2658; x_wconf 90' lang='lat' dir='ltr'><strong>apparet</strong></span> <span class='ocrx_word' id='word_1_246' title='bbox 835 2609 901 2647; x_wconf 90' lang='lat' dir='ltr'><strong>vel</strong></span> <span class='ocrx_word' id='word_1_247' title='bbox 925 2620 974 2647; x_wconf 85' lang='lat' dir='ltr'><strong>ex</strong></span> <span class='ocrx_word' id='word_1_248' title='bbox 998 2609 1087 2659; x_wconf 90' lang='lat' dir='ltr'><strong>ejus</strong></span> 
     </span>
     <span class='ocr_line' id='line_1_41' title="bbox 117 2664 1087 2722; baseline 0.007 -19"><span class='ocrx_word' id='word_1_249' title='bbox 117 2664 299 2716; x_wconf 80' lang='lat' dir='ltr'><strong>Epistola</strong></span> <span class='ocrx_word' id='word_1_250' title='bbox 313 2665 360 2705; x_wconf 88' lang='lat' dir='ltr'><strong>de</strong></span> <span class='ocrx_word' id='word_1_251' title='bbox 375 2665 492 2706; x_wconf 83' lang='lat' dir='ltr'><strong>laude</strong></span> <span class='ocrx_word' id='word_1_252' title='bbox 511 2669 663 2707; x_wconf 80' lang='lat' dir='ltr'><strong>Sacrae</strong></span> <span class='ocrx_word' id='word_1_253' title='bbox 679 2670 915 2722; x_wconf 84' lang='lat' dir='ltr'><strong>Scripturae</strong></span> <span class='ocrx_word' id='word_1_254' title='bbox 933 2670 982 2709; x_wconf 87' lang='lat' dir='ltr'><strong>ad</strong></span> <span class='ocrx_word' id='word_1_255' title='bbox 999 2672 1087 2710; x_wconf 89' lang='lat' dir='ltr'><strong>Cle-</strong></span> 
     </span>
     <span class='ocr_line' id='line_1_42' title="bbox 119 2725 1086 2783; baseline 0.006 -18"><span class='ocrx_word' id='word_1_256' title='bbox 119 2731 298 2766; x_wconf 84' lang='lat' dir='ltr'><strong>mentem</strong></span> <span class='ocrx_word' id='word_1_257' title='bbox 330 2725 468 2767; x_wconf 72' lang='lat' dir='ltr'><strong>lV.&#39;ex</strong></span> <span class='ocrx_word' id='word_1_258' title='bbox 491 2741 570 2779; x_wconf 82' lang='lat' dir='ltr'><strong>qua</strong></span> <span class='ocrx_word' id='word_1_259' title='bbox 595 2731 762 2781; x_wconf 81' lang='lat' dir='ltr'><strong>insignia</strong></span> <span class='ocrx_word' id='word_1_260' title='bbox 784 2736 973 2782; x_wconf 79' lang='lat' dir='ltr'><strong>excerpta</strong></span> <span class='ocrx_word' id='word_1_261' title='bbox 996 2744 1086 2783; x_wconf 87' lang='lat' dir='ltr'><strong>pro-</strong></span> 
     </span>
     <span class='ocr_line' id='line_1_43' title="bbox 118 2788 1086 2841; baseline 0.005 -14"><span class='ocrx_word' id='word_1_262' title='bbox 118 2788 235 2828; x_wconf 79' lang='lat' dir='ltr'><strong>duxit</strong></span> <span class='ocrx_word' id='word_1_263' title='bbox 257 2789 499 2829; x_wconf 82' lang='lat' dir='ltr'><strong>Humi&#39;redus</strong></span> <span class='ocrx_word' id='word_1_264' title='bbox 518 2791 631 2841; x_wconf 79' lang='lat' dir='ltr'><strong>llody</strong></span> <span class='ocrx_word' id='word_1_265' title='bbox 654 2791 702 2829; x_wconf 81' lang='lat' dir='ltr'><strong>de.</strong></span> <span class='ocrx_word' id='word_1_266' title='bbox 724 2792 942 2831; x_wconf 89' lang='lat' dir='ltr'><strong>Bibliorum</strong></span> <span class='ocrx_word' id='word_1_267' title='bbox 965 2796 1086 2832; x_wconf 81' lang='lat' dir='ltr'><strong>texti-</strong></span> 
     </span>
     <span class='ocr_line' id='line_1_44' title="bbox 120 2850 1084 2904; baseline 0.006 -15"><span class='ocrx_word' id='word_1_268' title='bbox 120 2851 196 2890; x_wconf 91' lang='lat' dir='ltr'><strong>bus</strong></span> <span class='ocrx_word' id='word_1_269' title='bbox 216 2850 481 2903; x_wconf 83' lang='lat' dir='ltr'><strong>Originalibus</strong></span> <span class='ocrx_word' id='word_1_270' title='bbox 504 2864 590 2904; x_wconf 78' lang='lat' dir='ltr'><strong>pag.</strong></span> <span class='ocrx_word' id='word_1_271' title='bbox 618 2853 692 2892; x_wconf 88' lang='grc'><strong>449</strong></span> <span class='ocrx_word' id='word_1_272' title='bbox 714 2864 796 2903; x_wconf 89' lang='lat' dir='ltr'><strong>seq.</strong></span> <span class='ocrx_word' id='word_1_273' title='bbox 822 2858 862 2892; x_wconf 89' lang='lat' dir='ltr'><strong>et</strong></span> <span class='ocrx_word' id='word_1_274' title='bbox 891 2856 1084 2895; x_wconf 88' lang='lat' dir='ltr'><strong>Henricus</strong></span> 
     </span>
     <span class='ocr_line' id='line_1_45' title="bbox 118 2913 1086 2955; baseline 0.004 -3"><span class='ocrx_word' id='word_1_275' title='bbox 118 2913 366 2954; x_wconf 88' lang='lat' dir='ltr'><strong>Warthonus</strong></span> <span class='ocrx_word' id='word_1_276' title='bbox 403 2915 443 2952; x_wconf 92' lang='lat' dir='ltr'><strong>in</strong></span> <span class='ocrx_word' id='word_1_277' title='bbox 483 2915 657 2954; x_wconf 84' lang='lat' dir='ltr'><strong>auctario</strong></span> <span class='ocrx_word' id='word_1_278' title='bbox 680 2914 727 2953; x_wconf 85' lang='lat' dir='ltr'><strong>ad</strong></span> <span class='ocrx_word' id='word_1_279' title='bbox 766 2915 900 2953; x_wconf 84' lang='lat' dir='ltr'><strong>Jacohi</strong></span> <span class='ocrx_word' id='word_1_280' title='bbox 938 2917 1086 2955; x_wconf 87' lang='lat' dir='ltr'><strong>Usserii</strong></span> 
     </span>
     <span class='ocr_line' id='line_1_46' title="bbox 121 2974 1087 3028; baseline 0.003 -15"><span class='ocrx_word' id='word_1_281' title='bbox 121 2974 327 3015; x_wconf 89' lang='lat' dir='ltr'><strong>historiam</strong></span> <span class='ocrx_word' id='word_1_282' title='bbox 360 2976 625 3028; x_wconf 81' lang='lat' dir='ltr'><strong>dogmaticam</strong></span> <span class='ocrx_word' id='word_1_283' title='bbox 660 2975 709 3014; x_wconf 87' lang='lat' dir='ltr'><strong>de</strong></span> <span class='ocrx_word' id='word_1_284' title='bbox 731 2977 946 3026; x_wconf 79' lang='lat' dir='ltr'><strong>scripturis</strong></span> <span class='ocrx_word' id='word_1_285' title='bbox 966 2980 1087 3016; x_wconf 85' lang='lat' dir='ltr'><strong>sacri-</strong></span> 
     </span>
     <span class='ocr_line' id='line_1_47' title="bbox 122 3036 1087 3090; baseline 0.002 -15"><span class='ocrx_word' id='word_1_286' title='bbox 122 3047 222 3088; x_wconf 90' lang='lat' dir='ltr'><strong>sque</strong></span> <span class='ocrx_word' id='word_1_287' title='bbox 245 3039 474 3078; x_wconf 81' lang='lat' dir='ltr'><strong>vernaculis</strong></span> <span class='ocrx_word' id='word_1_288' title='bbox 494 3050 579 3090; x_wconf 80' lang='lat' dir='ltr'><strong>pag.</strong></span> <span class='ocrx_word' id='word_1_289' title='bbox 599 3038 673 3077; x_wconf 86' lang='grc'><strong>420</strong></span> <span class='ocrx_word' id='word_1_290' title='bbox 698 3049 780 3088; x_wconf 86' lang='lat' dir='ltr'><strong>seq.</strong></span> <span class='ocrx_word' id='word_1_291' title='bbox 797 3036 895 3087; x_wconf 80' lang='lat' dir='ltr'><strong>justi</strong></span> <span class='ocrx_word' id='word_1_292' title='bbox 913 3038 1087 3077; x_wconf 85' lang='lat' dir='ltr'><strong>Volumi-</strong></span> 
     </span>
    </p>
   </div>
   <div class='ocr_carea' id='block_1_3' title="bbox 117 3185 1086 3330">
    <p class='ocr_par' dir='ltr' id='par_1_5' title="bbox 117 3185 1086 3330">
     <span class='ocr_line' id='line_1_48' title="bbox 176 3185 1084 3230; baseline 0.003 -12"><span class='ocrx_word' id='word_1_293' title='bbox 176 3185 191 3200; x_wconf 80' lang='grc'>’</span> <span class='ocrx_word' id='word_1_294' title='bbox 212 3189 252 3218; x_wconf 82' lang='lat' dir='ltr'><strong>Ut</strong></span> <span class='ocrx_word' id='word_1_295' title='bbox 274 3191 580 3230; x_wconf 81' lang='lat' dir='ltr'><strong>macroscopiorum</strong></span> <span class='ocrx_word' id='word_1_296' title='bbox 599 3192 630 3221; x_wconf 88' lang='lat' dir='ltr'><strong>ct</strong></span> <span class='ocrx_word' id='word_1_297' title='bbox 646 3189 803 3220; x_wconf 76' lang='lat' dir='ltr'><strong>tuborum</strong></span> <span class='ocrx_word' id='word_1_298' title='bbox 827 3190 1016 3229; x_wconf 83' lang='lat' dir='ltr'><strong>opticorum</strong></span> <span class='ocrx_word' id='word_1_299' title='bbox 1036 3191 1084 3221; x_wconf 90' lang='lat' dir='ltr'><strong>in-</strong></span> 
     </span>
     <span class='ocr_line' id='line_1_49' title="bbox 117 3236 1086 3273; baseline 0.007 -7"><span class='ocrx_word' id='word_1_300' title='bbox 117 3236 323 3269; x_wconf 83' lang='lat' dir='ltr'><strong>ventionem.</strong></span> <span class='ocrx_word' id='word_1_301' title='bbox 349 3240 430 3271; x_wconf 80' lang='lat' dir='ltr'><strong>Vide</strong></span> <span class='ocrx_word' id='word_1_302' title='bbox 453 3239 541 3271; x_wconf 86' lang='lat' dir='ltr'><strong>Guil.</strong></span> <span class='ocrx_word' id='word_1_303' title='bbox 569 3239 753 3272; x_wconf 78' lang='lat' dir='ltr'><strong>Molineusii</strong></span> <span class='ocrx_word' id='word_1_304' title='bbox 780 3241 915 3271; x_wconf 76' lang='lat' dir='ltr'><strong>treatise.</strong></span> <span class='ocrx_word' id='word_1_305' title='bbox 951 3239 989 3271; x_wconf 80' lang='lat' dir='ltr'><strong>os</strong></span> <span class='ocrx_word' id='word_1_306' title='bbox 1013 3240 1086 3273; x_wconf 89' lang='lat' dir='ltr'><strong>dio-</strong></span> 
     </span>
     <span class='ocr_line' id='line_1_50' title="bbox 117 3283 531 3330; baseline 0.017 -15"><span class='ocrx_word' id='word_1_307' title='bbox 117 3283 226 3318; x_wconf 80' lang='lat' dir='ltr'><strong>dtriks</strong></span> <span class='ocrx_word' id='word_1_308' title='bbox 249 3288 338 3320; x_wconf 79' lang='lat' dir='ltr'><strong>Part.</strong></span> <span class='ocrx_word' id='word_1_309' title='bbox 361 3289 382 3320; x_wconf 73' lang='lat'><strong>2</strong></span> <span class='ocrx_word' id='word_1_310' title='bbox 405 3297 478 3330; x_wconf 81' lang='lat' dir='ltr'><strong>cap·</strong></span> <span class='ocrx_word' id='word_1_311' title='bbox 500 3291 531 3322; x_wconf 85' lang='lat'><strong>6.</strong></span> 
     </span>
    </p>
   </div>
   <div class='ocr_carea' id='block_1_4' title="bbox 1157 187 2139 3207">
    <p class='ocr_par' dir='ltr' id='par_1_6' title="bbox 1157 187 2139 2721">
     <span class='ocr_line' id='line_1_51' title="bbox 2057 187 2132 225; baseline 0.013 -1"><span class='ocrx_word' id='word_1_312' title='bbox 2057 187 2132 225; x_wconf 79' lang='lat'><strong>151</strong></span> 
     </span>
     <span class='ocr_line' id='line_1_52' title="bbox 1170 261 2139 311; baseline -0.002 -11"><span class='ocrx_word' id='word_1_313' title='bbox 1170 264 1232 302; x_wconf 87' lang='lat' dir='ltr'><strong>nis</strong></span> <span class='ocrx_word' id='word_1_314' title='bbox 1253 265 1397 304; x_wconf 87' lang='lat' dir='ltr'><strong>molem</strong></span> <span class='ocrx_word' id='word_1_315' title='bbox 1426 273 1513 302; x_wconf 85' lang='lat' dir='ltr'><strong>eam</strong></span> <span class='ocrx_word' id='word_1_316' title='bbox 1543 272 1765 311; x_wconf 80' lang='lat' dir='ltr'><strong>exaequare</strong></span> <span class='ocrx_word' id='word_1_317' title='bbox 1790 264 1974 299; x_wconf 87' lang='lat' dir='ltr'><strong>testatus.</strong></span> <span class='ocrx_word' id='word_1_318' title='bbox 2006 261 2049 299; x_wconf 91' lang='lat' dir='ltr'><strong>In</strong></span> <span class='ocrx_word' id='word_1_319' title='bbox 2074 272 2139 299; x_wconf 74' lang='lat' dir='ltr'><strong>ea—</strong></span> 
     </span>
     <span class='ocr_line' id='line_1_53' title="bbox 1168 321 2137 376; baseline -0.002 -13"><span class='ocrx_word' id='word_1_320' title='bbox 1168 324 1258 364; x_wconf 88' lang='lat' dir='ltr'><strong>dem</strong></span> <span class='ocrx_word' id='word_1_321' title='bbox 1283 325 1460 376; x_wconf 82' lang='lat' dir='ltr'><strong>Epistola</strong></span> <span class='ocrx_word' id='word_1_322' title='bbox 1481 328 1614 362; x_wconf 87' lang='lat' dir='ltr'><strong>exstat</strong></span> <span class='ocrx_word' id='word_1_323' title='bbox 1636 323 1708 361; x_wconf 88' lang='lat' dir='ltr'><strong>hoc</strong></span> <span class='ocrx_word' id='word_1_324' title='bbox 1730 321 1818 372; x_wconf 86' lang='lat' dir='ltr'><strong>ejus</strong></span> <span class='ocrx_word' id='word_1_325' title='bbox 1840 321 1972 372; x_wconf 90' lang='lat' dir='ltr'><strong>paullo</strong></span> <span class='ocrx_word' id='word_1_326' title='bbox 1996 321 2137 361; x_wconf 83' lang='lat' dir='ltr'><strong>libera-</strong></span> 
     </span>
     <span class='ocr_line' id='line_1_54' title="bbox 1167 382 2135 438; baseline -0.002 -14"><span class='ocrx_word' id='word_1_327' title='bbox 1167 386 1244 425; x_wconf 89' lang='lat' dir='ltr'><strong>lius</strong></span> <span class='ocrx_word' id='word_1_328' title='bbox 1280 389 1522 438; x_wconf 83' lang='lat' dir='ltr'><strong>promissum</strong></span> <span class='ocrx_word' id='word_1_329' title='bbox 1541 399 1548 423; x_wconf 91' lang='lat'>:</span> <span class='ocrx_word' id='word_1_330' title='bbox 1589 385 1752 425; x_wconf 80' lang='lat' dir='ltr'><strong>Certum</strong></span> <span class='ocrx_word' id='word_1_331' title='bbox 1786 388 1843 423; x_wconf 86' lang='lat' dir='ltr'><strong>est</strong></span> <span class='ocrx_word' id='word_1_332' title='bbox 1879 382 1978 422; x_wconf 84' lang='lat' dir='ltr'><strong>mihi</strong></span> <span class='ocrx_word' id='word_1_333' title='bbox 1992 413 2000 431; x_wconf 81' lang='grc'><em>,</em></span> <span class='ocrx_word' id='word_1_334' title='bbox 2030 384 2135 436; x_wconf 82' lang='lat' dir='ltr'><strong>quod</strong></span> 
     </span>
     <span class='ocr_line' id='line_1_55' title="bbox 1167 445 2136 500; baseline -0.001 -14"><span class='ocrx_word' id='word_1_335' title='bbox 1167 447 1276 500; x_wconf 64' lang='lat' dir='ltr'><strong>infra</strong></span> <span class='ocrx_word' id='word_1_336' title='bbox 1305 452 1385 487; x_wconf 85' lang='lat' dir='ltr'><strong>tres</strong></span> <span class='ocrx_word' id='word_1_337' title='bbox 1408 448 1490 486; x_wconf 80' lang='lat' dir='ltr'><strong>(lies</strong></span> <span class='ocrx_word' id='word_1_338' title='bbox 1514 458 1581 497; x_wconf 76' lang='lat'><strong>090</strong></span> <span class='ocrx_word' id='word_1_339' title='bbox 1609 458 1881 498; x_wconf 80' lang='lat' dir='ltr'><strong>quemcunque</strong></span> <span class='ocrx_word' id='word_1_340' title='bbox 1913 445 2136 497; x_wconf 56' lang='lat' dir='ltr'><strong>diliqentcm</strong></span> 
     </span>
     <span class='ocr_line' id='line_1_56' title="bbox 1166 507 2138 561; baseline -0.001 -14"><span class='ocrx_word' id='word_1_341' title='bbox 1166 513 1204 548; x_wconf 85' lang='lat' dir='ltr'><strong>et</strong></span> <span class='ocrx_word' id='word_1_342' title='bbox 1223 510 1475 561; x_wconf 77' lang='lat' dir='ltr'><strong>considentem</strong></span> <span class='ocrx_word' id='word_1_343' title='bbox 1490 509 1669 547; x_wconf 82' lang='lat' dir='ltr'><strong>docerem</strong></span> <span class='ocrx_word' id='word_1_344' title='bbox 1688 507 1933 558; x_wconf 80' lang='lat' dir='ltr'><strong>Hebraeum,</strong></span> <span class='ocrx_word' id='word_1_345' title='bbox 1951 512 1997 547; x_wconf 87' lang='lat' dir='ltr'><strong>ut</strong></span> <span class='ocrx_word' id='word_1_346' title='bbox 2014 509 2138 548; x_wconf 84' lang='lat' dir='ltr'><strong>sciret</strong></span> 
     </span>
     <span class='ocr_line' id='line_1_57' title="bbox 1166 570 2138 622; baseline 0 -13"><span class='ocrx_word' id='word_1_347' title='bbox 1166 570 1293 622; x_wconf 73' lang='lat' dir='ltr'><strong>leqere</strong></span> <span class='ocrx_word' id='word_1_348' title='bbox 1316 575 1354 610; x_wconf 91' lang='lat' dir='ltr'><strong>et</strong></span> <span class='ocrx_word' id='word_1_349' title='bbox 1375 570 1592 621; x_wconf 74' lang='lat' dir='ltr'><strong>intelliyere</strong></span> <span class='ocrx_word' id='word_1_350' title='bbox 1616 571 1806 622; x_wconf 82' lang='lat' dir='ltr'><strong>quicquid</strong></span> <span class='ocrx_word' id='word_1_351' title='bbox 1827 572 1968 610; x_wconf 76' lang='lat' dir='ltr'><strong>Sancti·</strong></span> <span class='ocrx_word' id='word_1_352' title='bbox 1999 571 2138 610; x_wconf 84' lang='lat' dir='ltr'><strong>dicunt</strong></span> 
     </span>
     <span class='ocr_line' id='line_1_58' title="bbox 1165 632 2136 684; baseline 0.001 -13"><span class='ocrx_word' id='word_1_353' title='bbox 1165 636 1204 671; x_wconf 86' lang='lat' dir='ltr'><strong>et</strong></span> <span class='ocrx_word' id='word_1_354' title='bbox 1228 633 1434 684; x_wconf 77' lang='lat' dir='ltr'><strong>Sapientes</strong></span> <span class='ocrx_word' id='word_1_355' title='bbox 1473 632 1632 682; x_wconf 76' lang='lat' dir='ltr'><strong>antiqui</strong></span> <span class='ocrx_word' id='word_1_356' title='bbox 1666 633 1707 670; x_wconf 88' lang='lat' dir='ltr'><strong>in</strong></span> <span class='ocrx_word' id='word_1_357' title='bbox 1739 633 1983 684; x_wconf 65' lang='lat' dir='ltr'><strong>expositione</strong></span> <span class='ocrx_word' id='word_1_358' title='bbox 2022 634 2136 672; x_wconf 85' lang='lat' dir='ltr'><strong>sacri</strong></span> 
     </span>
     <span class='ocr_line' id='line_1_59' title="bbox 1167 693 2135 745; baseline 0.003 -13"><span class='ocrx_word' id='word_1_359' title='bbox 1167 697 1304 732; x_wconf 76' lang='lat' dir='ltr'><strong>teoetus</strong></span> <span class='ocrx_word' id='word_1_360' title='bbox 1320 724 1328 743; x_wconf 78' lang='grc'>,</span> <span class='ocrx_word' id='word_1_361' title='bbox 1345 698 1384 732; x_wconf 89' lang='lat' dir='ltr'><strong>et</strong></span> <span class='ocrx_word' id='word_1_362' title='bbox 1405 693 1595 745; x_wconf 81' lang='lat' dir='ltr'><strong>quicquid</strong></span> <span class='ocrx_word' id='word_1_363' title='bbox 1608 694 1780 745; x_wconf 78' lang='lat' dir='ltr'><strong>pertinet</strong></span> <span class='ocrx_word' id='word_1_364' title='bbox 1794 695 1848 733; x_wconf 72' lang='lat' dir='ltr'><strong>acl</strong></span> <span class='ocrx_word' id='word_1_365' title='bbox 1867 695 1974 734; x_wconf 86' lang='lat' dir='ltr'><strong>illius</strong></span> <span class='ocrx_word' id='word_1_366' title='bbox 1999 699 2135 735; x_wconf 68' lang='lat' dir='ltr'><strong>temtus</strong></span> 
     </span>
     <span class='ocr_line' id='line_1_60' title="bbox 1167 755 2134 807; baseline 0.003 -13"><span class='ocrx_word' id='word_1_367' title='bbox 1167 755 1454 794; x_wconf 78' lang='lat' dir='ltr'><strong>correctionem</strong></span> <span class='ocrx_word' id='word_1_368' title='bbox 1493 758 1531 793; x_wconf 89' lang='lat' dir='ltr'><strong>et</strong></span> <span class='ocrx_word' id='word_1_369' title='bbox 1565 756 1849 807; x_wconf 74' lang='lat' dir='ltr'><strong>eoepositionem</strong></span> <span class='ocrx_word' id='word_1_370' title='bbox 1863 789 1873 806; x_wconf 74' lang='lat'><em>,</em></span> <span class='ocrx_word' id='word_1_371' title='bbox 1899 758 1937 796; x_wconf 89' lang='lat' dir='ltr'><strong>si</strong></span> <span class='ocrx_word' id='word_1_372' title='bbox 1956 757 2073 797; x_wconf 85' lang='lat' dir='ltr'><strong>vellet</strong></span> <span class='ocrx_word' id='word_1_373' title='bbox 2092 769 2134 797; x_wconf 90' lang='lat' dir='ltr'><strong>se</strong></span> 
     </span>
     <span class='ocr_line' id='line_1_61' title="bbox 1165 816 2136 870; baseline 0.003 -15"><span class='ocrx_word' id='word_1_374' title='bbox 1165 817 1349 856; x_wconf 73' lang='lat' dir='ltr'><strong>excitare</strong></span> <span class='ocrx_word' id='word_1_375' title='bbox 1365 816 1581 855; x_wconf 82' lang='lat' dir='ltr'><strong>secundum</strong></span> <span class='ocrx_word' id='word_1_376' title='bbox 1596 816 1817 855; x_wconf 82' lang='lat' dir='ltr'><strong>doctrinam</strong></span> <span class='ocrx_word' id='word_1_377' title='bbox 1834 817 1980 857; x_wconf 81' lang='lat' dir='ltr'><strong>datam.</strong></span> <span class='ocrx_word' id='word_1_378' title='bbox 1998 820 2032 857; x_wconf 82' lang='lat' dir='ltr'><em>E</em></span> <span class='ocrx_word' id='word_1_379' title='bbox 2036 823 2052 857; x_wconf 90' lang='lat' dir='ltr'><strong>t</strong></span> <span class='ocrx_word' id='word_1_380' title='bbox 2057 831 2136 870; x_wconf 87' lang='lat' dir='ltr'><strong>per</strong></span> 
     </span>
     <span class='ocr_line' id='line_1_62' title="bbox 1164 878 2134 927; baseline 0.004 -11"><span class='ocrx_word' id='word_1_381' title='bbox 1164 881 1246 917; x_wconf 83' lang='lat' dir='ltr'><strong>tres</strong></span> <span class='ocrx_word' id='word_1_382' title='bbox 1275 878 1358 917; x_wconf 84' lang='lat' dir='ltr'><strong>dies</strong></span> <span class='ocrx_word' id='word_1_383' title='bbox 1389 878 1513 917; x_wconf 86' lang='lat' dir='ltr'><strong>sciret</strong></span> <span class='ocrx_word' id='word_1_384' title='bbox 1534 878 1580 917; x_wconf 86' lang='lat' dir='ltr'><strong>de</strong></span> <span class='ocrx_word' id='word_1_385' title='bbox 1615 879 1767 917; x_wconf 75' lang='lat' dir='ltr'><strong>Graeco</strong></span> <span class='ocrx_word' id='word_1_386' title='bbox 1804 879 1967 927; x_wconf 85' lang='lat' dir='ltr'><strong>iterum;</strong></span> <span class='ocrx_word' id='word_1_387' title='bbox 1987 885 2033 919; x_wconf 90' lang='lat' dir='ltr'><strong>ut</strong></span> <span class='ocrx_word' id='word_1_388' title='bbox 2056 894 2134 920; x_wconf 86' lang='lat' dir='ltr'><strong>non</strong></span> 
     </span>
     <span class='ocr_line' id='line_1_63' title="bbox 1164 938 2134 995; baseline 0.006 -18"><span class='ocrx_word' id='word_1_389' title='bbox 1164 938 1291 977; x_wconf 80' lang='lat' dir='ltr'><strong>solum</strong></span> <span class='ocrx_word' id='word_1_390' title='bbox 1318 939 1440 978; x_wconf 86' lang='lat' dir='ltr'><strong>sciret</strong></span> <span class='ocrx_word' id='word_1_391' title='bbox 1467 939 1594 991; x_wconf 70' lang='lat' dir='ltr'><strong>leyere</strong></span> <span class='ocrx_word' id='word_1_392' title='bbox 1623 945 1662 980; x_wconf 86' lang='lat' dir='ltr'><strong>et</strong></span> <span class='ocrx_word' id='word_1_393' title='bbox 1693 940 1910 991; x_wconf 72' lang='lat' dir='ltr'><strong>intelliqere</strong></span> <span class='ocrx_word' id='word_1_394' title='bbox 1945 943 2134 995; x_wconf 78' lang='lat' dir='ltr'><strong>quicquid</strong></span> 
     </span>
     <span class='ocr_line' id='line_1_64' title="bbox 1157 1000 2131 1055; baseline 0.002 -17"><span class='ocrx_word' id='word_1_395' title='bbox 1157 1000 1332 1052; x_wconf 79' lang='lat' dir='ltr'><strong>pertinet</strong></span> <span class='ocrx_word' id='word_1_396' title='bbox 1346 1001 1401 1040; x_wconf 85' lang='lat' dir='ltr'><strong>ad</strong></span> <span class='ocrx_word' id='word_1_397' title='bbox 1412 1001 1667 1053; x_wconf 69' lang='lat' dir='ltr'><strong>leeoloqiam,</strong></span> <span class='ocrx_word' id='word_1_398' title='bbox 1684 1003 1754 1042; x_wconf 88' lang='lat' dir='ltr'><strong>sed</strong></span> <span class='ocrx_word' id='word_1_399' title='bbox 1765 1002 1821 1042; x_wconf 79' lang='lat' dir='ltr'><strong>ad</strong></span> <span class='ocrx_word' id='word_1_400' title='bbox 1828 1003 2131 1055; x_wconf 79' lang='lat' dir='ltr'><strong>Philosophiam7</strong></span> 
     </span>
     <span class='ocr_line' id='line_1_65' title="bbox 1164 1062 2134 1117; baseline 0.006 -17"><span class='ocrx_word' id='word_1_401' title='bbox 1164 1062 1269 1101; x_wconf 84' lang='lat' dir='ltr'><strong>etad</strong></span> <span class='ocrx_word' id='word_1_402' title='bbox 1290 1063 1485 1114; x_wconf 69' lang='lat' dir='ltr'><strong>Linquam</strong></span> <span class='ocrx_word' id='word_1_403' title='bbox 1501 1065 1696 1104; x_wconf 78' lang='lat' dir='ltr'><strong>Latinam.</strong></span> <span class='ocrx_word' id='word_1_404' title='bbox 1713 1067 1933 1117; x_wconf 85' lang='lat' dir='ltr'><strong>Epistolam</strong></span> <span class='ocrx_word' id='word_1_405' title='bbox 1949 1067 2134 1106; x_wconf 81' lang='lat' dir='ltr'><strong>Clemen-</strong></span> 
     </span>
     <span class='ocr_line' id='line_1_66' title="bbox 1164 1126 2132 1180; baseline 0.005 -18"><span class='ocrx_word' id='word_1_406' title='bbox 1164 1126 1216 1163; x_wconf 91' lang='lat' dir='ltr'><strong>tis</strong></span> <span class='ocrx_word' id='word_1_407' title='bbox 1239 1126 1290 1164; x_wconf 93' lang='lat' dir='ltr'><strong>IV</strong></span> <span class='ocrx_word' id='word_1_408' title='bbox 1312 1126 1361 1164; x_wconf 92' lang='lat' dir='ltr'><strong>ad</strong></span> <span class='ocrx_word' id='word_1_409' title='bbox 1385 1127 1582 1177; x_wconf 78' lang='lat' dir='ltr'><strong>Rogerum</strong></span> <span class='ocrx_word' id='word_1_410' title='bbox 1607 1128 1653 1167; x_wconf 83' lang='lat' dir='ltr'><strong>A.</strong></span> <span class='ocrx_word' id='word_1_411' title='bbox 1673 1129 1774 1168; x_wconf 85' lang='grc'>4266</span> <span class='ocrx_word' id='word_1_412' title='bbox 1799 1128 1933 1168; x_wconf 82' lang='lat' dir='ltr'><strong>datam</strong></span> <span class='ocrx_word' id='word_1_413' title='bbox 1950 1130 2132 1180; x_wconf 78' lang='lat' dir='ltr'><strong>vulgavit</strong></span> 
     </span>
     <span class='ocr_line' id='line_1_67' title="bbox 1163 1186 2130 1230; baseline 0.005 -5"><span class='ocrx_word' id='word_1_414' title='bbox 1163 1186 1403 1226; x_wconf 86' lang='lat' dir='ltr'><strong>Edmundus</strong></span> <span class='ocrx_word' id='word_1_415' title='bbox 1422 1189 1598 1228; x_wconf 86' lang='lat' dir='ltr'><strong>Martene</strong></span> <span class='ocrx_word' id='word_1_416' title='bbox 1628 1194 1734 1229; x_wconf 86' lang='lat' dir='ltr'><strong>tomo</strong></span> <span class='ocrx_word' id='word_1_417' title='bbox 1760 1191 1805 1228; x_wconf 90' lang='lat'><strong>11.</strong></span> <span class='ocrx_word' id='word_1_418' title='bbox 1836 1190 2130 1230; x_wconf 84' lang='lat' dir='ltr'><strong>Anecdotorum</strong></span> 
     </span>
     <span class='ocr_line' id='line_1_68' title="bbox 1165 1249 2131 1304; baseline 0.005 -18"><span class='ocrx_word' id='word_1_419' title='bbox 1165 1259 1252 1299; x_wconf 81' lang='lat' dir='ltr'><strong>pag.</strong></span> <span class='ocrx_word' id='word_1_420' title='bbox 1279 1249 1356 1288; x_wconf 89' lang='grc'><strong>358</strong></span> <span class='ocrx_word' id='word_1_421' title='bbox 1380 1254 1420 1288; x_wconf 90' lang='lat' dir='ltr'><strong>et</strong></span> <span class='ocrx_word' id='word_1_422' title='bbox 1442 1252 1581 1301; x_wconf 80' lang='lat' dir='ltr'><strong>Rogeri</strong></span> <span class='ocrx_word' id='word_1_423' title='bbox 1611 1263 1709 1302; x_wconf 87' lang='lat' dir='ltr'><strong>opus</strong></span> <span class='ocrx_word' id='word_1_424' title='bbox 1739 1253 1870 1304; x_wconf 82' lang='lat' dir='ltr'><strong>majus</strong></span> <span class='ocrx_word' id='word_1_425' title='bbox 1894 1252 1940 1291; x_wconf 79' lang='lat' dir='ltr'><strong>de</strong></span> <span class='ocrx_word' id='word_1_426' title='bbox 1963 1253 2131 1292; x_wconf 84' lang='lat' dir='ltr'><strong>utilitate</strong></span> 
     </span>
     <span class='ocr_line' id='line_1_69' title="bbox 1165 1308 2131 1362; baseline 0.008 -16"><span class='ocrx_word' id='word_1_427' title='bbox 1165 1308 1426 1349; x_wconf 82' lang='lat' dir='ltr'><strong>scientiarum</strong></span> <span class='ocrx_word' id='word_1_428' title='bbox 1444 1341 1451 1358; x_wconf 84' lang='lat'>,</span> <span class='ocrx_word' id='word_1_429' title='bbox 1477 1313 1580 1362; x_wconf 92' lang='lat' dir='ltr'><strong>quod</strong></span> <span class='ocrx_word' id='word_1_430' title='bbox 1602 1312 1651 1351; x_wconf 89' lang='lat' dir='ltr'><strong>ad</strong></span> <span class='ocrx_word' id='word_1_431' title='bbox 1672 1314 1921 1353; x_wconf 83' lang='lat' dir='ltr'><strong>Clementem</strong></span> <span class='ocrx_word' id='word_1_432' title='bbox 1943 1316 1993 1354; x_wconf 87' lang='lat' dir='ltr'><strong>IV</strong></span> <span class='ocrx_word' id='word_1_433' title='bbox 2015 1316 2131 1354; x_wconf 85' lang='lat' dir='ltr'><strong>Anno</strong></span> 
     </span>
     <span class='ocr_line' id='line_1_70' title="bbox 1167 1371 2132 1425; baseline 0.006 -14"><span class='ocrx_word' id='word_1_434' title='bbox 1167 1371 1270 1411; x_wconf 87' lang='grc'>4267</span> <span class='ocrx_word' id='word_1_435' title='bbox 1294 1373 1422 1420; x_wconf 79' lang='lat' dir='ltr'><strong>misit,</strong></span> <span class='ocrx_word' id='word_1_436' title='bbox 1447 1376 1625 1425; x_wconf 81' lang='lat' dir='ltr'><strong>proxime</strong></span> <span class='ocrx_word' id='word_1_437' title='bbox 1647 1387 1668 1413; x_wconf 88' lang='lat' dir='ltr'><strong>a</strong></span> <span class='ocrx_word' id='word_1_438' title='bbox 1692 1377 1912 1415; x_wconf 89' lang='lat' dir='ltr'><strong>clarissimo</strong></span> <span class='ocrx_word' id='word_1_439' title='bbox 1945 1378 2036 1416; x_wconf 83' lang='lat' dir='ltr'><strong>Viro</strong></span> <span class='ocrx_word' id='word_1_440' title='bbox 2061 1380 2132 1417; x_wconf 77' lang='lat' dir='ltr'><strong>Sa-</strong></span> 
     </span>
     <span class='ocr_line' id='line_1_71' title="bbox 1166 1434 2130 1490; baseline 0.006 -19"><span class='ocrx_word' id='word_1_441' title='bbox 1166 1434 1298 1472; x_wconf 87' lang='lat' dir='ltr'><strong>muele</strong></span> <span class='ocrx_word' id='word_1_442' title='bbox 1334 1435 1470 1474; x_wconf 84' lang='lat' dir='ltr'><strong>Jebbio</strong></span> <span class='ocrx_word' id='word_1_443' title='bbox 1501 1436 1521 1458; x_wconf 74' lang='lat'><em>*</em></span> <span class='ocrx_word' id='word_1_444' title='bbox 1551 1437 1715 1475; x_wconf 86' lang='lat' dir='ltr'><strong>Londini</strong></span> <span class='ocrx_word' id='word_1_445' title='bbox 1754 1438 1953 1477; x_wconf 88' lang='lat' dir='ltr'><strong>edendum</strong></span> <span class='ocrx_word' id='word_1_446' title='bbox 1990 1440 2130 1490; x_wconf 84' lang='lat' dir='ltr'><strong>cupide</strong></span> 
     </span>
     <span class='ocr_line' id='line_1_72' title="bbox 1165 1498 2132 1546; baseline 0.007 -13"><span class='ocrx_word' id='word_1_447' title='bbox 1165 1501 1463 1546; x_wconf 80' lang='lat' dir='ltr'><strong>exspectamus.</strong></span> <span class='ocrx_word' id='word_1_448' title='bbox 1487 1498 1602 1537; x_wconf 90' lang='lat' dir='ltr'><strong>Liber</strong></span> <span class='ocrx_word' id='word_1_449' title='bbox 1616 1498 1662 1536; x_wconf 87' lang='lat' dir='ltr'><strong>de</strong></span> <span class='ocrx_word' id='word_1_450' title='bbox 1684 1499 1940 1540; x_wconf 82' lang='lat' dir='ltr'><strong>retardandis</strong></span> <span class='ocrx_word' id='word_1_451' title='bbox 1956 1505 2132 1540; x_wconf 85' lang='lat' dir='ltr'><strong>senectu-</strong></span> 
     </span>
     <span class='ocr_line' id='line_1_73' title="bbox 1165 1556 2134 1615; baseline 0.008 -20"><span class='ocrx_word' id='word_1_452' title='bbox 1165 1556 1213 1595; x_wconf 79' lang='lat' dir='ltr'><strong>tis</strong></span> <span class='ocrx_word' id='word_1_453' title='bbox 1226 1557 1496 1597; x_wconf 83' lang='lat' dir='ltr'><strong>accidentibus</strong></span> <span class='ocrx_word' id='word_1_454' title='bbox 1505 1563 1544 1597; x_wconf 85' lang='lat' dir='ltr'><strong>et</strong></span> <span class='ocrx_word' id='word_1_455' title='bbox 1556 1559 1740 1600; x_wconf 81' lang='lat' dir='ltr'><strong>sensibus</strong></span> <span class='ocrx_word' id='word_1_456' title='bbox 1756 1562 2036 1614; x_wconf 81' lang='lat' dir='ltr'><strong>confirmandis</strong></span> <span class='ocrx_word' id='word_1_457' title='bbox 2047 1575 2134 1615; x_wconf 90' lang='lat' dir='ltr'><strong>pro-</strong></span> 
     </span>
     <span class='ocr_line' id='line_1_74' title="bbox 1163 1619 2132 1676; baseline 0.006 -18"><span class='ocrx_word' id='word_1_458' title='bbox 1163 1619 1234 1658; x_wconf 91' lang='lat' dir='ltr'><strong>diit</strong></span> <span class='ocrx_word' id='word_1_459' title='bbox 1257 1620 1433 1659; x_wconf 71' lang='lat' dir='ltr'><strong>Oxoniae</strong></span> <span class='ocrx_word' id='word_1_460' title='bbox 1461 1622 1561 1660; x_wconf 85' lang='grc'>4590</span> <span class='ocrx_word' id='word_1_461' title='bbox 1592 1623 1628 1660; x_wconf 91' lang='grc'><strong>8.</strong></span> <span class='ocrx_word' id='word_1_462' title='bbox 1659 1621 1775 1673; x_wconf 89' lang='lat' dir='ltr'><strong>Apud</strong></span> <span class='ocrx_word' id='word_1_463' title='bbox 1807 1625 2023 1664; x_wconf 87' lang='lat' dir='ltr'><strong>Lelandum</strong></span> <span class='ocrx_word' id='word_1_464' title='bbox 2046 1637 2132 1676; x_wconf 76' lang='lat' dir='ltr'><strong>pag.</strong></span> 
     </span>
     <span class='ocr_line' id='line_1_75' title="bbox 1166 1682 2133 1736; baseline 0.007 -17"><span class='ocrx_word' id='word_1_465' title='bbox 1166 1682 1243 1720; x_wconf 86' lang='grc'>259</span> <span class='ocrx_word' id='word_1_466' title='bbox 1270 1683 1309 1719; x_wconf 92' lang='lat' dir='ltr'><strong>in</strong></span> <span class='ocrx_word' id='word_1_467' title='bbox 1331 1683 1518 1733; x_wconf 74' lang='lat' dir='ltr'><strong>Catalogo</strong></span> <span class='ocrx_word' id='word_1_468' title='bbox 1542 1685 1682 1734; x_wconf 78' lang='lat' dir='ltr'><strong>Rogeri</strong></span> <span class='ocrx_word' id='word_1_469' title='bbox 1705 1684 1881 1734; x_wconf 88' lang='lat' dir='ltr'><strong>Operum</strong></span> <span class='ocrx_word' id='word_1_470' title='bbox 1919 1687 2133 1736; x_wconf 81' lang='lat' dir='ltr'><strong>legendum</strong></span> 
     </span>
     <span class='ocr_line' id='line_1_76' title="bbox 1162 1742 2132 1799; baseline 0.007 -19"><span class='ocrx_word' id='word_1_471' title='bbox 1162 1742 1210 1781; x_wconf 87' lang='lat' dir='ltr'><strong>a&#39;e</strong></span> <span class='ocrx_word' id='word_1_472' title='bbox 1229 1742 1416 1794; x_wconf 85' lang='lat' dir='ltr'><strong>operibus</strong></span> <span class='ocrx_word' id='word_1_473' title='bbox 1438 1745 1620 1783; x_wconf 85' lang='lat' dir='ltr'><strong>Naturae</strong></span> <span class='ocrx_word' id='word_1_474' title='bbox 1637 1745 1821 1795; x_wconf 75' lang='lat' dir='ltr'><strong>occultis,</strong></span> <span class='ocrx_word' id='word_1_475' title='bbox 1838 1748 1905 1786; x_wconf 93' lang='lat' dir='ltr'><strong>ubi</strong></span> <span class='ocrx_word' id='word_1_476' title='bbox 1926 1760 2132 1799; x_wconf 86' lang='lat' dir='ltr'><strong>perperam</strong></span> 
     </span>
     <span class='ocr_line' id='line_1_77' title="bbox 1164 1806 2135 1858; baseline 0.007 -15"><span class='ocrx_word' id='word_1_477' title='bbox 1164 1816 1361 1844; x_wconf 84' lang='lat' dir='ltr'><strong>excusum</strong></span> <span class='ocrx_word' id='word_1_478' title='bbox 1387 1810 1450 1844; x_wconf 91' lang='lat' dir='ltr'><strong>est</strong></span> <span class='ocrx_word' id='word_1_479' title='bbox 1465 1806 1511 1845; x_wconf 81' lang='lat' dir='ltr'><strong>de</strong></span> <span class='ocrx_word' id='word_1_480' title='bbox 1526 1806 1714 1858; x_wconf 83' lang='lat' dir='ltr'><strong>operibus</strong></span> <span class='ocrx_word' id='word_1_481' title='bbox 1734 1820 1811 1846; x_wconf 84' lang='lat' dir='ltr'><strong>non</strong></span> <span class='ocrx_word' id='word_1_482' title='bbox 1830 1808 2003 1849; x_wconf 86' lang='lat' dir='ltr'><strong>occultis.</strong></span> <span class='ocrx_word' id='word_1_483' title='bbox 2021 1811 2135 1856; x_wconf 85' lang='lat' dir='ltr'><strong>Quod</strong></span> 
     </span>
     <span class='ocr_line' id='line_1_78' title="bbox 1165 1865 2136 1921; baseline 0.006 -17"><span class='ocrx_word' id='word_1_484' title='bbox 1165 1878 1261 1905; x_wconf 90' lang='lat' dir='ltr'><strong>vero</strong></span> <span class='ocrx_word' id='word_1_485' title='bbox 1284 1865 1581 1907; x_wconf 85' lang='lat' dir='ltr'><strong>Antidotarium</strong></span> <span class='ocrx_word' id='word_1_486' title='bbox 1606 1870 1837 1909; x_wconf 87' lang='lat' dir='ltr'><strong>inscribitur</strong></span> <span class='ocrx_word' id='word_1_487' title='bbox 1865 1871 1969 1921; x_wconf 91' lang='lat' dir='ltr'><strong>apud</strong></span> <span class='ocrx_word' id='word_1_488' title='bbox 1994 1872 2136 1910; x_wconf 86' lang='lat' dir='ltr'><strong>Leian-</strong></span> 
     </span>
     <span class='ocr_line' id='line_1_79' title="bbox 1163 1927 2135 1983; baseline 0.004 -17"><span class='ocrx_word' id='word_1_489' title='bbox 1163 1927 1258 1966; x_wconf 90' lang='lat' dir='ltr'><strong>dum</strong></span> <span class='ocrx_word' id='word_1_490' title='bbox 1277 1941 1286 1978; x_wconf 83' lang='lat'><em>3</em></span> <span class='ocrx_word' id='word_1_491' title='bbox 1309 1930 1459 1974; x_wconf 79' lang='lat' dir='ltr'><strong>pitseo,</strong></span> <span class='ocrx_word' id='word_1_492' title='bbox 1484 1930 1622 1979; x_wconf 59' lang='lat' dir='ltr'><strong>Baleo.</strong></span> <span class='ocrx_word' id='word_1_493' title='bbox 1647 1930 1871 1983; x_wconf 83' lang='lat' dir='ltr'><strong>Waddingo</strong></span> <span class='ocrx_word' id='word_1_494' title='bbox 1887 1936 1950 1970; x_wconf 88' lang='lat' dir='ltr'><strong>est</strong></span> <span class='ocrx_word' id='word_1_495' title='bbox 1972 1931 2135 1970; x_wconf 79' lang='lat' dir='ltr'><strong>Antido-</strong></span> 
     </span>
     <span class='ocr_line' id='line_1_80' title="bbox 1162 1989 2133 2043; baseline 0.006 -16"><span class='ocrx_word' id='word_1_496' title='bbox 1162 1989 1314 2028; x_wconf 87' lang='lat' dir='ltr'><strong>tarium</strong></span> <span class='ocrx_word' id='word_1_497' title='bbox 1327 1990 1432 2029; x_wconf 82' lang='lat' dir='ltr'><strong>vitae</strong></span> <span class='ocrx_word' id='word_1_498' title='bbox 1442 1991 1651 2030; x_wconf 75' lang='lat' dir='ltr'><strong>humanae.</strong></span> <span class='ocrx_word' id='word_1_499' title='bbox 1671 1993 1865 2032; x_wconf 89' lang='lat' dir='ltr'><strong>Similiter</strong></span> <span class='ocrx_word' id='word_1_500' title='bbox 1874 1994 1960 2032; x_wconf 91' lang='lat' dir='ltr'><strong>libri</strong></span> <span class='ocrx_word' id='word_1_501' title='bbox 1970 1993 2016 2032; x_wconf 79' lang='lat' dir='ltr'><strong>cle</strong></span> <span class='ocrx_word' id='word_1_502' title='bbox 2026 1993 2133 2043; x_wconf 81' lang='lat' dir='ltr'><strong>Iocis,</strong></span> 
     </span>
     <span class='ocr_line' id='line_1_81' title="bbox 1162 2052 2135 2106; baseline 0.005 -16"><span class='ocrx_word' id='word_1_503' title='bbox 1162 2057 1208 2091; x_wconf 91' lang='lat' dir='ltr'><strong>ut</strong></span> <span class='ocrx_word' id='word_1_504' title='bbox 1231 2052 1336 2103; x_wconf 85' lang='lat' dir='ltr'><strong>apud</strong></span> <span class='ocrx_word' id='word_1_505' title='bbox 1360 2054 1580 2093; x_wconf 89' lang='lat' dir='ltr'><strong>Lelandum</strong></span> <span class='ocrx_word' id='word_1_506' title='bbox 1616 2055 1787 2106; x_wconf 76' lang='lat' dir='ltr'><strong>legitur,</strong></span> <span class='ocrx_word' id='word_1_507' title='bbox 1812 2056 1965 2106; x_wconf 76' lang='lat' dir='ltr'><strong>integer</strong></span> <span class='ocrx_word' id='word_1_508' title='bbox 1993 2057 2135 2095; x_wconf 81' lang='lat' dir='ltr'><strong>titulus</strong></span> 
     </span>
     <span class='ocr_line' id='line_1_82' title="bbox 1161 2113 2137 2168; baseline 0.004 -16"><span class='ocrx_word' id='word_1_509' title='bbox 1161 2119 1224 2153; x_wconf 90' lang='lat' dir='ltr'><strong>est</strong></span> <span class='ocrx_word' id='word_1_510' title='bbox 1244 2114 1290 2153; x_wconf 79' lang='lat' dir='ltr'><strong>cle</strong></span> <span class='ocrx_word' id='word_1_511' title='bbox 1320 2113 1417 2156; x_wconf 83' lang='lat' dir='ltr'><strong>locis</strong></span> <span class='ocrx_word' id='word_1_512' title='bbox 1449 2115 1672 2154; x_wconf 87' lang='lat' dir='ltr'><strong>stellarum.</strong></span> <span class='ocrx_word' id='word_1_513' title='bbox 1699 2116 1860 2155; x_wconf 92' lang='lat' dir='ltr'><strong>Librum</strong></span> <span class='ocrx_word' id='word_1_514' title='bbox 1890 2116 1937 2155; x_wconf 82' lang='lat' dir='ltr'><strong>cle</strong></span> <span class='ocrx_word' id='word_1_515' title='bbox 1956 2117 2077 2168; x_wconf 69' lang='lat' dir='ltr'><strong>sluoeu</strong></span> <span class='ocrx_word' id='word_1_516' title='bbox 2101 2122 2137 2156; x_wconf 86' lang='lat' dir='ltr'><strong>et</strong></span> 
     </span>
     <span class='ocr_line' id='line_1_83' title="bbox 1159 2175 2134 2229; baseline 0.003 -15"><span class='ocrx_word' id='word_1_517' title='bbox 1159 2175 1327 2228; x_wconf 77' lang='lat' dir='ltr'><strong>refluaeu</strong></span> <span class='ocrx_word' id='word_1_518' title='bbox 1345 2176 1474 2229; x_wconf 85' lang='lat' dir='ltr'><strong>maris</strong></span> <span class='ocrx_word' id='word_1_519' title='bbox 1501 2177 1748 2226; x_wconf 78' lang='lat' dir='ltr'><strong>Britannici,</strong></span> <span class='ocrx_word' id='word_1_520' title='bbox 1770 2178 1936 2217; x_wconf 85' lang='lat' dir='ltr'><strong>Woodio</strong></span> <span class='ocrx_word' id='word_1_521' title='bbox 1956 2184 2134 2229; x_wconf 68' lang='lat' dir='ltr'><strong>notante⁷</strong></span> 
     </span>
     <span class='ocr_line' id='line_1_84' title="bbox 1163 2231 2138 2291; baseline 0.003 -14"><span class='ocrx_word' id='word_1_522' title='bbox 1163 2239 1308 2278; x_wconf 89' lang='lat' dir='ltr'><strong>Baleus</strong></span> <span class='ocrx_word' id='word_1_523' title='bbox 1323 2240 1368 2288; x_wconf 87' lang='lat' dir='ltr'><strong>V,</strong></span> <span class='ocrx_word' id='word_1_524' title='bbox 1387 2231 1436 2278; x_wconf 84' lang='grc'><strong>42</strong></span> <span class='ocrx_word' id='word_1_525' title='bbox 1455 2239 1503 2278; x_wconf 86' lang='lat' dir='ltr'><strong>ad</strong></span> <span class='ocrx_word' id='word_1_526' title='bbox 1526 2240 1764 2278; x_wconf 84' lang='lat' dir='ltr'><strong>Gvalterum</strong></span> <span class='ocrx_word' id='word_1_527' title='bbox 1785 2238 1988 2291; x_wconf 85' lang='lat' dir='ltr'><strong>Burlejum</strong></span> <span class='ocrx_word' id='word_1_528' title='bbox 2006 2243 2138 2291; x_wconf 83' lang='lat' dir='ltr'><strong>refert,</strong></span> 
     </span>
     <span class='ocr_line' id='line_1_85' title="bbox 1164 2300 2135 2354; baseline 0.004 -15"><span class='ocrx_word' id='word_1_529' title='bbox 1164 2305 1204 2339; x_wconf 86' lang='lat' dir='ltr'><strong>et</strong></span> <span class='ocrx_word' id='word_1_530' title='bbox 1228 2301 1373 2341; x_wconf 89' lang='lat' dir='ltr'><strong>librum</strong></span> <span class='ocrx_word' id='word_1_531' title='bbox 1394 2300 1441 2340; x_wconf 84' lang='lat' dir='ltr'><strong>cle</strong></span> <span class='ocrx_word' id='word_1_532' title='bbox 1462 2301 1634 2340; x_wconf 85' lang='lat' dir='ltr'><strong>utilitate</strong></span> <span class='ocrx_word' id='word_1_533' title='bbox 1658 2300 2061 2354; x_wconf 55' lang='lat' dir='ltr'><strong>AstronomiaeSIII,</strong></span> <span class='ocrx_word' id='word_1_534' title='bbox 2085 2303 2135 2343; x_wconf 90' lang='grc'>27</span> 
     </span>
     <span class='ocr_line' id='line_1_86' title="bbox 1162 2362 2135 2415; baseline 0.003 -14"><span class='ocrx_word' id='word_1_535' title='bbox 1162 2362 1212 2401; x_wconf 89' lang='lat' dir='ltr'><strong>ad</strong></span> <span class='ocrx_word' id='word_1_536' title='bbox 1249 2363 1493 2402; x_wconf 88' lang='lat' dir='ltr'><strong>Gvilelmum</strong></span> <span class='ocrx_word' id='word_1_537' title='bbox 1531 2366 1799 2403; x_wconf 90' lang='lat' dir='ltr'><strong>Botonerum:</strong></span> <span class='ocrx_word' id='word_1_538' title='bbox 1843 2377 1922 2415; x_wconf 89' lang='lat' dir='ltr'><strong>quo</strong></span> <span class='ocrx_word' id='word_1_539' title='bbox 1959 2367 1999 2403; x_wconf 89' lang='lat' dir='ltr'><strong>in</strong></span> <span class='ocrx_word' id='word_1_540' title='bbox 2037 2366 2135 2404; x_wconf 91' lang='lat' dir='ltr'><strong>libro</strong></span> 
     </span>
     <span class='ocr_line' id='line_1_87' title="bbox 1162 2425 2129 2474; baseline 0.003 -12"><span class='ocrx_word' id='word_1_541' title='bbox 1162 2425 1311 2463; x_wconf 88' lang='lat' dir='ltr'><strong>mentio</strong></span> <span class='ocrx_word' id='word_1_542' title='bbox 1340 2425 1384 2463; x_wconf 86' lang='lat' dir='ltr'><strong>fit</strong></span> <span class='ocrx_word' id='word_1_543' title='bbox 1421 2429 1644 2474; x_wconf 73' lang='lat' dir='ltr'><strong>tractatus,</strong></span> <span class='ocrx_word' id='word_1_544' title='bbox 1669 2425 1892 2464; x_wconf 82' lang='lat' dir='ltr'><strong>testimonia</strong></span> <span class='ocrx_word' id='word_1_545' title='bbox 1917 2426 2129 2465; x_wconf 86' lang='lat' dir='ltr'><strong>Gentilium</strong></span> 
     </span>
     <span class='ocr_line' id='line_1_88' title="bbox 1162 2484 2133 2538; baseline 0.003 -15"><span class='ocrx_word' id='word_1_546' title='bbox 1162 2484 1405 2537; x_wconf 84' lang='lat' dir='ltr'><strong>conferentia</strong></span> <span class='ocrx_word' id='word_1_547' title='bbox 1442 2485 1696 2525; x_wconf 81' lang='lat' dir='ltr'><strong>Christianae</strong></span> <span class='ocrx_word' id='word_1_548' title='bbox 1728 2486 1923 2538; x_wconf 72' lang='lat' dir='ltr'><strong>Reliyioni</strong></span> <span class='ocrx_word' id='word_1_549' title='bbox 1960 2488 2133 2538; x_wconf 87' lang='lat' dir='ltr'><strong>comple-</strong></span> 
     </span>
     <span class='ocr_line' id='line_1_89' title="bbox 1161 2547 2132 2598; baseline 0.003 -14"><span class='ocrx_word' id='word_1_550' title='bbox 1161 2548 1321 2585; x_wconf 87' lang='lat' dir='ltr'><strong>ctentis.</strong></span> <span class='ocrx_word' id='word_1_551' title='bbox 1361 2547 1471 2586; x_wconf 90' lang='lat' dir='ltr'><strong>Idem</strong></span> <span class='ocrx_word' id='word_1_552' title='bbox 1510 2548 1705 2587; x_wconf 84' lang='lat' dir='ltr'><strong>Woodius</strong></span> <span class='ocrx_word' id='word_1_553' title='bbox 1746 2553 1857 2586; x_wconf 88' lang='lat' dir='ltr'><strong>notat</strong></span> <span class='ocrx_word' id='word_1_554' title='bbox 1894 2548 2132 2598; x_wconf 72' lang='lat' dir='ltr'><strong>Royerinam</strong></span> 
     </span>
     <span class='ocr_line' id='line_1_90' title="bbox 1159 2606 2129 2659; baseline 0.003 -13"><span class='ocrx_word' id='word_1_555' title='bbox 1159 2606 1351 2657; x_wconf 86' lang='lat' dir='ltr'><strong>majorem</strong></span> <span class='ocrx_word' id='word_1_556' title='bbox 1379 2613 1419 2648; x_wconf 92' lang='lat' dir='ltr'><strong>et</strong></span> <span class='ocrx_word' id='word_1_557' title='bbox 1446 2609 1640 2648; x_wconf 87' lang='lat' dir='ltr'><strong>minorem</strong></span> <span class='ocrx_word' id='word_1_558' title='bbox 1657 2641 1667 2658; x_wconf 83' lang='grc'>,</span> <span class='ocrx_word' id='word_1_559' title='bbox 1691 2610 1805 2648; x_wconf 86' lang='lat' dir='ltr'><strong>alteri</strong></span> <span class='ocrx_word' id='word_1_560' title='bbox 1835 2621 1956 2659; x_wconf 87' lang='lat' dir='ltr'><strong>quam</strong></span> <span class='ocrx_word' id='word_1_561' title='bbox 1985 2612 2129 2649; x_wconf 85' lang='lat' dir='ltr'><strong>Baeoni</strong></span> 
     </span>
     <span class='ocr_line' id='line_1_91' title="bbox 1161 2671 1549 2721; baseline 0.003 -14"><span class='ocrx_word' id='word_1_562' title='bbox 1161 2671 1312 2708; x_wconf 86' lang='lat' dir='ltr'><strong>auctori</strong></span> <span class='ocrx_word' id='word_1_563' title='bbox 1335 2671 1549 2721; x_wconf 80' lang='lat' dir='ltr'><strong>adsignari.</strong></span> 
     </span>
    </p>

    <p class='ocr_par' dir='ltr' id='par_1_7' title="bbox 1158 2731 2127 3087">
     <span class='ocr_line' id='line_1_92' title="bbox 1212 2731 2127 2774; baseline 0.005 -5"><span class='ocrx_word' id='word_1_564' title='bbox 1212 2731 1233 2753; x_wconf 78' lang='lat'><em>*</em></span> <span class='ocrx_word' id='word_1_565' title='bbox 1262 2733 1485 2770; x_wconf 86' lang='lat' dir='ltr'><strong>Poeniteret</strong></span> <span class='ocrx_word' id='word_1_566' title='bbox 1522 2732 1584 2770; x_wconf 92' lang='lat' dir='ltr'><strong>hie</strong></span> <span class='ocrx_word' id='word_1_567' title='bbox 1614 2743 1692 2769; x_wconf 91' lang='lat' dir='ltr'><strong>non</strong></span> <span class='ocrx_word' id='word_1_568' title='bbox 1737 2733 1967 2772; x_wconf 87' lang='lat' dir='ltr'><strong>meminisse.</strong></span> <span class='ocrx_word' id='word_1_569' title='bbox 2001 2746 2127 2774; x_wconf 83' lang='lat' dir='ltr'><strong>novae</strong></span> 
     </span>
     <span class='ocr_line' id='line_1_93' title="bbox 1158 2791 2126 2845; baseline 0.006 -15"><span class='ocrx_word' id='word_1_570' title='bbox 1158 2791 1342 2830; x_wconf 86' lang='lat' dir='ltr'><strong>editionis</strong></span> <span class='ocrx_word' id='word_1_571' title='bbox 1376 2793 1546 2842; x_wconf 80' lang='lat' dir='ltr'><strong>insignis</strong></span> <span class='ocrx_word' id='word_1_572' title='bbox 1583 2792 1703 2831; x_wconf 88' lang='lat' dir='ltr'><strong>huius</strong></span> <span class='ocrx_word' id='word_1_573' title='bbox 1745 2794 1966 2844; x_wconf 83' lang='lat' dir='ltr'><strong>scriptoris,</strong></span> <span class='ocrx_word' id='word_1_574' title='bbox 2005 2808 2126 2845; x_wconf 85' lang='lat' dir='ltr'><strong>quam</strong></span> 
     </span>
     <span class='ocr_line' id='line_1_94' title="bbox 1159 2854 2121 2908; baseline 0.007 -18"><span class='ocrx_word' id='word_1_575' title='bbox 1159 2854 1304 2892; x_wconf 87' lang='lat' dir='ltr'><strong>nuncia</strong></span> <span class='ocrx_word' id='word_1_576' title='bbox 1327 2858 1472 2892; x_wconf 85' lang='lat' dir='ltr'><strong>veneta</strong></span> <span class='ocrx_word' id='word_1_577' title='bbox 1496 2854 1769 2904; x_wconf 89' lang='lat' dir='ltr'><strong>promiserunt</strong></span> <span class='ocrx_word' id='word_1_578' title='bbox 1790 2855 1970 2903; x_wconf 84' lang='lat' dir='ltr'><strong>eruditis,</strong></span> <span class='ocrx_word' id='word_1_579' title='bbox 1988 2862 2121 2908; x_wconf 86' lang='lat' dir='ltr'><strong>atque,</strong></span> 
     </span>
     <span class='ocr_line' id='line_1_95' title="bbox 1160 2913 2123 2966; baseline 0.007 -14"><span class='ocrx_word' id='word_1_580' title='bbox 1160 2918 1204 2952; x_wconf 85' lang='lat' dir='ltr'><strong>ut</strong></span> <span class='ocrx_word' id='word_1_581' title='bbox 1227 2913 1354 2959; x_wconf 83' lang='lat' dir='ltr'><strong>audio,</strong></span> <span class='ocrx_word' id='word_1_582' title='bbox 1372 2913 1454 2964; x_wconf 89' lang='lat' dir='ltr'><strong>jam</strong></span> <span class='ocrx_word' id='word_1_583' title='bbox 1471 2914 1615 2965; x_wconf 90' lang='lat' dir='ltr'><strong>prodiit</strong></span> <span class='ocrx_word' id='word_1_584' title='bbox 1638 2916 1745 2966; x_wconf 76' lang='lat' dir='ltr'><strong>typis</strong></span> <span class='ocrx_word' id='word_1_585' title='bbox 1766 2916 1960 2955; x_wconf 83' lang='lat' dir='ltr'><strong>Francisci</strong></span> <span class='ocrx_word' id='word_1_586' title='bbox 1978 2920 2123 2959; x_wconf 79' lang='lat' dir='ltr'><strong>l&#39;itteri.</strong></span> 
     </span>
     <span class='ocr_line' id='line_1_96' title="bbox 1159 2975 2124 3023; baseline 0.009 -10"><span class='ocrx_word' id='word_1_587' title='bbox 1159 2977 1267 3014; x_wconf 82' lang='lat' dir='ltr'><strong>Hane</strong></span> <span class='ocrx_word' id='word_1_588' title='bbox 1286 2987 1378 3014; x_wconf 89' lang='lat' dir='ltr'><strong>eum</strong></span> <span class='ocrx_word' id='word_1_589' title='bbox 1403 2975 1580 3015; x_wconf 92' lang='lat' dir='ltr'><strong>nondum</strong></span> <span class='ocrx_word' id='word_1_590' title='bbox 1605 2975 1774 3016; x_wconf 90' lang='lat' dir='ltr'><strong>viderim</strong></span> <span class='ocrx_word' id='word_1_591' title='bbox 1813 2978 1876 3016; x_wconf 81' lang='lat' dir='ltr'><strong>hic.</strong></span> <span class='ocrx_word' id='word_1_592' title='bbox 1900 2979 2124 3023; x_wconf 78' lang='lat' dir='ltr'><strong>describere</strong></span> 
     </span>
     <span class='ocr_line' id='line_1_97' title="bbox 1160 3038 1539 3087; baseline 0.003 -12"><span class='ocrx_word' id='word_1_593' title='bbox 1160 3049 1388 3087; x_wconf 84' lang='lat' dir='ltr'><strong>nequaqum</strong></span> <span class='ocrx_word' id='word_1_594' title='bbox 1414 3038 1539 3077; x_wconf 81' lang='lat' dir='ltr'><strong>valeo.</strong></span> 
     </span>
    </p>

    <p class='ocr_par' dir='ltr' id='par_1_8' title="bbox 1158 3098 2123 3207">
     <span class='ocr_line' id='line_1_98' title="bbox 1212 3098 2123 3156; baseline 0.01 -20"><span class='ocrx_word' id='word_1_595' title='bbox 1212 3099 1221 3146; x_wconf 87' lang='lat'>(</span> <span class='ocrx_word' id='word_1_596' title='bbox 1237 3098 1286 3137; x_wconf 81' lang='grc'><strong>22</strong></span> <span class='ocrx_word' id='word_1_597' title='bbox 1312 3098 1419 3148; x_wconf 83' lang='lat' dir='ltr'><strong>Opus</strong></span> <span class='ocrx_word' id='word_1_598' title='bbox 1441 3098 1572 3138; x_wconf 85' lang='lat' dir='ltr'><strong>mains</strong></span> <span class='ocrx_word' id='word_1_599' title='bbox 1609 3099 1664 3138; x_wconf 78' lang='lat' dir='ltr'><strong>ad</strong></span> <span class='ocrx_word' id='word_1_600' title='bbox 1704 3099 1937 3141; x_wconf 80' lang='lat' dir='ltr'><strong>Clementem</strong></span> <span class='ocrx_word' id='word_1_601' title='bbox 1968 3105 2027 3143; x_wconf 77' lang='lat' dir='ltr'><strong>IV</strong></span> <span class='ocrx_word' id='word_1_602' title='bbox 2044 3108 2123 3156; x_wconf 89' lang='lat' dir='ltr'><strong>pri-</strong></span> 
     </span>
     <span class='ocr_line' id='line_1_99' title="bbox 1158 3159 2120 3207; baseline 0.011 -11"><span class='ocrx_word' id='word_1_603' title='bbox 1158 3170 1267 3197; x_wconf 87' lang='lat' dir='ltr'><strong>mum</strong></span> <span class='ocrx_word' id='word_1_604' title='bbox 1291 3159 1413 3198; x_wconf 83' lang='lat' dir='ltr'><strong>edidit</strong></span> <span class='ocrx_word' id='word_1_605' title='bbox 1451 3160 1556 3200; x_wconf 81' lang='lat' dir='ltr'><strong>Sam.</strong></span> <span class='ocrx_word' id='word_1_606' title='bbox 1581 3161 1680 3200; x_wconf 88' lang='lat' dir='ltr'><strong>Jebb</strong></span> <span class='ocrx_word' id='word_1_607' title='bbox 1717 3162 1888 3202; x_wconf 80' lang='lat' dir='ltr'><strong>Lonclini</strong></span> <span class='ocrx_word' id='word_1_608' title='bbox 1919 3166 2019 3207; x_wconf 83' lang='grc'>4733</span> <span class='ocrx_word' id='word_1_609' title='bbox 2059 3169 2120 3207; x_wconf 82' lang='lat' dir='ltr'><strong>fol.</strong></span> 
     </span>
    </p>
   </div>
   <div class='ocr_carea' id='block_1_5' title="bbox 1193 3289 1992 3337">
    <p class='ocr_par' dir='ltr' id='par_1_9' title="bbox 1193 3289 1992 3337">
     <span class='ocr_line' id='line_1_100' title="bbox 1193 3289 1992 3337; baseline 0.009 -16"><span class='ocrx_word' id='word_1_610' title='bbox 1193 3293 1198 3300; x_wconf 88' lang='lat'><em>·</em></span> <span class='ocrx_word' id='word_1_611' title='bbox 1223 3289 1456 3332; x_wconf 78' lang='lat' dir='ltr'><strong>Bibliotheque</strong></span> <span class='ocrx_word' id='word_1_612' title='bbox 1481 3293 1659 3326; x_wconf 73' lang='lat' dir='ltr'><strong>raisonnee</strong></span> <span class='ocrx_word' id='word_1_613' title='bbox 1681 3296 1762 3327; x_wconf 86' lang='lat' dir='ltr'><strong>tom.</strong></span> <span class='ocrx_word' id='word_1_614' title='bbox 1790 3297 1859 3326; x_wconf 80' lang='lat' dir='ltr'><strong>VIII</strong></span> <span class='ocrx_word' id='word_1_615' title='bbox 1885 3305 1917 3337; x_wconf 85' lang='lat' dir='ltr'><strong>p.</strong></span> <span class='ocrx_word' id='word_1_616' title='bbox 1941 3298 1992 3329; x_wconf 70' lang='lat'><strong>32.</strong></span> 
     </span>
    </p>
   </div>
  </div>
 </body>
</html>
