2500 3841
987 237 1265 275 DANIEL

132 316 288 351 ctamus
306 311 454 348 Joarine
474 307 621 345 Isaacio
643 307 828 355 Pontano7
848 318 977 358 nequo
1003 319 1080 346 non

132 373 180 411 do
204 369 424 410 Thormodo
461 368 624 416 Torfeo,
649 370 682 406 J.
719 371 760 407 B.
794 369 864 407 des
901 370 1080 418 RooIms,

130 433 289 473 Andrea
310 430 462 481 Hojero⁷
487 434 528 468 et
551 430 750 470 Ludovico
766 431 983 482 Holbergio,
999 433 1082 471 alii-

131 505 229 545 sque
253 503 354 544 quos
385 504 435 531 ex
457 491 699 532 Bibliotheca
732 494 926 532 Historica
947 495 1084 532 Dano—

128 557 360 607 Norwegica
376 555 519 594 Nicolai
534 556 793 595 PetriSibben
804 552 853 594 r}
869 552 1081 608 μακαρίτκ,

128 618 341 669 Hamburgi
369 616 472 657 4746
496 647 503 666 ,
529 618 565 655 8.
591 618 753 669 vulgata
776 623 911 670 petere
938 620 1080 658 licebit.

180 680 366 720 DANIEL
403 678 609 719 Arvonius
623 711 634 730 ,
674 682 828 731 primus
861 682 1082 733 Episcopus

127 741 394 794 Banqorensis
430 747 520 793 post
544 742 719 782 medium
749 754 853 782 saec.
876 745 939 783 VI.
964 756 1083 795 quem

126 817 220 845 oum
242 805 427 845 Dubricio
465 803 770 856 Archiepiscopo
795 806 910 845 Urbis
950 807 1084 857 Legio-

129 879 252 916 num,
283 871 323 906 et
347 866 522 915 Davide,
552 868 782 906 Menevensi
812 867 1084 919 Archiepisco—

128 940 177 980 po
198 958 206 978 ,
230 929 450 980 pelagianis
488 929 642 968 fortiter
678 931 874 969 restitisse
911 934 1084 969 testatur

126 991 312 1031 Giraldus
336 991 594 1032 cambrensis
619 993 658 1030 in
682 992 845 1031 Davidis
869 993 974 1032 illius
998 994 1081 1031 vita

128 1057 222 1092 tom.
245 1053 283 1093 2.
308 1052 474 1105 Angliae
499 1064 633 1092 sacrae
651 1056 695 1092 H.
718 1055 928 1094 Warthoni
948 1067 984 1106 p.
1004 1056 1080 1093 638

126 1115 386 1154 etLeIandus
403 1127 486 1167 cap.
515 1116 575 1155 42.
595 1115 722 1166 Hujus
741 1118 915 1156 Danielis
935 1117 1079 1156 librum

127 1179 267 1216 contra
304 1176 538 1229 Pelciyiaizos
552 1210 564 1229 ,
588 1183 708 1229 atque
735 1180 941 1219 Ora-tiones
961 1181 1083 1232 Syno-

125 1237 236 1278 da-les
262 1244 457 1278 memorat
479 1241 538 1278 Jo.
562 1242 707 1280 Baleus
732 1243 893 1282 Centur.
921 1245 954 1282 4.
994 1254 1077 1294 cap.

131 1303 180 1342 49
210 1306 331 1353 atque
354 1314 404 1341 ex
429 1314 475 1341 eo
504 1304 686 1352 Pitseus7
711 1316 797 1355 pag.
819 1306 885 1344 98.

182 1363 370 1404 DANIEL
420 1365 636 1404 Monachus
675 1366 950 1407 Benedictinus
989 1369 1083 1406 Liri-

130 1428 293 1476 nensis,
322 1427 465 1467 Seculo
488 1429 543 1467 XI
563 1458 571 1477 ‚
596 1429 712 1479 cujus
739 1430 1021 1470 commentarii·
1042 1431 1082 1469 in

128 1489 306 1529 Psalmos
325 1491 433 1530 MSS.
450 1493 646 1530 asservati
658 1491 873 1532 traduntur
888 1494 924 1531 in
943 1493 1081 1532 Biblio-

129 1553 248 1592 theca
269 1554 478 1593 Lirinensi.

186 1614 372 1655 DANIEL
391 1616 572 1666 Cerecus,
592 1628 724 1669 supra,
742 1618 972 1657 CERETUS
988 1623 1082 1657 tom.

133 1679 168 1717 4.
191 1689 279 1730 pag.
304 1679 393 1718 342.

180 1742 366 1780 DANIEL
385 1740 612 1790 Clzinasius,
624 1743 870 1794 Tarvisinus⁷
887 1742 961 1782 An.
980 1745 1073 1784 4384

128 1804 286 1854 scripsit
305 1803 510 1843 historiam
526 1805 618 1843 belli
639 1806 743 1844 inter
762 1807 937 1845 Venetos
954 1811 994 1845 et
1010 1807 1086 1846 Ge-

129 1876 304 1905 nuenses
328 1868 487 1917 septimi
506 1867 580 1905 An.
599 1867 703 1906 4377
718 1869 832 1919 gesti,
850 1868 898 1907 de.
924 1880 1001 1919 quo
1025 1871 1082 1908 Jo.

128 1929 305 1980 Baptista
329 1929 456 1968 Verus
479 1929 543 1967 lib.
567 1930 590 1969 2
606 1961 616 1978 ‚
651 1942 786 1969 rerum
810 1931 1053 1972 Venetarum
1074 1963 1082 1981 ,

129 2002 215 2042 pag.
242 1991 331 2040 448,
357 2002 440 2041 seq.
466 1992 640 2030 Danielis
665 1992 787 2042 hujus
812 1995 960 2032 mentio
980 1995 1082 2046 apud

127 2053 340 2102 Vossium‚
364 2064 452 2103 pag.
477 2054 566 2092 800.

182 2113 205 2138 ’ἓ
232 2114 343 2166 Opus
363 2115 426 2153 hic
447 2127 470 2154 a
490 2115 666 2155 Fabricio
698 2117 916 2157 indicatum
940 2119 1084 2170 produ—

127 2175 187 2215 xit
212 2178 450 2217 Muratorius
479 2178 571 2216 Rer.
597 2179 683 2217 Ital.
705 2183 732 2217 t.
756 2181 818 2219 45.
840 2180 911 2219 sed
940 2193 1084 2220 verna-

128 2240 217 2279 culo
262 2251 445 2279 sermone
488 2240 734 2293 descriptum
764 2247 851 2292 est3
882 2255 1005 2294 quare
1034 2243 1082 2282 ad

132 2302 235 2342 hanc
262 2303 547 2343 Bibliothecam
578 2316 654 2343 non
686 2307 870 2356 pertinet.

179 2365 366 2405 DANIEL
391 2365 584 2407 Charche.
614 2368 712 2408 Vide
737 2367 971 2409 CHURCHE
1001 2374 1028 2407 t.
1049 2371 1082 2408 4.

130 2438 218 2478 pag.
250 2429 338 2468 352.
604 2438 605 2441 ’

174 2488 360 2528 DANIEL
371 2490 575 2542 Mai-lejus,
581 2493 623 2532 M
621 2492 769 2545 orlejus
778 2495 862 2532 sive
870 2493 1084 2545 Mmilequs

129 2550 304 2600 dictus,a
319 2552 413 2591 villa
426 2554 547 2592 natali
555 2555 687 2594 Morlei
705 2556 741 2593 in
750 2556 940 2595 Norsolcia
949 2555 1086 2607 Angli-

129 2624 188 2662 ae,
205 2617 295 2664 post
309 2612 576 2653 Oxoniensem
598 2620 638 2654 et
658 2618 920 2656 Parisiensem
935 2617 1085 2657 Acade-

129 2676 230 2714 mias
245 2675 530 2727 frequentatas,
551 2677 733 2717 Toletum
751 2690 793 2717 se
813 2680 993 2728 contulit,
1015 2681 1084 2719 ibi-

129 2750 207 2789 que
229 2738 532 2778 Mathematicas
561 2738 792 2790 disciplinas
816 2741 865 2779 ab
888 2740 1083 2782 Arabibus

129 2800 287 2840 didicit:
309 2801 362 2840 ita
385 2802 491 2840 enim
515 2802 757 2853 intelligendi
779 2804 977 2844 Lclandus
997 2816 1081 2856 cap.

131 2863 207 2904 220
232 2867 273 2903 et
295 2863 440 2903 Baleus
465 2864 530 2914 ΙΙΙ,
547 2864 610 2903 29.
637 2876 713 2903 non
732 2870 775 2904 ut
798 2867 973 2906 Pitscum
996 2879 1083 2918 pag.

132 2927 209 2966 254
235 2925 352 2965 video
372 2927 600 2978 accepisse,
623 2928 661 2965 in
693 2926 875 2967 Arabiam
913 2930 986 2968 iter
1018 2941 1084 2968 su—

129 2989 280 3041 scipere
300 2988 509 3041 disposuit.
527 2989 726 3029 Lelandus
746 2990 845 3029 duos
863 2995 1019 3032 tantum
1039 2994 1082 3031 li-

128 3051 220 3090 bros
243 3053 279 3091 ei
299 3053 455 3100 tribuit,
479 3064 604 3092 unum
626 3051 672 3091 cle
703 3051 889 3105 inferiori
909 3054 1079 3094 alterum

129 3113 176 3152 de
190 3114 393 3167 superiori
400 3118 518 3167 parte
533 3114 683 3162 Mundi,
704 3115 751 3154 ad
768 3117 787 3154 J
793 3127 960 3154 oannem
978 3118 1080 3156 Oxo-

128 3168 309 3207 niensem
324 3169 564 3220 Episcopum
582 3169 911 3214 Not-dovioanum,
933 3171 1080 3209 Mathe-

130 3239 220 3268 seos
247 3234 288 3270 et
327 3232 456 3283 ipsum
495 3232 731 3272 studiosum.
757 3233 823 3271 His
860 3232 1001 3271 librum
1038 3234 1083 3273 dc

124 3291 336 3346 principiis
364 3293 657 3335 Macliematices
680 3296 836 3334 Pitscus
859 3294 1038 3348 adjungit
1061 3299 1081 3335 ὺ

130 3353 257 3393 Baleo.

2039 239 2115 277 »429

1212 306 1446 348 DANIELIS
1471 308 1517 347 de
1542 307 1716 347 Parisiis
1744 338 1751 356 ,
1776 307 1936 348 Ordinis
1977 309 2111 347 Praed.

1156 382 1225 409 sex
1258 382 1464 410 sermones
1499 370 1572 410 An.
1605 370 1719 410 4273.
1760 371 1918 409 Parisiis
1957 370 2112 409 habitos

1156 437 1350 472 memorat
1374 433 1544 472 Jacobus
1568 434 1713 482 Quetif,
1740 437 1834 481 tom,
1858 436 1892 473 4.
1918 444 2003 485 pag.
2021 433 2111 472 267.

1208 494 1398 534 DANIEL
1422 495 1468 533 cle
1498 495 1694 544 Vicentia,
1716 495 1808 535 Ord.
1834 495 1970 534 Praed.
1995 495 2113 545 cujus

1151 562 1191 595 et
1220 558 1383 595 Joannis
1416 557 1599 607 Aquilani
1630 557 1752 596 Linea
1776 557 1966 597 vitiorum
1985 586 1994 601 ‚
2029 560 2114 596 sivo

1157 630 1356 658 sermones
1381 618 1749 670 quadragesimales
1764 619 1956 671 prodiere,
1973 621 2112 659 Venet.

1161 682 1273 720 4499.
1299 681 1480 732 Lugduni
1507 682 1635 729 4504,
1677 682 1713 719 8.
1751 683 1871 721 Paris.
1911 684 2039 732 4508,
2076 685 2111 721 8.

1157 744 1254 782 Vide
1278 743 1452 782 eundem
1476 743 1680 788 Quetifum
1700 748 1794 782 tom.
1822 747 1836 783 4
1863 775 1871 792 ,
1893 757 1979 796 pag.
2003 747 2092 786 856.

1208 804 1394 844 DANIEL
1421 806 1637 845 lVenta-nus
1653 836 1663 852 ,
1687 807 1772 843 sive
1802 806 2083 847 wintoniensis
2104 841 2110 851 ,

1159 869 1195 905 in
1223 866 1365 918 Anglia
1393 867 1442 906 ab
1465 866 1539 905 An.
1576 866 1652 905 704
1678 867 1726 906 ad
1751 867 1842 906 746.
1865 869 2112 921 Episcopus,

1156 928 1204 967 de
1228 940 1306 978 quo
1330 928 1435 967 Beda
1458 928 1524 966 lib.
1548 929 1592 967 V.
1626 930 1724 967 Hist.
1759 930 1914 968 Eccles.
1950 931 2111 983 Anglor.

1151 1002 1185 1029 c.
1210 992 1271 1029 49.
1293 991 1402 1034 (tunc
1425 991 1555 1030 adhuc
1578 993 1716 1031 vivere
1733 1003 1825 1031 cum
1847 997 2020 1032 testatus
2036 994 2112 1033 An.

1155 1052 1258 1101 734.)
1283 1057 1322 1091 ct
1353 1053 1548 1093 Lelandus
1573 1065 1658 1105 cap.
1690 1055 1751 1093 65.
1777 1056 1847 1093 Hic
1874 1056 2011 1095 Daniel
2041 1057 2115 1094 Bo-

1156 1114 1349 1168 m‘facz‘um
1374 1117 1540 1155 Romam
1564 1117 1902 1168 proficiscentem,
1928 1118 2114 1169 Gregorio

1155 1179 1209 1228 ΙΙ,
1234 1180 1387 1229 primus
1412 1179 1555 1218 litteris
1585 1180 1634 1218 ad
1659 1192 1752 1219 eum
1784 1179 1888 1219 datis
1911 1192 2115 1220 commen-

1156 1241 1292 1291 davit,
1317 1241 1461 1282 deinde
1485 1243 1675 1293 singulari
1704 1242 1885 1295 Epistola
1909 1243 2116 1282 cateclieli-

1157 1316 1215 1353 ca,
1237 1304 1286 1343 de
1311 1306 1462 1344 ratione
1488 1305 1722 1344 instituendi
1743 1305 1925 1345 infideles
1946 1308 2113 1354 monuit⁷

1157 1378 1258 1417 quae
1297 1367 1400 1406 inter
1431 1368 1619 1406 Bonifacii
1644 1369 1843 1419 Epistolas
1863 1370 2114 1420 sexagesima

1159 1431 1340 1481 septima,
1364 1434 1404 1468 et
1427 1431 1530 1482 apud
1556 1432 1769 1470 Baronium
1799 1432 1847 1471 ad
1872 1431 1946 1470 An.
1973 1432 2048 1471 724
2076 1444 2114 1471 n.

1158 1493 1201 1530 V.
1227 1492 1382 1543 legitur.
1409 1493 1525 1532 Plura
1556 1505 1606 1532 ex
1627 1493 1716 1545 ejus
1751 1495 1910 1545 scriptis
1943 1506 2020 1533 non
2045 1507 2114 1534 ex-

1157 1559 1266 1593 stant
1289 1584 1297 1601 ‚
1327 1566 1428 1605 quae
1454 1556 1550 1595 haec
1575 1568 1597 1595 a
1619 1557 1737 1596 Baleo
1762 1557 1925 1597 Centur.
1959 1558 1995 1598 2.
2025 1569 2111 1609 cap.

1158 1619 1225 1656 XI.
1247 1619 1378 1657 Pitseo
1402 1630 1489 1670 pag.
1516 1619 1592 1658 444
1617 1623 1656 1658 et
1676 1620 1814 1659 Vossio
1833 1632 1920 1671 pag.
1938 1620 2015 1659 278
2032 1633 2115 1659 me-

1159 1685 1381 1720 morantur:
1405 1680 1586 1720 Historia
1610 1693 1707 1721 suae
1729 1682 1984 1733 Provinciae,
2002 1687 2115 1734 qesta

1159 1742 1411 1782 Australium
1434 1745 1645 1784 Saaeonum
1665 1776 1675 1794 ,
1702 1744 1749 1783 de
1773 1743 1906 1784 insula
1934 1747 2048 1785 Vecta
2073 1746 2116 1784 li—

1160 1806 1253 1854 ber,
1279 1818 1398 1856 quam
1424 1806 1473 1845 ad
1496 1806 1583 1857 ejus
1614 1807 1813 1846 dioecesin
1854 1808 1974 1847 refert
2009 1809 2114 1847 Beda

1162 1869 1206 1907 V.
1231 1869 1294 1907 24.
1326 1868 1410 1908 Vita
1446 1868 1603 1908 Coddae
1626 1871 1811 1921 Episcopi
1836 1871 1885 1909 ab
1919 1871 1993 1910 An.
2025 1872 2113 1910 665.

1158 1931 1421 1970 Eboracensis
1444 1961 1452 1979 ,
1476 1936 1597 1982 atque
1621 1932 1670 1970 ab
1707 1931 1781 1971 An.
1822 1934 1910 1971 669.
1947 1934 2115 1973 Lichfel-

1158 1993 1306 2032 densis.
1328 1994 1385 2032 De
1407 1992 1514 2032 obitu
1536 1993 1756 2044 Aldhelmi,
1781 1995 2087 2034 Shirburnensis
2106 2026 2113 2038 ,

1159 2056 1207 2094 ab
1230 2055 1304 2094 An.
1330 2055 1406 2095 705
1431 2056 1479 2095 ad
1499 2055 1590 2095 709.
1615 2058 1798 2108 Episcopi
1819 2089 1826 2107 ,
1851 2062 1891 2096 et
1914 2056 2113 2110 Epistolae

1156 2117 1211 2156 ad
1231 2117 1573 2157 Sanctimoniales.

1210 2179 1638 2231 DANTESAliyerius,
1661 2186 1780 2221 natus
1796 2183 2018 2222 Florentiae
2039 2182 2112 2222 An.

1160 2243 1273 2282 4265.
1300 2243 1334 2292 a)
1360 2254 1451 2282 cum
1477 2244 1518 2282 in
1543 2245 1670 2294 patria
1693 2244 1850 2295 ingenio
1881 2249 1922 2283 et
1945 2247 2115 2284 auctori-

1159 2309 1240 2344 tate
1264 2305 1478 2356 floruisset,
1493 2305 1636 2345 Orator
1660 2308 1781 2346 etiam
1802 2308 1953 2347 missus
1977 2308 2025 2347 ad
2045 2310 2117 2348 Bo—

1159 2369 1346 2407 nifacium
1371 2370 1485 2418 VIII,
1516 2369 1678 2408 tandem
1717 2370 1791 2409 An.
1834 2371 1929 2410 4304
1974 2370 2117 2410 adver-

1158 2442 1225 2470 sae
1248 2431 1284 2480 b')
1309 2432 1489 2470 factionis
1526 2432 1675 2471 invidia
1710 2433 1943 2472 Guelforum
1979 2435 2117 2484 Nigro-

1159 2504 1329 2542 rumque
1353 2492 1508 2543 ejectus
1533 2494 1628 2532 obiit
1668 2495 1761 2533 exul
1795 2497 2009 2534 Ravennae
2039 2495 2112 2534 An.

1160 2554 1275 2593 4324.
1303 2554 1439 2594 Idibus
1477 2557 1742 2606 septembris:
1769 2559 1983 2608 scriptores
2009 2558 2113 2596 vitae

1158 2620 1300 2655 nactus
1338 2618 1458 2654 Leon.
1481 2619 1660 2656 Brunum
1696 2617 1933 2667 Aretinum,
1958 2618 2114 2668 (editae

1158 2678 1342 2716 Perusiae
1369 2677 1485 2725 4674,
1513 2680 1573 2718 42.
1594 2691 1616 2717 a
1640 2681 1696 2717 J0.
1722 2680 1884 2727 Cinello‚
1909 2685 1949 2719 et
1968 2692 2013 2719 ex
2038 2682 2112 2720 alio

1158 2739 1251 2779 Cod.
1271 2740 1491 2779 Florentiae
1509 2740 1624 2789 4672,
1640 2742 1699 2780 42.
1715 2746 1879 2780 curante
1895 2743 2030 2782 Franc.
2042 2743 2114 2782 Ro-

1157 2803 1225 2851 diff)
1252 2807 1337 2842 tum
1356 2803 1503 2842 Christ.
1526 2803 2115 2850 Landinum‚Crescimbeniuni

1157 2866 1360 2916 aliosque:
1389 2867 1448 2904 Jo.
1474 2868 1685 2917 Papyrium
1710 2868 1933 2907 Massonem
1953 2880 2111 2921 quoque

1156 2933 1250 2967 tom.
1276 2929 1299 2968 2
1322 2958 1329 2976 ,
1355 2929 1453 2980 elog.
1475 2941 1510 2980 p.
1541 2931 1590 2969 45
1614 2929 1662 2968 ad
1683 2929 1774 2970 243.
1797 2931 1882 2970 Non
1920 2935 1982 2969 est
2018 2942 2111 2971 con-

1156 3002 1305 3041 gruens
1342 2992 1526 3030 instituto
1568 3003 1656 3030 meo
1693 2992 1741 3031 de
1775 2994 1933 3045 scriptis
1970 2994 2109 3034 Dantis

1156 3064 1277 3092 versu
1297 3053 1330 3102 c)
1354 3057 1394 3092 ct
1418 3065 1533 3104 prosa
1556 3054 1591 3103 d)
1613 3055 1729 3094 editis
1750 3055 1870 3094 latius
1894 3055 2109 3106 disserere,

1211 3222 1243 3260 a)
1267 3223 1417 3254 Dian-ium
1444 3224 1605 3255 eruditor.
1624 3224 1734 3256 italiae
1755 3228 1836 3258 tom.
1851 3228 1968 3258 xxxv.
1993 3237 2025 3267 p.
2039 3228 2112 3261 950.

1149 3282 1241 3313 seqq.
1264 3274 1438 3304 Memoriae
1461 3273 1669 3305 Trevoltinae
1692 3278 1729 3305 Α.
1758 3275 1835 3307 1727
1860 3286 1892 3317 p.
1918 3276 2007 3308 1516.

1212 3322 1247 3360 b)
1272 3323 1352 3355 Vide
1376 3322 1525 3355 Baclium
1549 3325 1583 3355 in
1607 3325 1735 3356 Lexico.

1217 3373 1247 3402 ri
1275 3375 1319 3404 Ex
1347 3376 1514 3405 Hetruscis
1538 3377 1654 3405 brutis
1672 3376 1880 3414 poematibus
1894 3376 2115 3410 celebratissi-
