2500 3841
998 224 1163 264 VITA

75 297 158 348 ipse
186 294 354 334 contulit
386 293 433 333 ad
468 294 645 333 Rainaldi
690 295 809 334 libros
852 306 1037 346 recogno-

74 349 254 390 scendos.

126 404 229 444 Cum
265 405 370 443 enim
401 402 664 455 frequentiora
705 404 741 441 in
782 403 868 441 istis
897 414 1039 442 occur-

76 461 242 507 rerent,
272 469 374 508 quae
422 457 538 496 modo
581 457 792 507 castigari,
839 457 952 495 modo
998 457 1040 496 il-

77 512 249 558 lustrari‚
271 511 385 561 modo
406 511 580 560 suppleri
609 521 771 550 necesse
793 516 890 558 erat,
909 510 1042 549 doeto-

76 577 164 605 rum
196 566 415 611 bominum,
436 566 502 614 qui
534 563 581 602 ad
615 564 731 602 medii
758 566 844 603 aevi
869 566 1040 614 antiqui-

75 623 197 658 tatem
229 618 520 658 discutiendam
558 623 598 656 et
643 620 913 658 monumentis
951 629 1042 656 con-

75 671 309 712 firmandam
341 672 480 712 sedulo
525 672 800 718 incubuerant,
839 684 1043 711 commen-

75 727 210 771 tariOS,
240 726 539 776 disquisitiones
565 728 718 764 naviter
743 726 1041 777 pervestigavit‚

77 784 117 818 et
146 790 248 829 quae
278 785 347 818 aut
377 780 423 818 ad
450 780 731 826 conditionem,
756 785 824 818 aut
849 779 894 818 ad
923 781 1044 817 aisto-

77 835 157 872 riae
181 833 358 871 ordinem
387 835 658 883 maximopere
682 835 937 883 pertinerent.
964 843 1040 870 non

78 887 338 926 tumultuaria
368 899 499 927 rerum
534 886 894 937 permixtione‚sed
928 897 1043 923 seve-

77 941 166 979 riori
192 940 340 991 Judicio
357 947 542 992 excerpta
568 951 612 979 ac
639 946 850 980 retractata
874 940 1044 989 sagacis-

78 995 179 1033 sime
208 996 467 1045 appositeque
499 997 535 1032 in
567 995 753 1033 uniierso
776 994 922 1044 ingenti
955 1003 1046 1042 ope-

79 1059 122 1086 re
152 1053 324 1098 (nempe
356 1049 604 1088 voluminum
644 1049 804 1097 triginta
840 1045 1045 1098 quinquo)

78 1100 282 1140 distribuit
312 1102 479 1147 singula.
509 1102 593 1148 Quo
623 1112 718 1139 sane
755 1111 970 1150 permagno
1006 1103 1046 1137 et

79 1160 222 1194 conatu
254 1159 294 1192 et
322 1155 454 1194 studio
485 1154 519 1192 id
553 1155 769 1205 perfectum
795 1153 878 1200 fuit,
904 1158 948 1191 ut
970 1153 1046 1191 Ec-

78 1207 324 1247 clesiasticae
355 1209 670 1257 historiae,quae
702 1207 852 1245 Baronii
881 1207 1002 1244 veluti
1022 1217 1043 1244 a

78 1263 255 1312 parentis
283 1263 342 1302 sui
375 1263 532 1300 nomine
563 1261 703 1299 merito
728 1261 930 1311 gloriatur,
953 1271 1044 1308 per-

79 1315 252 1354 multum
303 1326 462 1366 quoque
505 1314 709 1365 dignitatis
755 1326 805 1352 ex
852 1313 1042 1362 singulari

77 1369 214 1407 Mansit
245 1369 436 1408 industria
455 1373 494 1406 et
510 1369 689 1406 doctrina
718 1369 937 1406 accessisse
954 1379 1046 1405 eru-

90 1421 159 1460 diti
177 1433 316 1460 omnes
337 1433 430 1460 vere
447 1426 486 1460 et
512 1423 668 1473 proprie
689 1423 1027 1460 asseveraverint.

131 1476 232 1515 Cum
263 1476 354 1514 talis
384 1480 601 1526 tantusque
638 1476 698 1512 vir
728 1476 811 1526 ipse
843 1476 960 1514 fuerit
1005 1475 1042 1512 in

78 1528 355 1568 Ecclesiastica
401 1528 562 1567 historia
615 1528 867 1577 illustranda,
914 1529 1044 1567 mirari

73 1583 170 1621 satis
198 1594 335 1622 eorum
377 1582 655 1634 negligentiam
697 1593 772 1620 non
814 1594 929 1633 que0‚
976 1583 1043 1633 qui

75 1646 167 1675 curn
198 1637 235 1674 in
267 1637 503 1676 Dictionario
528 1636 764 1687 'theologico
791 1637 1044 1687 Encyclope-

75 1688 162 1729 dico
191 1692 362 1740 Bergerii
389 1690 522 1730 Italico
548 1689 698 1728 reddito
719 1695 758 1728 et
777 1692 963 1730 Romanis
985 1695 1046 1741 ty-

77 1744 137 1794 pis
167 1755 242 1782 non
277 1747 327 1783 ita
371 1744 521 1794 pridem
565 1744 695 1793 edito)
739 1744 951 1783 articulum
996 1744 1045 1783 de

80 1797 291 1838 Cardz'nali
330 1797 502 1836 Bai-onio
532 1796 784 1845 addiderunt,
815 1798 934 1838 buius
964 1798 1045 1837 An-

82 1851 193 1890 nales
223 1852 457 1890 emendatos
496 1857 618 1902 atque
663 1857 876 1890 exornatos
922 1853 1044 1891 fuisse

80 1906 330 1944 affirmarunt
359 1917 378 1943 a
410 1906 536 1954 Pagio,
566 1916 585 1943 a
618 1904 802 1955 Ftouryo,
827 1907 875 1944 ab
920 1907 1044 1952 Ursio‚

77 1971 98 1999 a
119 1959 348 2004 Becchctto,
365 1971 385 1997 a
404 1959 636 2003 Saccarello;
658 1960 850 1999 Mansium
880 1971 972 1998 vero
994 1972 1044 1998 nc

79 2012 239 2064 quidem
273 2014 553 2061 nominarunt;
578 2014 693 2052 cuius
725 2017 856 2052 tamen
888 2026 936 2052 ex
959 2019 1042 2053 stu-

78 2067 154 2106 diis
182 2071 301 2117 atque
333 2067 486 2117 vigiliis,
517 2071 701 2117 quoniam
731 2068 766 2105 in
798 2068 871 2106 hoc
900 2080 1045 2119 geuere

81 2121 236 2160 fructus
264 2122 444 2171 cepimus
473 2121 752 2171 amplissimos,
796 2133 887 2161 eum
927 2124 1045 2161 nimis

80 2174 344 2225 indiligenter.
375 2180 442 2213 aut
474 2176 592 2212 nimis
623 2174 863 2214 illiberaliter
893 2181 1045 2226 praete-

80 2229 200 2267 ritum
226 2229 382 2267 silentio
404 2228 526 2267 fuiss-e
551 2228 721 2279 quisque
745 2230 944 2269 fatebitur.
965 2229 1043 2270 Sed

79 2281 152 2321 hac
183 2293 223 2320 re
252 2282 378 2321 obiter
405 2287 567 2332 attacta,
598 2294 728 2333 neque
749 2285 852 2322 enim
878 2286 962 2323 visa
983 2289 1046 2323 est

80 2335 382 2382 dissimulanda,
400 2336 446 2375 ad
480 2337 724 2387 propositum
749 2337 972 2377 redeamus.

133 2391 175 2429 In
186 2389 420 2440 Annalibus,
435 2391 567 2441 itaque
586 2396 668 2429 tum
687 2393 839 2430 Baronii
854 2396 936 2431 tum
958 2393 1047 2431 Rai-

80 2444 183 2483 naldi
217 2452 509 2495 peropoortune
539 2445 781 2484 exornandis
821 2447 958 2485 Mansii
991 2448 1046 2485 in·

80 2499 254 2549 genium,
284 2510 467 2546 acumen,
486 2499 700 2549 diligentia,
725 2504 891 2539 conatus
923 2501 1048 2539 maxi—

84 2562 242 2601 mopere
291 2555 547 2596 enituerunt,
592 2564 743 2603 suoque
790 2555 872 2604 ipse
915 2555 1045 2593 labore

78 2614 229 2649 eorum,
246 2605 312 2655 qui
341 2605 535 2656 quidquid
556 2606 684 2644 simile
702 2608 859 2655 aggredi
884 2608 1046 2653 vellent,

83 2656 256 2696 laborem
283 2659 456 2708 proiecto
479 2659 691 2710 plurimum
714 2660 915 2700 allevavit.
932 2661 1044 2708 Quod

82 2712 114 2750 si
147 2712 181 2751 id
215 2711 378 2751 minime
408 2718 620 2751 assecutus
648 2719 722 2760 est,
754 2719 797 2752 ut
825 2726 846 2752 a
884 2715 1046 2753 laborio-

82 2767 138 2808 sis
167 2767 450 2816 perpetuisque
475 2765 913 2815 animadversionibus,
943 2780 1044 2818 quas

82 2823 194 2858 tanto
231 2819 362 2858 studio
400 2820 666 2864 concinnavit,
696 2831 851 2859 naevus
881 2833 1042 2870 prorsus

30 2888 33 2890 ·
78 2873 208 2912 omnis
238 2872 398 2911 abesset
428 2875 595 2922 (cavere
617 2878 750 2912 autem
773 2875 933 2912 omnino
959 2887 1042 2914 ma-

80 2928 141 2966 ius
170 2930 233 2965 est.
263 2926 464 2976 quiddam,
494 2939 613 2978 quam
654 2927 755 2977 quod
796 2927 844 2965 ab
885 2927 1043 2966 homine

81 2980 363 3033 postulandum
396 2982 460 3029 sit,
491 2982 552 3020 cui
585 2981 792 3030 aliquoties
818 2981 982 3019 honesto
1003 2986 1043 3020 et

80 3034 267 3086 probabili
301 3036 460 3073 nomine
489 3046 598 3073 error
626 3034 737 3083 objici
769 3036 930 3084 potest)
965 3047 1040 3074 non

79 3087 277 3139 aliquibus
307 3092 439 3127 tamen
471 3091 627 3134 naevis,
651 3088 718 3126 sed
745 3099 905 3137 corpore
935 3090 1040 3126 omni

79 3146 206 3181 totum
246 3140 446 3180 hominem
476 3144 656 3192 cognosci
693 3147 871 3192 oportere
910 3143 1044 3181 nullus

80 3196 415 3247 ignorat.Minime
433 3198 712 3235 veroomnium
734 3199 909 3245 ignomre
926 3195 958 3234 id
979 3195 1046 3234 de-

81 3249 238 3288 buisset
256 3249 526 3300 (Momachius)
547 3252 613 3300 qui
635 3252 670 3288 in
696 3251 880 3288 Romanis
900 3249 1047 3288 littera-

81 3307 212 3343 torum
225 3303 556 3355 Ephemertdibus
569 3306 697 3344 acrius
714 3304 956 3351 necsemel,G
966 3314 1047 3341 rae-

81 3367 128 3396 ca
138 3356 387 3411 loquacitate,
405 3369 477 3400 nec
491 3360 576 3402 sine
593 3358 832 3399 contumelia
849 3358 1044 3397 Mansium

2001 237 2073 267 tht

1110 297 1341 348 perstrinxit·
1373 297 1519 336 nemini
1550 297 1764 344 infensum,
1794 296 1904 335 etde
1928 307 1970 335 se
1993 309 2074 336 mo-

1110 351 1223 390 deste
1253 353 1494 391 sentientem
1513 381 1523 396 .
1557 362 1632 389 non
1663 350 1808 389 erroris
1838 350 1967 390 solum
2002 350 2072 389 sed

1111 407 1229 444 etiam
1266 406 1441 444 levitatis
1472 408 1600 454 ipsum
1632 404 1896 452 coarguendo.

1167 459 1327 510 (Neque
1351 459 1413 498 liic
1451 458 1621 497 reticebo
1655 458 1748 508 quid
1784 458 1831 497 ad
1867 469 1956 498 cum
1995 465 2074 497 tam

1112 514 1256 551 acriter
1291 514 1567 552 lacessendum
1610 512 1807 550 bominem
1849 513 2074 562 coeteroqui

1115 566 1275 604 doctum
1298 573 1336 603 et
1352 565 1551 604 eruditum
1570 566 1863 613 commoverit.)
1884 566 2076 604 Vetustis-

1114 621 1214 658 simo
1237 619 1368 658 Codici
1390 630 1438 657 ex
1468 620 1614 665 insigni
1639 621 1862 657 canonicor.
1880 620 2079 658 Veronen-

1115 676 1217 712 sium
1241 673 1433 711 tabulario
1461 677 1684 722 excerptus
1713 674 1873 712 innixus
1903 674 2078 713 Mansius

1115 727 1276 766 Concilii
1305 725 1553 765 Sardicensis
1587 725 1775 775 epocham
1817 729 1987 766 triennio
2023 728 2076 766 ci-

1117 783 1336 829 tius.quam
1358 780 1476 825 vulgo
1492 780 1704 829 putabatur
1722 781 1974 819 statuendam
1987 792 2076 820 esse

1117 834 1399 872 affirmaverat.
1427 834 1533 872 tx'ova
1560 834 1719 882 quidem
1748 845 1909 883 prorsus
1933 837 2074 883 opinio,

1116 892 1156 925 et
1179 898 1253 924 non
1280 899 1323 925 ea
1349 892 1481 926 tamen
1505 898 1606 936 quae
1635 886 1730 924 adeo
1756 888 1928 936 graviter
1954 889 2077 927 notari

1118 951 1163 978 ac
1190 942 1404 988 vituperari
1442 941 1629 979 iniuriose
1655 939 1834 989 deberet3
1866 941 2077 981 honorifice

1117 995 1222 1032 enim
1249 994 1297 1031 de
1317 1005 1363 1033 ea
1389 999 1605 1032 senserunt
1627 994 1840 1043 scriptores
1861 994 2078 1034 eruditissi—

1119 1049 1170 1085 mi
1208 1047 1521 1095 Ephemeridum
1559 1046 2007 1096 Amstelodamensium,
2038 1053 2078 1087 et

1118 1102 1330 1140 Muratorio
1356 1104 1448 1139 item
1472 1101 1703 1138 doctissimo
1723 1100 1773 1138 illi
1799 1102 1894 1147 viro,
1912 1103 2073 1140 minime

1118 1160 1180 1193 est
1202 1155 1438 1205 iniprobat33
1457 1155 1762 1205 qualiacumque
1778 1154 1938 1193 tandem
1957 1160 2077 1202 esset,

1117 1209 1450 1248 contumeliarum
1477 1208 1628 1247 aculeis
1654 1219 1873 1258 numquam
1909 1208 2078 1248 debebat

1118 1264 1272 1314 insequi
1310 1262 1390 1312 (sed
1415 1263 1634 1301 dicacitatis
1667 1273 1863 1313 quaenam
1891 1267 1953 1300 est
1974 1267 2079 1301 tem-

1119 1320 1295 1366 perantia
1312 1315 1356 1363 ?)
1381 1317 1542 1355 Recenti
1570 1316 1694 1354 isthac
1712 1316 1884 1365 ingentis
1913 1315 2078 1355 molimi-

1119 1371 1180 1408 nis
1204 1371 1375 1409 editione
1403 1371 1591 1420 pertinaci
1613 1375 1759 1408 conatu
1779 1374 1818 1407 et
1839 1370 1925 1408 sine
1960 1371 2080 1409 inter·

1120 1425 1308 1463 missione
1334 1424 1410 1463 ulla
1454 1425 1555 1462 inter
1590 1429 1745 1462 ceteras
1771 1423 1928 1461 scholae
1963 1435 2079 1463 occu·

1119 1480 1298 1528 pationes
1336 1478 1514 1516 confecta
1537 1509 1547 1526 ,
1591 1477 1637 1515 ad
1686 1478 1860 1526 quietem
1905 1479 2077 1528 aliquam

1121 1534 1479 1582 remissionemque
1506 1542 1692 1570 revocare
1710 1541 1751 1568 se
1769 1541 1884 1581 posse
1906 1533 2081 1570 Mansius

1117 1586 1338 1626 videbatur.
1375 1585 1450 1623 Sed
1488 1585 1682 1636 quaedam
1720 1586 1874 1635 ingenia
1911 1583 2078 1624 suntad

1118 1642 1272 1691 egregia
1292 1639 1421 1681 studia
1450 1641 1499 1678 ita
1523 1650 1543 1678 a
1571 1644 1710 1678 natura
1734 1639 1815 1688 ipsa
1840 1644 2079 1690 comparata,

1120 1700 1163 1734 ut
1187 1701 1227 1733 et
1251 1695 1505 1733 contentione
1527 1704 1732 1744 nunquam
1756 1691 2024 1742 defatigemur
2039 1697 2079 1731 et

1119 1761 1219 1800 quae
1236 1747 1706 1788 doctrinarumstudiosis
1717 1745 1901 1798 prodesse
1915 1747 2080 1797 possint,

1119 1804 1286 1842 solerter
1315 1803 1528 1852 vestigent.
1566 1802 1738 1841 Tantum
1772 1802 1905 1851 itaque
1943 1801 2080 1850 abluit,

1121 1862 1163 1896 ut
1188 1857 1235 1895 de
1262 1857 1404 1896 laboris
1439 1857 1636 1895 levamine
1663 1856 1853 1902 cogitaret
1890 1855 2077 1903 Mansius,

1119 1911 1321 1962 totusjam
1342 1912 1377 1948 in
1405 1923 1449 1949 eo
1467 1915 1551 1948 erat
1570 1916 1609 1949 ut
1629 1907 1974 1950 CONClLlORUM
2000 1910 2081 1948 col-

1119 1967 1328 2005 lectionem
1353 1977 1429 2003 non
1457 1965 1640 2004 mediocri
1666 1964 1892 2003 accessione
1918 1962 2080 2001 ditaret.

1173 2019 1356 2058 Labbeus
1399 2021 1500 2057 inter
1524 2024 1678 2058 ceteros
1703 2022 1742 2056 et
1769 2017 1996 2056 Cossartius
2033 2018 2078 2056 iis

1120 2074 1295 2123 undique
1311 2073 1541 2120 colligendis
1560 2073 1710 2121 pridem
1728 2071 2079 2120 adlaboraverant3

1118 2129 1241 2167 Coleti
1276 2127 1463 2176 deinceps
1500 2139 1593 2166 cura
1627 2138 1672 2165 ac
1698 2125 1827 2164 labore
1863 2123 2078 2163 admodum

1118 2193 1217 2232 opus
1250 2186 1490 2220 accreverat.
1517 2182 1690 2220 Mansius
1725 2185 1858 2218 tamen
1891 2183 2080 2218 sexcenta

1121 2247 1248 2287 usque
1293 2246 1392 2274 nova
1438 2236 1609 2275 Concilia
1655 2236 1691 2273 in
1733 2234 1861 2272 lucem
1903 2233 2079 2282 protulit,

1119 2295 1160 2328 et
1190 2290 1384 2340 plurimas
1417 2291 1509 2328 item
1542 2289 1730 2339 epistolas
1755 2291 1794 2325 et
1821 2288 1984 2325 Decreta
2009 2287 2083 2324 lto-

1121 2355 1329 2382 manorum
1367 2343 1598 2383 Pontificum
1625 2349 1721 2381 tunc
1747 2341 1918 2392 primum
1953 2351 1999 2378 cx
2028 2342 2085 2378 in-

1120 2397 1347 2447 signoribus
1365 2410 1441 2449 qua
1461 2398 1613 2448 graecis
1632 2409 1707 2448 qua
1725 2397 1857 2434 latinis
1878 2393 2081 2433 codicibus

1122 2463 1196 2490 non
1230 2456 1380 2490 temere
1414 2452 1566 2490 hausta.
1599 2450 1868 2489 Praefationes
1913 2448 2080 2495 singulis

1116 2502 2091 2555 praelixitadnotationescriticas,clironologicas‚

1122 2559 1368 2607 dogmaticas
1389 2560 1591 2610 sapienter
1615 2557 1848 2596 distributas
1873 2556 2076 2604 apposuit,

1125 2614 1254 2650 varias
1284 2615 1401 2651 etiam
1432 2614 1629 2651 variorum
1663 2611 1842 2650 codicum
1870 2610 2084 2658 lectiones,

1126 2665 1228 2715 quod
1259 2667 1294 2702 in
1322 2677 1364 2705 ea
1392 2678 1432 2704 re
1458 2666 1587 2711 manni
1625 2666 1802 2709 interest,
1839 2673 1957 2712 quam
1998 2661 2087 2701 dili-

1126 2724 1267 2767 genter
1293 2724 1504 2758 recensuit.
1529 2720 1570 2757 ln
1598 2718 1670 2756 boc
1695 2719 1958 2756 maximarum
1985 2717 2083 2766 vigi-

1125 2772 1265 2810 liarum
1300 2784 1418 2822 opere
1461 2777 1618 2822 praesto
1653 2774 1686 2809 ei
1722 2771 1881 2821 quidem
1924 2769 2086 2810 fuerunt

1122 2827 1426 2864 recentissimae
1443 2826 1706 2863 Collectiones
1724 2824 1987 2864 Conciliorum
2006 2822 2086 2861 An-

1118 2880 1217 2931 gliae
1255 2891 1274 2917 a
1313 2878 1532 2926 Wilkinsio,
1571 2879 1791 2925 ilungariao
1828 2889 1849 2917 a
1891 2876 2082 2924 Petet-fejo

1115 2933 1343 2976 adornatae,
1365 2937 1403 2969 et
1431 2938 1563 2970 vetera
1604 2934 1720 2971 etiam
1750 2935 2006 2970 monumenta
2040 2941 2079 2977 in

1116 2998 1264 3024 novum
1307 2986 1598 3025 Anecdotorum
1634 2986 1882 3026 Thesaurum
1919 2999 1938 3026 a
1976 2985 2082 3023 Mar-

1117 3040 1222 3078 tenio
1246 3042 1452 3086 congesta.
1482 3040 1761 3079 percommode
1781 3042 1899 3077 etiam
1928 3042 2075 3081 factum

1119 3098 1179 3131 est
1198 3097 1241 3130 ut
1264 3094 1296 3128 ei
1321 3093 1686 3140 pateretliberrime
1708 3093 1754 3131 ad
1778 3104 1891 3132 suam
1916 3096 2082 3135 remCa-

1120 3147 1353 3185 nonieorum
1384 3149 1621 3187 Lucensium
1663 3148 1822 3196 majoris
1842 3148 1992 3197 Templi
2022 3151 2080 3188 Bi·

1119 3199 1432 3250 liliotbecti,quae
1453 3207 1491 3239 et
1512 3203 1874 3241 vetustissimorum
1888 3202 2076 3242 Codicum

1119 3258 1159 3291 et
1183 3254 1436 3303 antiquarum
1460 3255 1677 3296 editionum
1703 3260 1785 3294 tum
1806 3267 1972 3295 numero
1989 3263 2074 3296 tum

1122 3309 1366 3357 praestantia
1393 3315 1456 3348 est
1479 3311 1649 3349 maxime
1668 3309 1846 3349 illustris.
1864 3309 1916 3349 At
1931 3318 2079 3361 quanta

1122 3361 1337 3411 sagacitate
1354 3367 1394 3401 et
1415 3364 1573 3403 solertia
1591 3375 1692 3425 opus
1715 3363 1784 3409 ¹tuit
1802 3368 1841 3404 ct
1858 3375 1976 3414 quam
1999 3368 2081 3407 oxi-
