2500 4009
390 194 443 234 9ss
1217 193 1559 234 ANGELUS

389 264 736 305 ‹›.1=celle12ee·ssinms
746 264 855 315 juris
875 262 1079 314 utriusque
1106 262 1336 314 Monarcha,

388 332 426 366 et
450 329 516 379 qui
540 328 722 366 nonnulla
745 327 778 364 ei
799 323 945 363 addidit
967 324 1271 365 FRANCISCUS
1287 325 1336 365 de

387 390 418 428 A
424 391 532 429 retio.
540 386 826 440 famosissimus
839 384 957 437 facile
965 386 1212 426 lui-istarum
1222 387 1336 426 Prin-

388 463 487 502 ceps.
507 450 581 489 Sed
599 454 634 485 et
662 448 698 485 in
715 451 888 498 quatuor
904 447 1193 487 Institutionum
1213 448 1334 489 libros

387 509 697 556 Commenmri'us
741 520 832 548 cum
873 509 1134 550 additionibus
1176 511 1332 550 Antonii

383 573 462 622 Caji
486 578 525 609 et
550 572 743 610 Francisci
767 572 972 623 Purpurati
996 585 1043 611 ex
1069 573 1159 612 edit.
1183 574 1331 613 Veneta

383 635 481 672 1609
506 635 676 672 occurrit
700 635 736 671 in
761 634 1024 682 Bibliothecis,
1055 640 1098 674 ut
1128 637 1165 673 in
1196 636 1331 674 Bodle-

375 694 483 744 jana,
509 697 546 733 in
570 707 648 746 qua
671 700 781 734 extat
803 697 920 734 etiam
944 697 1259 736 Commentarius
1281 697 1329 735 ad

379 758 436 794 tit.
463 757 710 807 Digestorum
733 756 780 796 de
800 769 843 796 re
856 757 1041 809 judicata
1060 762 1098 796 et
1115 758 1162 796 dc
1176 757 1330 809 Apella-

376 817 544 858 tionibus
567 824 606 858 et
627 821 816 871 Repetitio
841 821 877 857 in
904 821 1045 868 Legem
1079 823 1209 859 ventre
1245 821 1325 869 Dig.

375 879 422 918 (Ie
443 880 685 932 acquiremla
704 880 766 920 vel
783 881 993 920 ‹mu‘ttenda
1014 880 1235 920 hereditate.
1252 883 1327 921 Nec

375 954 451 981 non
475 942 688 983 Consilium
709 942 997 982 ,uuere'nmniale
1012 945 1328 983 Commentarius

375 1007 413 1043 in
438 1006 597 1044 titulum
622 1005 668 1043 (Ic
692 1003 917 1043 ,lotionibus
935 1034 943 1046 .
968 1016 1086 1054 quem
1117 1009 1198 1043 toto
1225 1017 1327 1044 anno

371 1069 565 1105 Bononiae
588 1072 647 1105 est
675 1068 973 1117 interpretatuS‚
997 1077 1092 1104 num
1117 1066 1244 1104 lucem
1269 1068 1328 1104 vi-

369 1129 486 1169 derit.
512 1141 588 1167 non
612 1130 795 1179 comperi.

422 1192 653 1230 ANGELUS
692 1192 816 1228 Cinus
838 1191 877 1237 a)
921 1187 1139 1240 [perperam
1178 1191 1326 1229 Bassus

368 1253 467 1303 aliis‘j
491 1253 718 1292 POLlTlAN
728 1252 969 1301 cs(·.1patria
981 1252 1105 1290 Monte
1116 1250 1324 1301 Policiano,

365 1315 488 1365 Opido
514 1316 738 1362 llet-ruriae‘)
763 1315 824 1352 vir
847 1312 1127 1363 doctissimus,
1152 1314 1322 1352 alterum

363 1388 454 1414 cum
477 1378 562 1415 Pico
577 1377 718 1415 aetatis
738 1387 832 1415 suae
853 1376 1085 1414 miraculum
1104 1405 1111 1423 ‚
1136 1380 1255 1426 atquc
1271 1388 1319 1414 ex

363 1439 538 1477 strenuis
561 1439 779 1477 litterarum
801 1438 1129 1476 instauratoribus
1153 1449 1229 1475 non
1254 1449 1320 1488 po-

361 1505 560 1548 stremus,
586 1501 703 1539 rebus
728 1500 911 1539 humanis
940 1498 1128 1538 valedixit
1161 1500 1319 1538 Floren-

361 1563 437 1600 tiae
457 1561 530 1600 An.
550 1565 563 1602 1
576 1563 650 1600 194
668 1562 709 1611 b)
727 1562 863 1600 eodem
880 1573 958 1612 quo
981 1562 1210 1600 llermolaus
1227 1564 1317 1600 Bai·-

363 1624 481 1663 barus
509 1629 548 1663 et
576 1626 747 1663 Ioannes
775 1625 914 1673 Picus,
935 1635 1060 1661 annos
1090 1629 1207 1662 natus
1238 1635 1314 1661 non

359 1686 493 1735 plures
512 1698 629 1736 quam
652 1686 920 1736 quadraginta.
939 1687 992 1723 De
1007 1696 1053 1723 eo
1078 1685 1201 1723 multa
1216 1685 1318 1723 Tlio-

361 1759 447 1786 mas
462 1749 628 1787 Crenius
639 1750 674 1786 in
693 1748 931 1786 Praefatione
947 1747 995 1785 ad
1010 1747 1148 1797 Angeli
1164 1748 1317 1785 Caninii

360 1811 664 1848 Grammaticam
702 1812 890 1848 Graecam
916 1820 1095 1848 recusam
1121 1808 1317 1847 Amstelo-

360 1872 463 1910 danii
490 1872 589 1911 17οΟ
607 1874 647 1921 8,
662 1884 746 1922 pag.
772 1871 910 1916 17433,
928 1872 966 1909 in
985 1882 1062 1921 qna
1085 1870 1134 1908 de
1150 1871 1316 1910 eruditis

358 1933 519 1984 Angelis
541 1933 735 1971 disserere
760 1934 940 1971 instituit.
966 1933 1081 1972 Plura
1096 1934 1315 1972 Wernerus

360 1995 529 2034 Jacobus
558 1996 740 2034 Clausius
769 1995 865 2033 libro
893 1994 941 2033 de
964 1995 1074 2043 Vita,
1096 1996 1252 2045 scriptis
1275 2000 1316 2033 et

361 2058 534 2095 moribus
558 2057 732 2095 Politiani
750 2087 757 2105 ,
781 2058 826 2104 c)
847 2056 951 2095 edito
967 2056 1138 2106 Magdeb.
1158 2055 1259 2095 1718
1277 2058 1313 2094 8.

409 2120 479 2162 ΗΞ
509 2118 619 2156 Nunc
659 2129 751 2155 vero
775 2117 883 2155 Frid.
916 2118 999 2156 Otto
1022 2115 1247 2156 Mcnlcenius
1275 2117 1315 2155 in

361 2180 539 2220 Historia
557 2179 659 2218 vitae
676 2179 702 2217 ,1
713 2191 772 2230 '19-
792 2178 974 2217 Politiani
986 2182 1076 2217 ortu
1088 2179 1117 2217 A
1125 2177 1319 2229 mbroyint

361 2242 486 2280 omnis
513 2241 714 2280 ‹mcci-ieme
756 2240 1003 2291 clcyantioris
1033 2241 1315 2280 instauratoris

359 2304 577 2357 felicissimi
603 2308 721 2355 atquc
751 2302 855 2341 omni
881 2302 996 2342 laude
1025 2302 1186 2353 majoris
1212 2304 1313 2353 Lips.

363 2369 483 2406 1736.
502 2368 522 2405 i
543 2378 632 2404 cum
662 2366 757 2404 icon.
790 2377 861 2403 nec
890 2378 965 2403 non
994 2363 1314 2405 Robertusflleoe.

360 2428 559 2480 Bonasous
589 2430 644 2466 De
670 2428 767 2478 Any.
795 2427 979 2466 Politiani
1006 2427 1087 2467 vita
1116 2431 1153 2466 et
1192 2426 1315 2478 operi-

362 2491 434 2530 bus
461 2490 762 2542 disquisitiones.
804 2491 958 2528 Parisiis
990 2491 1116 2535 4845,
1148 2490 1182 2527 8.
1213 2490 1314 2536 etc.)

413 2554 539 2604 Opera
559 2552 646 2602 ejus
666 2557 751 2592 tum
771 2553 923 2599 singula
952 2563 1068 2603 saepe
1088 2552 1184 2590 alias
1202 2580 1209 2600 ,
1230 2556 1314 2590 tum

363 2616 533 2665 pleniore
566 2619 606 2652 et
635 2613 900 2652 emendatiore
942 2613 1111 2651 editione
1148 2612 1316 2663 junctim

361 2689 506 2715 excusa
533 2676 710 2727 Lugduni
734 2676 837 2727 apud
861 2675 1080 2727 Gryphium
1105 2674 1177 2714 An.
1204 2676 1318 2723 ⁴550,

363 2742 386 2775 8
401 2740 526 2777 tribus
540 2739 683 2783 Tomis,
699 2750 865 2787 quorum
877 2739 1026 2789 primus
1040 2736 1318 2789 Epistolmum,

361 2813 460 2850 quas
484 2803 622 2839 merito
647 2802 805 2851 plurimi
831 2801 921 2839 iecit
944 2799 1252 2851 Rupeiucaldus,
1275 2798 1319 2846 d)

365 2863 480 2901 libros
504 2864 573 2902 xii
591 2868 630 2901 ct
645 2861 985 2902 Miscellaneorum
1004 2863 1228 2900 criticorum
1246 2862 1321 2912 pri-

417 2959 450 2998 a)
474 2961 643 2999 menagius
661 2960 872 2991 Anti-Raiilet
889 2968 960 3000 cap.
982 2959 1018 2990 14
1037 2963 1069 2990 et
1091 2959 1131 2991 ad
1148 2967 1224 2990 eum
1243 2961 1319 2989 not.

361 3008 538 3040 nernhardi
557 3010 597 3040 de
613 3010 752 3041 Moneta.
778 3009 932 3042 Giornalc
955 3009 1008 3041 dc’
1023 3009 1181 3041 Letterati
1207 3008 1238 3040 d'
1255 3009 1323 3038 lta-

367 3056 409 3087 lia
425 3062 504 3088 tom.
527 3060 586 3096 vi,
611 3066 686 3098 pag.
709 3059 783 3091 ⁶255.

421 3107 455 3145 b)
479 3109 546 3138 Non
564 3112 624 3139 An.
643 3107 724 3140 1509
740 3113 776 3140 ut
794 3111 826 3140 in
847 3110 913 3141 Viri
934 3110 1040 3149 Magni
1065 3110 1183 3140 itinere
1206 3108 1320 3140 italico

368 3163 439 3193 pag.
461 3155 516 3185 178
533 3162 565 3188 et
583 3166 601 3189 a
619 3158 730 3190 multis
750 3159 822 3191 aliis
839 3159 1010 3191 traditum.

423 3205 455 3242 r)
479 3208 555 3236 ¹Acta
572 3208 783 3239 Eruditorum
806 3211 844 3240 Α.
864 3207 943 3239 1720
966 3216 998 3247 p.
1022 3207 1074 3239 42.
1098 3207 1316 3240 Bermischte

366 3251 547 3284 bibliothec
565 3259 642 3287 tom.
663 3259 715 3294 11,
738 3267 772 3297 p.
794 3258 869 3290 263.

422 3300 456 3338 ds
481 3303 587 3335 Es>ais
604 3304 641 3335 dc
659 3309 856 3341 Litteraturc
874 3311 952 3340 tom.
970 3308 1002 3345 1,
1021 3316 1052 3348 p.
1069 3308 1142 3341 ⁶292.

1410 277 1534 317 mam,
1549 277 1648 317 quae
1659 265 1739 305 sola
1759 267 1884 306 lucem
1903 268 1999 307 vidit
2010 300 2018 319 ⁷
2031 272 2248 311 centuriam
2263 283 2355 311 eon-

1409 330 1523 367 tinet:
1541 328 1739 368 secundus
1754 341 1868 369 versa
1883 342 1903 370 a
1921 331 2122 383 Politiano,
2140 333 2356 373 Herodiani

1408 392 1611 430 Historiam
1628 423 1638 439 ¹.
1655 391 1894 430 enchiridion
1925 393 2114 445 Epicteti,
2129 393 2358 435 Alea-andri

1406 452 1639 503 Aphrodisei
1660 452 1898 503 problemata
1918 456 2127 506 amatoria,
2152 455 2359 496 Plutarchi

1406 516 1670 558 nai-rationes,
1707 514 1831 563 Magni
1868 514 2077 556 Athanasii
2106 519 2143 556 in
2180 518 2356 558 Psalmos

1404 577 1657 627 opusculum,
1674 580 1713 613 et
1732 574 1902 615 Platonis
1922 577 2173 619 Charmidem
2193 579 2241 619 de
2256 584 2356 620 tem-

1403 639 1577 687 perantia
1595 651 1602 675 τ
1624 638 1765 676 tertius
1784 637 1953 688 denique
1978 641 2174 690 Lamiam,
2197 643 2357 694 panepi-

1403 703 1623 736 stemonem
1638 729 1649 746 ,
1670 702 1710 736 et
1733 698 1829 737 alias
1853 699 2026 739 Politiani
2056 702 2352 753 Praetecte'ones,

1404 759 1608 798 Orationes
1621 764 1661 798 et
1678 758 1869 798 Carmina
1887 761 2034 801 Graeca
2049 765 2262 816 Lat-inaquc
2277 765 2356 804 ele-

1401 822 1631 872 gantissima
1654 822 1773 859 etiam
1797 821 1862 860 illa
1883 823 2166 874 complectitur.
2191 827 2247 865 De
2275 827 2354 865 sin-

1399 884 1501 934 gulis
1515 882 1740 933 diligentius
1751 881 1898 922 Auctor
1905 885 2095 925 Historiae
2102 887 2351 938 Reipublicae

1401 945 1625 984 Litterariac
1640 944 1925 996 Gallicalingua
1934 945 2061 985 editae
2070 946 2353 988 Amstelodami

1401 1006 1527 1054 1713,
1552 1006 1600 1046 42
1629 1010 1734 1044 tomo
1764 1006 1841 1054 ΙΙΙ,
1866 1017 1950 1057 pag.
1980 1007 2056 1047 233
2085 1012 2126 1046 et
2153 1012 2259 1048 tomo
2278 1010 2354 1060 IV,

1399 1080 1484 1120 pag.
1514 1070 1601 1108 252.
1630 1070 1672 1107 In
1701 1069 1881 1108 Politiani
1910 1069 2055 1121 scripta
2082 1071 2354 1110 annotationes

1399 1136 1558 1170 exstant
1573 1131 1704 1169 Jodoei
1716 1131 1818 1169 Badii
1836 1131 2028 1179 Ascensii,
2038 1131 2180 1171 Nicolai
2189 1132 2352 1182 Beraldi‚

1398 1194 1560 1232 Joannis
1594 1194 1783 1232 Murmelii
1802 1225 1810 1243 7
1827 1194 1988 1232 Joannis
2011 1192 2222 1233 Alexandri
2241 1195 2354 1234 Bras-

1397 1257 1543 1299 sicani,
1564 1260 1604 1293 et
1632 1256 1827 1294 Francisci
1857 1256 2015 1294 Sanctii.
2040 1255 2136 1295 Vide
2159 1257 2350 1296 Burman-

1398 1330 1492 1357 num
1516 1318 1563 1356 ad
1602 1319 1827 1356 Petronium
1863 1317 1949 1368 pag.
1981 1317 2068 1356 648.
2106 1319 2213 1357 Inter
2248 1317 2352 1357 edita

1394 1380 1568 1418 Politiani
1586 1382 1727 1430 scripta
1747 1391 1821 1417 non
1839 1380 2033 1431 reperitur
2047 1381 2256 1431 separatim
2272 1379 2352 1419 edi-

1392 1447 1458 1481 tus
1483 1443 1696 1480 Florentiae
1735 1440 2046 1481 Commentarius
2083 1440 2129 1484 dc
2164 1442 2348 1494 conjura—

1390 1503 1489 1542 tione
1510 1502 1649 1542 Jacobi
1666 1503 1800 1542 Paccii
1813 1502 1884 1541 An.
1904 1502 2004 1542 1178
2020 1506 2156 1542 contra
2178 1505 2350 1543 Lauren-

1391 1568 1488 1605 tium
1514 1572 1552 1604 et
1575 1567 1775 1605 Julianuni
1800 1565 1993 1613 medices,
2013 1564 2061 1603 de
2085 1576 2162 1616 quo
2185 1564 2275 1604 vide
2290 1566 2346 1604 sis

1390 1627 1571 1666 Vossium
1611 1628 1705 1666 libro
1730 1629 1752 1665 3
1789 1627 1836 1666 de
1860 1627 2062 1666 ilistoricis
2087 1627 2236 1665 Latinis
2258 1637 2345 1678 pag.

1391 1690 1478 1727 6⁵28.
1504 1690 1707 1728 Calumnia
1730 1688 1778 1727 de
1801 1693 2004 1727 contemtu
2025 1699 2226 1728 sacrarum
2246 1689 2348 1728 litte-

1390 1762 1521 1789 rarum
1545 1751 1732 1789 Politiano
1756 1752 1924 1800 impacta
1946 1748 2173 1788 retunditur
2198 1751 2237 1788 in
2259 1750 2349 1789 Dia-

1390 1813 1445 1850 rio
1464 1811 1719 1851 Eruditorum
1742 1811 1874 1850 ltaliae
1889 1814 1982 1849 tom.
1999 1811 2124 1850 XVIII
2141 1840 2150 1860 ,
2166 1821 2252 1863 pag.
2270 1811 2348 1851 255

1389 1875 1477 1914 256.
1504 1875 1638 1912 leones
1661 1884 1747 1923 ejus
1768 1871 1872 1924 apud
1891 1873 2048 1911 Jovium
2068 1872 2165 1924 elog.
2187 1883 2272 1924 pag.
2297 1871 2348 1912 73

1388 1942 1506 1987 atque
1529 1948 1618 1975 aere
1653 1936 1875 1986 descriptae
1903 1934 2007 1985 apud
2034 1935 2083 1973 Is.
2113 1934 2347 1974 Bullartium

1389 2004 1481 2036 tom.
1508 1999 1534 2036 Ι.
1560 1997 1793 2036 Academiae
1817 1997 2080 2035 scientiarum
2103 2006 2188 2046 pag.
2213 1994 2290 2034 277
2305 1999 2346 2034 et

1388 2059 1639 2099 Boissardum
1676 2063 1756 2096 tom
1782 2058 1824 2102 Ι,
1846 2068 1931 2108 pag.
1963 2058 2038 2096 158
2065 2057 2196 2095 nescio
2224 2067 2344 2108 quam

1387 2122 1536 2160 similes
1559 2121 1704 2158 formae
1725 2119 1899 2157 Politiani
1917 2147 1925 2166 ‚
1943 2118 2111 2157 invicem
2135 2122 2242 2157 certe
2265 2118 2346 2157 dis-

1389 2183 1538 2221 similes
1561 2182 1869 2232 conspiciuntur.
1878 2181 2027 2219 Passim
2043 2179 2345 2220 commendatur

1389 2245 1599 2282 Pontianus
1615 2255 1636 2282 a
1651 2254 1807 2282 summa
1828 2241 2019 2281 modestia
2038 2245 2078 2280 et
2097 2241 2342 2281 humanitate

1388 2306 1435 2344 ab
1450 2305 1655 2343 Ambrosio
1671 2304 1962 2344 camaldulensi
1981 2303 2018 2341 in
2034 2302 2220 2353 Epistolis
2235 2306 2342 2342 tomo

1391 2369 1439 2405 ΙΙΙ
1462 2379 1585 2405 novae
1598 2367 1837 2405 collectionis
1855 2364 2052 2405 Edmund.
2068 2366 2240 2404 Martene
2254 2375 2339 2416 pag.

1391 2431 1457 2469 161
1482 2459 1491 2476 ‚
1516 2429 1617 2477 317,
1643 2430 1718 2467 368
1742 2433 1816 2467 etc.

1443 2492 1515 2541 (13)
1533 2492 1659 2542 Fugiit
1674 2495 1714 2529 et
1729 2490 1785 2530 Cl.
1798 2490 1990 2529 Mansium
2007 2489 2140 2540 gravis
2154 2487 2341 2528 anachro-
2372 2495 2376 2498 ’

1390 2555 1543 2592 nismus
1571 2553 1731 2592 Fabricii
1762 2554 1817 2591 De
1844 2551 2083 2603 pereleganti
2111 2554 2224 2602 poeta
2245 2551 2339 2589 Leo-

1392 2617 1451 2654 nis
1483 2617 1530 2654 X.
1560 2619 1810 2666 praeceptore
1848 2614 1952 2664 loqui
1984 2613 2218 2664 nequiverat
2246 2610 2341 2651 Am-

1393 2678 1556 2716 brosius.
1597 2678 1651 2715 De
1681 2677 1822 2715 seniori
1860 2680 1949 2728 post
1989 2675 2037 2715 cl.
2080 2674 2243 2723 Melius,
2284 2675 2338 2714 ita

1394 2741 1450 2786 (in
1468 2740 1517 2777 lll
1538 2738 1629 2777 edit.
1649 2740 1704 2778 De
1727 2739 1856 2778 Claris
1876 2737 2052 2777 Pontific.
2070 2737 2196 2788 Epist.
2218 2735 2338 2786 scrip-

1393 2801 1553 2840 toribus.
1580 2803 1706 2840 Lucae
1728 2799 1856 2849 1784.)
1882 2798 2158 2839 Latinissimus
2179 2796 2245 2836 Ph.
2266 2796 2337 2834 Bo—

1396 2864 1584 2902 namieus.

1447 2925 1462 2938 ‘¹
1494 2924 1670 2975 Angelus
1698 2924 1958 2963 Bellarminus
1986 2921 2059 2961 fuit
2084 2919 2249 2971 Eugenii
2272 2919 2333 2959 IV.

1395 2988 1557 3025 fortasse
1584 2988 1701 3026 etiam
1731 2986 1884 3025 Martini
1905 2985 1938 3023 V
1965 2983 2014 3022 ab
2041 2980 2227 3033 epistolis.
2256 2981 2334 3020 Hoc

1394 3049 1548 3088 homino
1571 3048 1812 3088 Ambrosius.
1840 3077 1848 3085 .
1873 3077 1881 3084 .
1907 3075 1915 3084 .
1940 3043 2177 3084 amicissime
2200 3041 2333 3081 uteba-

1393 3115 1466 3149 tur.
1493 3110 1534 3149 ld
1558 3112 1727 3148 testatur
1746 3118 1862 3159 saepe
1891 3108 1928 3144 in
1958 3105 2040 3151 suis
2063 3104 2230 3154 scriptis.
2256 3104 2333 3154 Ty-

1394 3173 1452 3222 pis
1468 3171 1570 3210 edita
1600 3172 1650 3221 (in
1667 3168 1777 3209 Amb.
1796 3166 2019 3207 Traversari
2040 3164 2152 3213 1759)
2167 3163 2332 3204 habetur

1392 3234 1554 3283 epistola
1575 3265 1582 3271 .
1606 3264 1613 3271 .
1636 3264 1644 3271 .
1670 3234 1705 3270 in
1729 3242 1804 3282 qua
1833 3227 2024 3270 Ambrosii
2054 3229 2219 3266 mortem
2248 3238 2331 3277 gra-

1394 3297 1553 3335 vissimo
1582 3296 1768 3347 queritur.
1802 3293 1816 3306 '‘
