2500 4009
483 336 528 360 XX

1077 411 1150 452 l)li
1188 410 1208 449 Χ
1233 406 1320 448 ΙΤΑ
1366 406 1432 447 Et·
1470 402 1734 447 SCRIPTIS

763 586 1134 663 JOANNIS
1191 575 1589 652 ALBERTI
1645 566 2051 644 FABRICII

477 833 815 903 Celebratissimi
837 847 999 887 «loannis
1017 844 1169 883 Albcrti
1189 835 1390 878 FABRlCll

479 931 604 966 Vitam
635 921 754 961 multi
792 924 829 955 et
866 927 912 952 eo
941 913 1069 950 adhuc
1097 911 1134 945 in
1162 906 1263 942 vivis
1297 901 1391 938 scri-

478 994 654 1043 pserunt.
676 987 835 1025 Plenior
851 983 982 1018 autem
1001 974 1139 1024 generi
1155 970 1238 1008 suoi
1258 969 1394 1006 llerm.

479 1062 582 1098 Sam.
611 1051 783 1093 Reimari
812 1043 1029 1089 llamburgi
1062 1039 1166 1075 1737.
1190 1037 1228 1071 in
1249 1035 1285 1071 8.
1310 1042 1396 1079 pag.

480 1124 551 1160 3574
581 1125 648 1166 (et
679 1117 758 1154 152.
786 1113 852 1151 ubi
873 1106 1057 1157 Epicedia
1086 1104 1124 1139 in
1151 1098 1397 1139 Fabricium)

482 1187 630 1236 prodiit
656 1175 989 1220 Commentarius,
1017 1173 1163 1208 Auctor
1190 1167 1297 1202 inter
1331 1171 1395 1197 eos

481 1254 611 1302 operis
631 1249 692 1286 cui
716 1247 776 1282 tit.
799 1239 982 1281 Bibliolh.
1009 1234 1263 1274 Eraclitorum
1280 1236 1391 1274 prae-

483 1320 625 1356 cocium
653 1308 868 1353 Hambarqi
893 1303 996 1341 1717.
1017 1302 1053 1337 8.
1078 1299 1112 1334 ei
1143 1292 1395 1332 meritissime

487 1383 536 1419 ibi
565 1381 697 1416 locum
730 1370 901 1419 aperuit.
928 1366 1026 1402 Octo
1055 1363 1216 1406 insuper
1242 1355 1400 1393 Reima-

489 1456 553 1482 rus
573 1443 795 1480 enumerat,
815 1435 918 1471 inter
936 1424 1034 1477 nuos
1054 1427 1238 1462 Ioannem
1267 1418 1399 1456 Fabri-

488 1514 587 1547 cium
623 1509 661 1543 in
697 1500 878 1541 Historia
906 1493 1158 1533 Bibliothecae
1192 1497 1284 1524 suae
1323 1484 1400 1520 Το-

488 1586 551 1611 mo
574 1573 634 1608 vt.
658 1569 759 1606 1722.
787 1562 937 1610 Quibus
956 1561 1059 1595 inter
1083 1560 1236 1592 veteres
1262 1551 1398 1586 Petrus

492 1638 642 1676 ttaelius
670 1645 689 1670 e
716 1627 949 1668 Niceronius
974 1626 1064 1659 sunt
1100 1615 1285 1655 addendi.
1324 1613 1407 1658 lpse

491 1708 620 1740 autem
651 1696 843 1735 modestia
886 1694 1066 1727 retentus
1104 1683 1200 1721 nihil
1236 1681 1284 1716 de
1327 1678 1407 1712 vita

494 1779 558 1804 sua
603 1762 915 1800 commentatum
945 1764 1026 1790 csse
1053 1760 1146 1787 sane
1178 1743 1409 1783 dolendum.

540 1834 636 1877 lpse,
676 1836 799 1874 prope
841 1821 980 1868 passim
1010 1821 1051 1852 ut,
1079 1810 1252 1851 Reimari
1281 1804 1413 1843 verbis

491 1902 593 1941 utar,
614 1903 700 1930 suas
720 1891 904 1937 ignorare
934 1885 1101 1918 virtutes
1123 1878 1225 1913 visus
1247 1877 1319 1915 est,
1350 1868 1406 1904 id-

494 1971 569 2008 que
596 1967 712 2004 agere
739 1961 912 1998 semper,
942 1952 984 1984 ut
1011 1944 1127 1981 laude
1164 1953 1204 1978 se
1243 1939 1408 1984 dignum

497 2017 712 2064 praestaret
741 2009 882 2057 polius,
912 2013 1033 2050 quam
1061 2006 1102 2037 ut
1132 1998 1378 2035 laudaretur.

544 2081 687 2116 Lucem
711 2076 811 2112 vidit
831 2082 934 2110 anno
959 2068 1064 2106 1668.
1090 2066 1145 2102 11.
1162 2060 1411 2102 Novembris,

495 2155 612 2192 quem
640 2144 746 2179 diem
777 2140 948 2177 natalem
983 2131 1302 2171 anniversarium
1337 2126 1410 2163 sibi

499 2221 657 2258 semper
685 2209 831 2243 laetum
860 2202 1010 2243 habuit,
1040 2198 1268 2235 divinorum
1298 2194 1335 2229 iu
1371 2202 1411 2227 se

502 2273 784 2311 beneficiorum
832 2264 1068 2304 memoriam
1112 2264 1311 2306 repetens.
1356 2255 1411 2291 lta

500 2341 644 2376 (locens
665 2337 897 2382 frequentor
925 2329 1075 2365 solebat
1105 2334 1269 2362 monere
1295 2323 1413 2359 vitam

500 2405 607 2440 nobis
633 2401 823 2438 divinitas
849 2403 1060 2433 concessam
1087 2401 1161 2427 esse
1181 2389 1279 2425 velut
1299 2395 1412 2432 prae-

502 2469 619 2506 sentis
654 2464 854 2512 felicitatis
887 2460 1176 2506 fundamentum
1202 2456 1233 2488 et
1261 2452 1414 2498 saturae

502 2533 756 2570 occasionem:
796 2529 847 2564 ita
870 2524 1031 2562 humani
1061 2532 1142 2558 esse
1165 2519 1280 2557 oflicii
1311 2516 1414 2553 arbi·

504 2598 682 2634 trabatur
710 2595 813 2630 liunc
839 2592 944 2627 diem
972 2589 1055 2624 sine
1087 2587 1188 2622 laeta
1223 2583 1321 2620 tanti
1350 2581 1419 2616 be-

506 2662 634 2700 neticii
665 2657 935 2696 celebratione
964 2664 1041 2690 non
1080 2650 1418 2699 praetermittere.

506 2729 582 2764 Nee
607 2725 759 2762 solebat
787 2722 937 2759 voeatis
977 2719 1024 2755 acl
1069 2726 1236 2753 coenam
1278 2713 1427 2750 exteris

511 2791 663 2837 epulari
703 2786 973 2834 sumptuosius
1015 2788 1054 2819 et
1094 2780 1427 2828 magnificentius,

504 2858 571 2893 sed
589 2862 719 2892 tamen
735 2854 924 2889 instructa
939 2849 1082 2886 lautius
1095 2847 1298 2894 aliquanto
1313 2855 1423 2881 men·

504 2933 557 2963 sa,
588 2923 675 2966 post
703 2918 857 2953 labores
884 2917 1091 2951 consuetos
1134 2911 1420 2959 paterfamilias

504 2996 593 3021 eum
634 2983 713 3018 suis
742 2983 779 3017 in
809 2979 997 3017 concordi
1029 2982 1065 3014 et
1095 2978 1197 3013 laeta
1228 2975 1433 3012 familiari-

510 3053 587 3084 tate.
614 3047 745 3082 eibum
775 3055 931 3090 capere,
959 3041 1212 3078 sermonibus
1237 3040 1423 3086 jucundis

510 3112 672 3148 utilibus
700 3110 865 3145 miseere
885 3137 893 3152 ‚
932 3108 1064 3144 divina
1095 3105 1286 3142 beneficia
1316 3104 1353 3140 in
1381 3114 1421 3140 se

507 3186 675 3222 suosque
705 3177 864 3220 praeter
890 3182 999 3215 spem
1023 3183 1066 3207 ae
1088 3170 1278 3207 meritum
1302 3179 1422 3205 omne

509 3241 667 3279 collata,
685 3238 735 3273 de
757 3237 836 3272 vita
856 3235 985 3272 sutura
1007 3236 1291 3282 lienesperarc,
1309 3233 1412 3270 omi-

511 3304 611 3345 nari,
640 3300 833 3349 praecari,
863 3303 1015 3350 partem
1045 3300 1144 3345 grati
1167 3299 1288 3334 animi
1312 3298 1416 3334 haud

511 3371 683 3404 intimam
714 3365 915 3404 arbitravi,
937 3368 974 3399 ul
1000 3365 1165 3409 gratiam
1198 3363 1263 3399 Dei
1288 3363 1420 3398 animo

1490 835 1593 870 laeto
1622 836 1660 868 et
1676 841 1743 867 sua
1763 831 1869 866 sorte
1888 828 2078 862 contento
2101 826 2220 870 atque
2240 820 2408 858 fiduciae

1490 895 1606 943 pleno
1633 891 1920 937 exciperemus,
1949 895 2021 923 nec
2047 883 2208 922 tristitia
2238 893 2281 920 ae
2311 891 2410 929 que-

1493 957 1600 1000 relis,
1628 957 1696 991 aut
1724 948 2004 996 intempestivo
2027 951 2136 984 metu
2165 945 2410 985 futurorum,

1497 1019 1739 1069 exprobrare
1767 1017 1862 1059 Deo,
1890 1014 2064 1061 aliquam
2086 1011 2197 1060 quasi
2224 1009 2410 1047 iniuriam

1498 1087 1611 1125 nobis
1635 1086 1716 1131 jam
1744 1082 1886 1118 saetam
1915 1079 2161 1116 videremur.

1541 1152 1621 1188 lloc
1648 1149 1782 1186 animo
1823 1142 2098 1192 gratulabatur
2139 1139 2213 1177 sibi
2253 1147 2413 1186 quoque

1489 1217 1659 1266 patriam
1693 1212 1887 1250 divinitus
1921 1206 2134 1254 contigisse
2166 1203 2338 1242 Athenas
2367 1202 2416 1237 il-

1494 1286 1548 1320 las
1585 1280 1814 1322 simoniam,
1850 1274 2053 1319 LwSlAM,
2081 1282 2183 1321 quae
2208 1269 2303 1308 urbs
2337 1269 2416 1306 suis

1497 1347 1650 1384 civibus
1675 1344 1921 1390 singularem
1951 1337 2149 1376 sermonis
2166 1334 2415 1377 suavitatem,
2466 1337 2474 1366 9

1500 1420 1658 1449 morum
1694 1407 1949 1453 elegantiam⁴
1977 1409 2015 1440 ct
2054 1403 2265 1448 praecepta
2290 1396 2421 1435 omnis
2470 1424 2471 1427 ,
2498 1411 2500 1414 ·

1497 1475 1704 1513 doetrinae
1734 1470 1929 1518 impertit.
1958 1468 2072 1504 Pater
2114 1464 2170 1501 illi
2200 1462 2420 1508 Wernerus
2471 1450 2473 1457 ¹

1496 1537 1743 1578 FAmuCtvs
1770 1531 2135 1572 ltzehoa-llolsatus
2153 1525 2286 1565 Musici
2301 1523 2419 1562 Chori

1505 1606 1545 1641 in
1585 1602 1734 1649 templo
1762 1599 1926 1637 Paulino
1953 1593 2190 1633 Academico
2228 1590 2426 1627 directore
2466 1598 2500 1638 ss'

1510 1676 1547 1707 et
1575 1671 1611 1705 in
1640 1666 1735 1704 aede
1762 1661 1911 1702 Nicolai
1945 1656 2180 1706 Organoedo
2207 1655 2300 1691 satis
2326 1653 2425 1689 cele·
2469 1654 2500 1693 t,

1509 1735 1596 1778 bri,
1635 1731 1745 1768 cuius
1771 1730 1927 1764 exstant
1963 1723 2131 1762 Deliciae
2169 1719 2426 1758 Harmonicae
2464 1703 2495 1753 l

1510 1796 1663 1844 Lipsiae
1692 1794 1798 1830 1657.
1827 1792 1863 1828 li.
1893 1795 1931 1827 et
1959 1790 2090 1836 imago
2118 1785 2201 1823 aeri
2223 1784 2357 1820 incisa.
2462 1774 2469 1831 ξ
2494 1795 2496 1798 ·

1554 1862 1600 1899 Et
1626 1858 1784 1897 Paterni
1812 1856 1973 1903 quidem
1994 1851 2153 1900 generis
2174 1850 2214 1886 in
2234 1847 2420 1887 Centuria
2461 1834 2469 1878 T
2494 1869 2495 1874 ,

1505 1925 1785 1965 Fabriciorum
1813 1922 1942 1970 prima
1984 1916 2187 1961 meminit,
2214 1923 2306 1951 cum
2348 1913 2430 1959 ipse
2456 1899 2467 1961 ᾖ
2493 1938 2495 1945 .

1512 1992 1780 2039 plurimorum
1808 1986 1979 2034 gloriam
2005 1979 2268 2029 superaverit.
2459 1963 2467 1976 ’“

1559 2057 1681 2093 Matre
1697 2062 1799 2090 anuo
1817 2050 1923 2088 1674.
1941 2050 2059 2086 Patre
2077 2047 2209 2082 autem
2225 2043 2299 2080 An.
2321 2042 2430 2080 1679.
2461 2033 2467 2052 ·’

1510 2121 1651 2158 amisso
1664 2113 1915 2154 celeberrimi
1928 2112 2121 2158 Theologi
2133 2120 2176 2146 ac
2184 2106 2431 2153 Philosophi,
2459 2111 2464 2145 ζ

1512 2182 1705 2223 Valentini
1725 2179 1871 2217 Alberti
1891 2178 1930 2214 in
1953 2177 2118 2214 tutelam
2141 2175 2270 2220 venit,
2291 2181 2428 2209 euram

1525 2715 1731 2750 Rectorem
1761 2706 1981 2755 Gymnasii,
2021 2713 2139 2751 quem
2173 2697 2459 2746 Praeceptoris
2482 2713 2489 2742 ᾳ

1525 2779 1590 2815 sai
1616 2778 1704 2813 bene
1730 2776 1776 2811 de
1800 2783 1837 2810 se
1871 2771 2002 2808 meriti
2041 2761 2173 2816 elogio
2197 2761 2438 2802 celebravit..
2478 2783 2479 2787 ,

1522 2844 1607 2880 Post
1634 2840 1841 2877 biennium
1869 2836 2040 2884 Lipsiam
2077 2837 2260 2869 reversus
2296 2826 2439 2879 Valens
2478 2838 2488 2859 φ

1529 2983 1568 3008 se
1601 2975 1726 3007 totum
1767 2965 1978 3005 commisit.
2017 2962 2152 3008 Neque
2191 2962 2324 2994 tamen
2365 2954 2435 3008 sibh

1519 3037 1646 3075 deluit
1686 3033 1790 3080 quod
1837 3028 2118 3066 celeberrimos
2159 3023 2257 3059 alios
2295 3019 2425 3062 seduli
2476 3046 2478 3055 ,

1520 3101 1688 3138 audiret.
1716 3097 1801 3142 lpse
1826 3098 1958 3131 tamen
1987 3101 2027 3127 se
2054 3088 2226 3138 plurima
2272 3084 2413 3123 Thoma

1519 3165 1653 3211 Iltiyio
1674 3161 1821 3198 debere
1849 3155 2048 3204 professus
2065 3156 2138 3196 cst,
2157 3150 2207 3188 ab
2228 3159 2274 3187 eo
2296 3147 2344 3185 ad
2370 3145 2418 3184 Hi
2476 3152 2480 3183 τ’

1508 3229 1670 3268 storiam
1711 3220 2022 3262 Ecclesiasticam
2050 3213 2298 3254 tractandam
2334 3208 2420 3248 cxci
2476 3247 2478 3258 Ι

1520 3299 1637 3332 tatus.

1565 3358 1714 3395 Scimus
1743 3366 1760 3391 a
1790 3353 1973 3390 Reimaro
2013 3347 2118 3396 quod
2163 3354 2234 3382 nec
2275 3349 2388 3378 moru
