2500 4009
435 229 512 269 35ss

431 307 514 339 tuni
546 297 672 343 notis,
702 299 739 332 ct
777 289 975 329 PAClANI
1006 288 1301 340 paraeneticum
1329 287 1377 327 ad

430 359 724 400 Poenitcntiam.

483 425 636 460 Praeter
664 412 881 466 Epistolam
910 411 962 450 ad
988 409 1216 462 Sidonium,
1241 422 1318 461 qua
1342 413 1377 450 ei

430 487 499 522 hos
525 482 639 519 libros
660 475 900 516 Claudianus
923 473 1144 523 dedicavit,
1164 473 1238 511 alia
1258 474 1377 512 etiam

422 528 948 587 ‹alcandenzlcguuriruer
973 535 1207 574 sunnnanas
1227 534 1374 575 nb.1v;

422 606 542 655 Epist.
568 602 590 639 2
616 599 757 639 blande
781 598 1092 650 expostulatoria
1115 597 1221 648 quod
1244 607 1376 636 cessa-

420 667 520 703 verit
546 663 772 702 rescribere.
798 662 977 711 Eamque
1006 661 1132 710 Epist.
1159 660 1194 698 3.
1227 658 1375 699 Sidonii

419 727 565 777 excilriit
586 724 812 775 responsio,
831 724 869 760 in
889 733 966 772 qua
986 720 1248 761 Claudianum
1269 721 1376 772 ejus-

418 800 494 839 que
518 798 618 839 opus
643 786 818 824 mirificis
841 784 995 824 extollit
1018 783 1227 832 laudibus,
1252 787 1372 834 atque

417 856 460 890 ut
480 852 585 889 omni
608 861 700 888 eum
722 847 923 886 abundare
944 846 1083 885 doceat
1102 845 1280 885 doctrina
1296 847 1374 896 ,ait

416 914 527 952 illum
552 924 627 950 non
649 909 825 948 abnuere
854 920 942 947 cum
967 908 1123 959 Orpheo
1147 907 1344 960 plectrum
1361 937 1371 957 ,

414 987 502 1014 cuin
527 973 752 1023 AEsculapio
778 970 988 1020 baculum,
1013 981 1103 1008 cum
1130 969 1368 1009 Archimede

413 1036 574 1075 radium
590 1067 600 1083 ,
627 1046 715 1073 cum
738 1033 942 1084 Euphrate
962 1031 1258 1085 horoscopium,
1278 1043 1368 1071 cum

416 1099 628 1138 l‘EltDlCE
654 1095 865 1143 circinum,
890 1106 979 1133 cum
1001 1095 1181 1133 Vitruvio
1206 1106 1373 1146 perpen-

414 1160 620 1208 diculum,-
646 1170 768 1209 neque
791 1168 969 1210 unquam
1004 1156 1245 1208 1‘nvesti9are
1273 1155 1374 1195 desi-

414 1226 517 1262 stere
540 1233 628 1260 cum
655 1220 817 1259 Thalete
842 1213 1044 1270 tempora,
1066 1229 1156 1256 cum
1185 1216 1374 1269 Chrysip-

415 1297 462 1335 po
499 1294 705 1330 numeros,
736 1293 825 1320 cum
853 1281 1019 1320 Euclide
1051 1290 1274 1319 mensuras.
1312 1279 1376 1318 Ad

416 1351 641 1384 crtrcnncm
657 1377 667 1393 ,
698 1356 809 1383 *nemo
833 1341 990 1382 sacculo
1020 1354 1104 1381 meo
1126 1353 1228 1395 quae
1251 1341 1377 1381 voluit

415 1421 439 1446 a
471 1421 619 1447 armam
635 1408 691 1446 sic
707 1406 844 1447 valuit.
866 1405 1071 1457 Siquidem
1087 1403 1180 1443 dum
1200 1415 1284 1444 sese
1303 1403 1374 1442 ad-

412 1483 555 1510 versus
579 1483 667 1509 eum
686 1502 695 1518 ,
721 1481 835 1521 quem
859 1472 999 1507 contra
1028 1466 1226 1519 loquitur,
1252 1478 1373 1506 escer-

417 1538 496 1582 tat,
527 1545 682 1572 morum
711 1544 758 1570 ac
787 1530 1012 1569 studiorum
1041 1529 1198 1579 linquae
1220 1529 1373 1569 utrius-

412 1608 485 1647 que
514 1593 730 1647 symbolam
743 1594 841 1644 Jure
865 1591 944 1631 sibi
969 1591 1155 1631 vindicat.
1181 1592 1303 1631 Sentit
1326 1595 1373 1630 ut

416 1658 680 1708 Pythagoras,
711 1655 853 1695 dividit
879 1659 922 1693 ut
959 1656 1166 1702 Socrates,
1196 1652 1375 1706 eaeplicat

414 1723 457 1757 ut
472 1720 579 1757 Plato
598 1751 605 1769 ,
624 1718 800 1769 implicat
818 1721 862 1756 ut
876 1718 1110 1756 Aristoteles
1127 1746 1135 1765 ,
1155 1719 1200 1754 ut
1217 1717 1373 1755 AEschi-

414 1793 485 1819 nos
510 1780 739 1830 blanditur,
764 1784 809 1818 ut
832 1779 1120 1819 Demosthenes
1150 1778 1367 1827 irascitur,

415 1848 558 1881 vernat
573 1848 618 1882 ut
632 1844 865 1883 Hortensius
883 1872 891 1889 ,
908 1844 1070 1880 aestuat
1087 1843 1132 1878 ut
1144 1840 1344 1891 Cethegus
1360 1870 1369 1889 ,

413 1905 550 1943 incitat
570 1910 615 1943 ut
637 1906 767 1953 Curio,
791 1907 976 1942 moratur
1000 1906 1046 1942 ut
1069 1903 1223 1952 Fabius,
1245 1902 1369 1943 simu-

411 1966 469 2004 lat
487 1971 529 2005 ut
553 1970 723 2007 Crassus
742 1998 748 2014 ,
770 1964 999 2005 dissimulat
1016 1968 1061 2003 ut
1083 1967 1254 2014 Caesar,
1274 1976 1368 2004 sua-

411 2029 475 2067 det
496 2034 540 2067 ut
562 2032 656 2068 (lato
675 2061 683 2079 ,
712 2028 917 2067 dissuadet
939 2031 984 2065 ut
1004 2028 1155 2078 Appius
1172 2056 1179 2075 ,
1196 2037 1368 2078 persua-

410 2091 474 2128 det
492 2096 535 2128 ut
558 2093 721 2131 Tullius.
752 2092 842 2128 Jam
862 2090 901 2128 si
921 2089 975 2127 ad
994 2093 1268 2128 sacrosanctos
1289 2091 1366 2127 Pa-

410 2157 488 2190 tres
524 2166 599 2203 pro
641 2152 932 2203 comparatione
959 2151 1171 2199 veniatur,
1201 2150 1366 2189 instruit

413 2218 454 2251 ut
491 2216 780 2264 llioronyniuS,
816 2213 987 2252 destruit
1026 2217 1071 2251 ut
1110 2214 1360 2261 Lactantius,

407 2275 583 2313 adstruit
608 2280 651 2314 ul
674 2277 950 2325 Augustinus,
979 2273 1159 2312 attolitur
1191 2277 1237 2311 ut
1258 2275 1361 2312 Hila-

409 2341 515 2387 rius,
535 2339 794 2377 simimittilur
817 2341 862 2375 ut
878 2337 1080 2375 johannes
1098 2367 1106 2385 ,
1130 2341 1173 2375 ut
1192 2337 1361 2375 Basilius

406 2402 595 2452 corripit,
620 2405 665 2439 ut
685 2402 898 2451 Gregorius
926 2399 1177 2449 consolatur,
1201 2403 1243 2437 ut
1265 2402 1361 2439 Oro-

407 2466 489 2502 sius
518 2462 671 2515 affluit,
695 2466 738 2500 ut
762 2463 927 2501 Rufinus
951 2461 1167 2512 strinqitur
1182 2493 1192 2509 ,
1217 2464 1262 2499 ut
1282 2462 1362 2499 Eu—

404 2526 537 2564 sebius
582 2529 752 2572 narrat,
796 2528 839 2562 ut
881 2524 1102 2563 Eucherius
1148 2522 1356 2571 sollicitat,

404 2592 448 2626 ut
470 2588 656 2626 Paulinus
688 2590 903 2637 provocat,
934 2589 979 2624 ut
1004 2586 1239 2625 Ambrosius
1263 2597 1358 2636 per-

400 2653 567 2689 severat.
603 2650 800 2688 Laudatur
830 2649 931 2687 idom
971 2648 1176 2688 Claudiani
1205 2659 1304 2699 opus
1334 2660 1355 2687 a

404 2713 561 2751 sidonio
587 2712 650 2751 lib.
679 2713 733 2760 V,
763 2712 890 2763 Epist.
921 2712 956 2751 2.
989 2711 1065 2750 Sed
1092 2723 1169 2749 non
1193 2722 1356 2762 possum

404 2786 479 2812 non
506 2777 543 2812 in
571 2776 742 2813 Lectoris
766 2776 931 2825 gratiani
959 2774 1074 2824 priori
1106 2774 1159 2812 illi
1183 2772 1359 2812 Sidonia-

403 2848 452 2874 no
477 2838 599 2887 elogio
630 2838 844 2889 adjungere
870 2838 966 2876 haec
995 2836 1107 2875 Alani
1132 2837 1189 2886 a),
1214 2834 1357 2886 quibus

399 2900 561 2938 chorum
587 2906 739 2952 septem
761 2902 905 2938 artium
928 2900 1224 2948 celebraturus,
1246 2898 1356 2937 Sido-

401 2963 506 3000 nium
536 2974 610 3000 non
636 2962 801 3000 obscure
826 2963 1050 3012 expressit:

396 3041 431 3069 [ι
457 3043 573 3072 Zeuxis
599 3043 708 3081 pingit
732 3040 850 3073 choros
873 3041 926 3073 hic
944 3064 952 3078 ‚
976 3046 1008 3072 ιιι
1035 3041 1109 3073 Milo
1132 3045 1275 3081 figurat,

396 3090 428 3117 [i
458 3090 575 3122 Fabius
601 3093 768 3130 ¹oquitur,
792 3096 829 3122 ut
852 3092 978 3122 Tullius
1004 3095 1071 3131 ipse
1095 3097 1251 3132 perorat,

393 3138 427 3165 [ι
442 3143 565 3170 sonno<
580 3144 676 3171 sontii
690 3165 697 3177 ,
713 3143 797 3180 sapit
816 3145 849 3171 ιιι
866 3142 977 3180 Plato,
992 3145 1124 3182 quaerit
1140 3148 1175 3174 ut
1189 3146 1336 3182 Hermes,

394 3187 515 3218 Dixidu
540 3195 573 3219 ιιι
600 3194 771 3229 socratvs,
799 3197 834 3223 ut
858 3195 945 3224 Zeno
973 3195 1123 3235 colligit,
1150 3196 1252 3226 instat

454 3299 485 3325 a,
510 3292 628 3323 Alanus
651 3296 828 3327 insulensis
853 3298 884 3327 in
909 3298 1161 3337 Enciclopaedia
1187 3307 1260 3338 pag.
1277 3298 1350 3330 541.

392 3344 543 3381 opvrurn.

1154 216 1664 269 ,otauniAuus

1457 289 1497 319 Ut
1517 288 1627 319 Brisso
1641 312 1650 326 ‚
1666 287 1776 320 studet
1792 291 1829 321 ut
1846 288 1968 321 crisias
1980 313 1991 327 ‚
2011 287 2200 330 speculatur
2217 291 2254 320 ut
2268 289 2391 328 Argus,

1448 338 1620 377 Temporis
1643 345 1801 370 excursus
1822 342 1860 370 ut
1881 339 2000 370 Caesar
2022 340 2135 379 cogit,
2160 342 2198 369 ut
2218 337 2309 370 Atlas

1446 386 1561 418 Sidera
1584 389 1773 428 perquirit,
1794 392 1831 419 ut
1852 390 1948 420 Zetus
1974 389 2122 429 pondera
2144 388 2268 427 librat,

1446 439 1618 476 Tanquam
1639 437 1840 477 Chrysippus
1862 442 2039 476 numerat,
2067 440 2204 469 metitur
2223 442 2260 469 ut
2285 437 2370 470 alter

1446 486 1600 520 Euclides
1614 510 1623 526 ,
1640 488 1732 519 canit
1747 490 1783 518 ut
1800 486 1954 519 Phoebus
1970 511 1981 525 ‚
1997 488 2172 520 citharizat
2189 492 2226 519 ιιι
2242 487 2406 528 Orpheus,

1444 537 1593 569 Circinat
1614 540 1652 569 ut
1673 538 1842 575 PERDlX,
1866 540 1902 568 ut
1923 537 2084 569 Daedalus
2106 539 2207 577 erigit
2234 544 2350 576 arces,

1444 586 1602 619 Fabricat
1621 591 1660 618 ut
1681 586 1818 627 Cyclops
1832 610 1842 625 ,
1866 590 1904 618 ut
1926 588 2080 618 Lemnius
2103 595 2195 618 arma
2218 590 2391 623 monetat,

1444 637 1584 667 iustruit
1604 640 1642 668 ιιι
1664 638 1810 674 Seneca,
1833 634 2004 666 blanditur
2026 639 2062 666 ιιι
2084 638 2209 675 Appius
2226 659 2234 673 ‚
2255 639 2352 675 urget

1443 688 1482 717 Ut
1502 687 1606 724 Cato,
1627 685 1803 718 succendit
1823 690 1860 716 ut
1883 686 1984 716 Curio
1998 710 2008 723 ‚
2032 684 2120 716 velat
2141 689 2178 716 ut
2199 685 2282 716 alter

1442 737 1598 773 Persius,
1621 739 1659 766 ιιι
1681 735 1816 766 Crassus
1839 735 1998 767 simulans
2013 760 2024 773 ,
2045 739 2083 766 ut
2105 735 2210 766 Julius
2232 735 2316 766 alter

1440 784 1659 824 Dissimulans
1673 809 1683 822 ‚
1699 789 1737 816 ut
1757 784 1790 824 a)
1813 784 1942 816 soldius
1966 784 2142 824 implicat,
2159 785 2304 826 explicat
2323 784 2410 816 idem

1442 837 1481 866 Ut
1503 840 1586 868 Naso
1600 859 1610 874 ,
1633 839 1750 866 vernat
1774 838 1812 866 ut
1836 836 1982 873 Statius,
2006 837 2044 865 ιιι
2067 836 2156 866 Maro
2177 835 2294 867 dictat.

1443 888 1618 928 Concipit,
1641 886 1800 926 exponit,
1826 886 1999 924 imitatur,
2022 887 2152 924 gestat,
2179 884 2337 925 adimplet

1439 938 1592 970 Mercurii
1616 943 1732 968 sensus
1748 958 1758 973 ‚
1782 936 1888 966 nostri
1911 934 2143 966 Demosthenis
2166 935 2256 972 iras,

1437 986 1546 1018 Ovidii
1571 986 1696 1017 flumen
1711 1010 1721 1024 ,
1744 986 1868 1017 Lucani
1895 984 2018 1016 tulmen
2036 1007 2046 1022 ,
2069 985 2226 1024 abyssum

1437 1036 1589 1077 Virgilii,
1617 1044 1743 1068 morsus
1769 1038 1927 1078 satyrae,
1949 1033 2080 1066 Solonis
2104 1034 2244 1075 asylum.

1498 1096 1676 1148 Epistola
1695 1095 1902 1136 Claudiani
1925 1095 1975 1135 ad
2000 1094 2270 1135 SAPAUDUM
2300 1095 2403 1134 Rhe-

1446 1163 1572 1198 torem
1598 1160 1865 1199 Viennensem
1888 1159 2053 1210 vulgata
2075 1170 2098 1198 a
2119 1159 2280 1199 Baluzio
2304 1162 2402 1198 tom.

1446 1222 1626 1261 VLMise.
1643 1234 1731 1274 pag.
1743 1222 1832 1261 535.
1851 1222 1889 1260 in
1905 1233 1983 1272 qua
1999 1219 2300 1260 declamationes
2315 1223 2404 1272 eJ'us

1448 1284 1610 1334 laudat,
1641 1290 1681 1324 et
1713 1284 1761 1324 ad
1789 1289 1947 1323 veteres
1980 1285 2233 1335 potissimum
2271 1284 2405 1336 legen—

1447 1346 1518 1385 dos
1546 1347 1839 1398 imitandosque
1865 1347 2058 1386 hortatur.
2088 1346 2195 1386 Illud
2207 1358 2404 1400 perquam

1443 1407 1703 1462 familiariter
1725 1421 1871 1462 quaeso
1885 1441 1896 1459 ,
1921 1413 1967 1448 ut
1987 1409 2131 1462 spretis
2158 1409 2404 1449 novitiarum

1443 1472 1768 1511 ratiuncularum
1778 1471 2004 1524 puerilibus
2019 1471 2137 1523 nuqis
2144 1504 2155 1523 ,
2178 1471 2332 1511 nullum
2350 1470 2403 1510 le-

1444 1534 1628 1574 ctitandis
1663 1534 1723 1573 his
1758 1538 1910 1588 tempus
1934 1534 2114 1574 insumas
2129 1566 2140 1584 ,
2180 1546 2285 1586 quae
2307 1534 2402 1573 dum

1443 1597 1714 1636 resonantium
1751 1597 2098 1637 sermunculorum
2134 1600 2299 1636 taureas
2335 1609 2401 1635 ro-

1443 1662 1551 1709 tant,
1576 1660 1795 1698 oratoriam
1815 1659 2087 1713 fortitudinem
2109 1658 2396 1711 plaudentibus

1443 1720 1720 1760 concinnemus
1748 1722 1918 1762 evirant.
1946 1721 2123 1761 Naevius
2156 1725 2195 1761 et
2229 1721 2397 1761 Plautus

1444 1781 1517 1821 tibi
1549 1782 1603 1821 ad
1636 1783 1898 1835 eleyantiam,
1925 1785 2022 1825 Cato
2045 1784 2100 1823 ad
2131 1783 2396 1836 (simultatem,

1447 1847 1571 1884 Varro
1594 1846 1648 1885 ad
1664 1847 1879 1898 peritiam,
1912 1847 2118 1886 Gracchus
2147 1845 2202 1885 ad
2227 1846 2399 1885 acrimo-

1441 1907 1549 1947 niam
1564 1941 1574 1959 ,
1603 1909 1850 1963 Chrysippus
1873 1909 1928 1949 ad
1948 1909 2200 1962 disciplinam
2214 1941 2225 1959 ,
2251 1910 2398 1948 Fronto

1441 1970 1495 2008 ad
1510 1982 1697 2022 pompam
1713 2004 1724 2021 ,
1752 1972 1891 2012 Cicero
1907 1972 1962 2011 ad
1974 1971 2236 2024 eloquentiam
2259 1982 2396 2024 capes-

1439 2033 1602 2071 sendam
1624 2034 1720 2072 usui
1739 2034 1828 2073 sint.
1867 2034 2056 2086 Quisquis
2080 2034 2182 2074 enim
2209 2034 2398 2073 recentio-

1438 2105 1530 2132 rum
1554 2094 1707 2146 aliquid
1729 2095 1892 2146 diqnum
1915 2096 2107 2135 memoria
2136 2095 2394 2147 scriptitavit,

1436 2167 1513 2193 non
1536 2160 1572 2194 et
1595 2157 1675 2208 ipse
1699 2158 1866 2198 novitios
1885 2158 1987 2209 leqit.
2006 2160 2073 2198 Hie
2089 2162 2151 2198 est
2168 2158 2396 2209 Sapaudus.

1437 2230 1557 2268 quem
1582 2219 1767 2258 Sidonius
1792 2221 1860 2259 lib.
1876 2221 1920 2260 V.
1942 2221 2070 2271 Epist.
2097 2221 2145 2259 40
2170 2220 2306 2259 laudat
2331 2220 2393 2257 his

1436 2280 1583 2318 verbis:
1606 2281 1687 2319 Tua
1708 2293 1801 2321 vero
1826 2285 1906 2320 tam
1929 2281 2044 2320 clara
2064 2285 2144 2320 tam
2160 2279 2387 2334 spectabilis

1433 2341 1547 2380 dictio
1570 2346 1627 2382 est
1647 2375 1654 2393 ,
1677 2347 1723 2382 ut
1743 2344 1803 2383 illi
1823 2343 1964 2384 divisio
1988 2343 2238 2383 Palaemonis
2253 2375 2264 2392 ,
2292 2353 2371 2394 yra

1434 2403 1538 2443 vitas
1549 2405 1753 2455 Gallionis,
1770 2405 2018 2445 abundantia
2025 2404 2233 2457 Delphidii,
2249 2404 2396 2457 Aqroe-

1431 2465 1485 2503 cii
1504 2466 1716 2519 disciplina
1734 2482 1744 2515 ;
1780 2467 1972 2521 fortitudo
2009 2467 2177 2518 Alcimi,
2212 2466 2399 2520 Adelphii

1432 2529 1673 2580 teneritudO,
1698 2531 1810 2582 riqor
1842 2531 2000 2581 Maqni,
2037 2529 2199 2570 dulcedo
2233 2529 2398 2570 Victorii

1430 2602 1506 2628 non
1533 2591 1643 2631 modo
1666 2605 1743 2631 non
1765 2593 1997 2645 superiora,
2019 2592 2090 2632 sed
2110 2591 2186 2631 vioe
2200 2591 2393 2643 aequipa-

1430 2652 1579 2692 rabilia
1602 2654 1831 2694 scribantur
1853 2678 1870 2683 -
1884 2679 1901 2685 -
1915 2678 1931 2683 -
1953 2655 2080 2694 solam
2117 2653 2189 2693 tibi
2221 2659 2393 2692 acrimo—

1429 2716 1537 2754 niam
1561 2717 1805 2767 Quintiliani,
1817 2728 2078 2771 pompamque
2096 2715 2271 2756 Palladii
2286 2727 2389 2755 com-

1424 2780 1575 2829 parari
1594 2792 1670 2819 non
1692 2780 1874 2833 ambiqo,
1894 2780 1965 2820 sed
1980 2779 2115 2832 potius
2137 2778 2361 2832 acquieseO.

1482 2843 1664 2893 Hymnus
1696 2843 1743 2882 de
1774 2843 1965 2883 Passione
1990 2842 2170 2892 Domini,
2197 2841 2387 2881 Venantio

1428 2904 1643 2945 Fortunato
1663 2907 1841 2946 tributus
1864 2907 1913 2945 ab
1931 2906 2043 2954 aliis,
2068 2904 2184 2955 cujus
2204 2904 2358 2942 initium
2377 2917 2384 2941 :

1428 2968 1560 3020 Panqe
1581 2968 1716 3021 linqua
1735 2967 1902 3020 qloriosi
1917 2966 2121 3020 praelium
2145 2964 2384 3005 certaminis.

1479 3147 1512 3187 a)
1536 3149 1704 3188 suspicior
1721 3146 1898 3186 legendum
1922 3144 2057 3177 Sollius
2070 3168 2083 3184 ‚
2107 3146 2140 3175 et
2156 3144 2328 3176 Sidonium
2344 3144 2386 3176 ab

1416 3198 1517 3230 Alano
1545 3198 1708 3238 intelligi,
1734 3198 1827 3236 cujus
1851 3197 2019 3233 integrum
2046 3201 2166 3225 nomen
2196 3195 2231 3226 C.
2256 3194 2389 3226 Sollius

1415 3247 1642 3288 Apollinaris
1679 3246 1861 3280 Sidonius.
1886 3243 2060 3283 implicare
2095 3247 2207 3275 autem
2240 3243 2388 3285 dicitur,

1416 3300 1510 3337 cujus
1543 3297 1698 3329 sensibus
1722 3296 1813 3328 dives
1835 3296 1943 3327 oratio
1965 3294 2060 3333 plura
2084 3295 2262 3334 cogitanda
2286 3296 2387 3328 relin-

1414 3351 1490 3386 quit
1513 3349 1655 3380 Lectori.
