2500 3841
912 237 1296 279 ANTONIUS

172 299 422 347 ANTONIUS
449 305 652 355 Assisicts,
675 305 834 346 Ordinis
863 310 1081 357 Minorum,

105 371 219 410 ⁴circa
242 368 402 409 Annum
429 369 531 409 4466
567 367 684 420 cujus
720 369 1083 422 Anaceplzalaeosin

115 430 335 470 Bibliorum
371 432 585 481 WillotuS,
623 431 898 484 Waddingus,
937 434 1079 484 aliique

115 498 348 533 memorant.

170 549 421 595 ANTONIUS
440 553 752 605 AVERARIL'S,
779 557 863 594 sive
887 555 935 595 de
960 555 1080 597 AVE-

112 617 265 657 RARIA
287 618 605 664 Mediolanensis,
631 618 859 666 Carmelita,
880 620 1085 670 Baptistae¹

112 682 314 720 Mantuani
336 680 580 731 discipulus,
608 682 766 731 scripsit
801 682 1010 720 Sermones
1032 680 1078 720 cle

118 741 361 792 Virtutibus,
392 743 608 794 impressos
640 743 845 781 Mediolani
882 745 984 783 4509
1009 745 1075 794 qui

109 807 150 844 et
173 806 323 845 auctori
345 805 577 844 emortualis
597 806 670 844 fuit
688 805 848 844 Artium
871 805 1074 858 epitomen,

108 865 310 919 Epistolas
332 871 373 906 et
398 866 603 907 Carmina.

123 939 125 941 ’
160 928 411 968 ANTONIUS
424 927 675 968 Beccacellus.
697 930 812 980 infra,
830 931 1072 968 Panormita.

160 991 411 1031 ANTONIUS
434 991 708 1040 BECHARIA,
733 994 817 1031 sive
841 989 1072 1038 BECARIA,

106 1054 367 1103 Veronensis,
390 1053 571 1107 Dionysii
590 1054 672 1093 Afri
695 1059 835 1106 poema
850 1054 898 1092 de
919 1055 998 1092 situ
1013 1064 1074 1090 or-

106 1117 168 1156 bis
188 1118 325 1156 Latine
349 1116 520 1156 reddidit
548 1118 722 1156 oratione
746 1127 873 1167 prosa.
897 1115 1074 1154 Venetiis

107 1178 236 1227 4477,
264 1179 366 1218 4498
405 1179 439 1217 4.
472 1179 630 1218 Parisiis
654 1179 746 1217 4:504
794 1177 877 1223 4³⁰,
901 1181 941 1216 et
968 1176 1073 1226 apud

106 1242 319 1281 Henricum
343 1243 504 1280 Petrum
522 1273 530 1291 ,
545 1241 721 1279 Basileae
739 1239 840 1278 4534
859 1235 937 1276 4.*0.
958 1237 1071 1277 Alius

104 1302 303 1344 Antonius
339 1303 607 1351 Tudertinus,
631 1303 697 1352 qui
723 1301 976 1340 transtulisse
1001 1313 1072 1352 pu-

103 1369 210 1405 tatur
225 1367 349 1405 vitam
365 1364 587 1417 Pelopidae,
604 1364 870 1413 Timoleontis,
886 1363 1070 1414 Agesilai,

101 1427 275 1479 Pompeji
296 1458 304 1477 ,
327 1427 464 1479 Agidis
501 1431 541 1466 et
577 1427 803 1466 Cleomenis
828 1427 866 1464 in
895 1427 1070 1476 antiquis

100 1490 249 1528 Latinis
280 1489 518 1529 editionibus
546 1490 651 1541 apud
681 1488 925 1528 Plutarcum.
951 1489 1068 1538 Infra,

107 1549 353 1590 Tudertinus.

155 1612 177 1636 *
199 1614 280 1653 V-iri
316 1614 435 1660 huius
473 1615 638 1662 summi,
677 1615 745 1664 qui
774 1612 935 1651 vivebat
963 1613 1066 1652 circa

103 1686 166 1714 an.
192 1675 293 1715 4480
331 1676 469 1716 laudes
512 1676 636 1715 obiter
669 1678 826 1726 attingit
844 1675 1067 1715 Matthaeus

103 1739 253 1777 Bossus
274 1739 516 1778 Veronensis
553 1740 593 1776 in
615 1739 741 1789 Epist.
766 1740 815 1779 44
844 1734 1062 1789 primarum

102 1799 311 1851 Epistolar.
338 1805 378 1840 et
401 1802 437 1839 in
462 1802 588 1852 Epist.
614 1802 637 1840 3
662 1800 869 1840 secundar.
897 1800 1061 1850 Epistol.

104 1862 281 1902 scribens
295 1863 399 1914 apud
414 1864 654 1914 Episcopum
677 1863 946 1901 Veronensem
962 1862 1062 1900 obti-

107 1936 201 1964 nere
218 1925 327 1964 illum
343 1936 522 1964 summos
546 1925 714 1963 honores
737 1929 777 1962 et
800 1925 839 1962 in
851 1923 984 1962 schola
998 1924 1063 1962 Vi-

103 1987 244 2025 ctorini
267 1987 484 2025 Feltrensis
506 1987 630 2025 literis
654 1987 815 2025 Graecis
835 1986 1062 2035 Latinisque

102 2050 278 2100 apprime
298 2049 515 2088 excultum.
541 2048 754 2099 Accepisse
767 2059 862 2086 vero
886 2059 928 2086 se
945 2048 998 2086 ait
1012 2059 1058 2085 ex

103 2122 148 2151 eo
172 2111 347 2151 libellum
380 2122 403 2150 a
426 2123 469 2150 sc
503 2112 696 2162 scriptum
733 2121 853 2161 quem
892 2109 1061 2160 epitoma

102 2183 192 2213 esse
214 2177 254 2213 et
278 2172 395 2212 totius
417 2172 581 2212 Echione
597 2171 844 2211 breviarium
858 2173 1060 2222 comperit,

102 2237 166 2275 cui
190 2240 327 2274 tamen
345 2235 521 2275 nondum
539 2247 702 2275 manum
722 2235 902 2274 ultimam
918 2234 1061 2273 author

96 2297 339 2337 admoverat.

154 2361 210 2399 De
245 2359 448 2400 ANTONII
482 2357 624 2409 Becki,
661 2360 942 2400 Dunelmensis
970 2360 1062 2410 Epi—

101 2422 208 2473 scopi
230 2420 305 2461 An.
341 2423 444 2463 4340
480 2422 657 2462 defuncti
680 2423 837 2474 scriptis
867 2422 995 2461 fusius
1019 2423 1058 2459 in

100 2483 227 2533 Opere
260 2483 309 2523 de
332 2485 610 2533 Pontificibus,
635 2486 719 2523 sive
748 2485 954 2535 Episcopis
977 2484 1060 2522 Bri-

102 2546 269 2584 tannicis
291 2545 491 2585 dicturum
516 2558 558 2585 se
581 2548 761 2597 promisit
788 2548 959 2585 Joannes
987 2547 1060 2584 Le-

100 2606 266 2646 landus:
291 2606 361 2646 sed
385 2619 458 2646 nec
482 2610 582 2659 ipse,
613 2620 685 2647 nec
709 2609 851 2647 Baleus
879 2608 982 2647 XIII.
1008 2607 1059 2646 87

100 2679 185 2708 nec.
223 2669 379 2708 Pitseus
411 2680 497 2720 pag.
536 2670 612 2709 825
634 2670 700 2708 vel
735 2681 861 2709 unum
896 2681 943 2708 ex
982 2670 1058 2708 illis

98 2735 420 2771 commemorant.

153 2795 215 2845 (46
246 2795 326 2834 Nec
366 2792 588 2833 Godwinus
611 2794 666 2831 De
695 2792 949 2833 Praesulibus
975 2791 1057 2832 An-

94 2857 194 2910 gliae
222 2857 342 2896 Lond.
374 2856 475 2896 4743
503 2856 525 2894 f.
551 2867 635 2906 pag.
658 2855 773 2904 743.)

149 2919 401 2960 ANTONIUS
417 2928 466 2957 DE
489 2917 706 2957 BITONTO
724 2948 731 2967 ,
746 2918 838 2956 Ord.
869 2919 1050 2958 Fratrum

95 2983 311 3033 Minorum,
348 2982 504 3033 scripsit
533 2981 743 3020 Sermones
777 2982 1050 3020 Dominicales.

95 3047 117 3084 J
119 3044 500 3094 oannesGruninger
508 3043 667 3082 excudit
677 3042 914 3094 Argentinae
925 3042 996 3082 An.
1006 3045 1048 3082 D.

91 3109 204 3149 4495.
220 3105 335 3146 *Ant
358 3105 406 3145 de
420 3105 569 3144 Bitonco
584 3107 699 3145 libclli
721 3117 947 3145 sermonum
965 3107 1052 3158 plu-

95 3181 160 3210 res
195 3168 289 3209 editi
325 3172 431 3209 sunt.
460 3169 585 3207 Penes
617 3181 677 3208 me
703 3169 824 3208 habeo
848 3170 1052 3209 Sermones

96 3230 466 3283 Quadrayesimales
491 3232 703 3282 impressos
718 3233 891 3270 Venetiis
902 3244 970 3282 per
990 3234 1054 3272 Jo-

96 3305 158 3333 an.
174 3295 342 3345 Hertzog
360 3304 421 3332 an.
443 3293 554 3332 4496.
575 3294 781 3332 Sermones
796 3293 1054 3334 Dominicales

85 3367 161 3407 per
181 3367 328 3395 annum
348 3356 529 3407 impressi
559 3367 629 3408 per
658 3358 850 3396 Bonetum
882 3358 1053 3397 Locatel-

2041 241 2118 280 115

1158 312 1239 351 lum
1270 313 1460 364 impensis
1489 313 1631 353 Nicolai
1653 312 1702 352 de
1726 312 1995 353 Francol'ordia
2015 315 2027 353 4
2041 314 2117 353 492

1155 377 1164 425 ζ
1180 375 1201 413 f.
1224 377 1313 427 imp.
1329 377 1483 426 Venet.)
1502 377 1678 427 Denique
1693 376 1970 428 Expositiones
1985 377 2117 416 Evan—

1154 438 1344 483 geliorum
1373 439 1674 478 Dominicalium
1703 439 1830 478 editae
1867 443 1962 478 sunt
1989 440 2115 477 Vene-

1154 500 1218 536 tiis
1234 504 1381 550 sumpt.
1406 501 1569 539 Joannis
1592 500 1639 539 de
1670 500 1943 540 Francofordia
1970 511 2040 551 per
2067 501 2114 539 Jo

1154 561 1321 611 IIertzog
1346 573 1408 600 an.
1436 562 1537 601 4486
1566 563 1602 599 in
1629 563 1652 600 8
1674 563 1822 601 maiori.

1207 624 1227 646 ’κ
1250 623 1500 662 ANTONIUS
1526 624 1766 675 BrOJ'anicus
1794 636 1865 666 seu
1893 637 1915 665 c
1943 627 2114 676 Brogno-

1152 685 1255 736 lingo
1278 686 1516 724 Veronensis
1536 686 1692 724 Domitii
1712 688 1906 726 Caldcrini
1924 691 1962 727 in
1983 700 2113 728 amoe-

1152 748 1326 787 nioribus
1363 748 1487 786 literis
1523 753 1777 799 praeceptor,
1813 752 1927 790 cuius
1964 753 2002 789 in
2031 753 2109 791 MS.

1150 809 1293 848 Codice
1321 810 1538 848 Veronensi
1574 811 1765 860 opuscula
1800 813 1994 862 quaedam
2030 826 2113 852 me-

1147 871 1245 909 trica
1268 871 1416 909 servari
1442 872 1584 909 asserit
1607 872 1665 910 Cl.
1686 873 1860 912 Maiscius
1889 875 2028 913 Veron.
2062 877 2111 914 ll-

1149 932 1260 971 lustr.
1286 932 1349 971 lib.
1372 934 1394 972 3
1418 945 1503 984 pag.
1529 934 1605 973 ⁶232
1628 934 1719 972 edit.
1746 935 1783 972 in
1801 935 1835 973 8.
1856 937 1978 974 Extat
2008 939 2110 976 inter

1145 998 1301 1033 caetera
1320 995 1443 1045 elegia
1466 995 1515 1034 ad
1539 997 1789 1036 Franciscum
1809 998 2019 1037 Patricium
2041 1001 2111 1038 Se-

1147 1067 1312 1095 nensem
1341 1057 1390 1096 ad
1424 1058 1548 1097 bonas
1571 1059 1704 1097 literas
1727 1059 1925 1098 docendas
1954 1061 2108 1110 publice.

1145 1119 1340 1158 Veronam
1365 1120 1618 1160 conductum.
1644 1122 1892 1172 Opusculum
1922 1128 1985 1161 est
2013 1124 2111 1161 alte-

1146 1192 1235 1219 rum
1265 1183 1494 1221 metricum:
1533 1184 1589 1222 De
1618 1183 1768 1234 oriyine
1805 1184 2110 1235 florentissimae

1145 1241 1260 1282 urln's
1275 1247 1502 1283 venetorum
1510 1259 1521 1293 ,·
1536 1246 1641 1296 quod
1660 1247 1792 1285 itidem
1812 1249 1849 1285 in
1869 1248 2110 1288 Bibliotheca

1143 1306 1294 1356 collegii
1319 1308 1395 1353 mei¹
1420 1309 1610 1347 Lucensis
1631 1314 1827 1359 servatur,
1849 1311 1918 1349 sed
1939 1312 2107 1350 alteram

1144 1367 1259 1418 plane
1268 1369 1482 1419 praefixam
1497 1371 1628 1408 ferens
1639 1373 1986 1423 epistolam,quam
2003 1385 2107 1423 quac

1144 1430 1182 1467 in
1200 1431 1415 1469 Veronensi
1433 1432 1576 1471 Codice
1594 1433 1747 1484 legitur.
1775 1435 1816 1472 In
1838 1435 1901 1473 illo
1922 1436 2027 1473 enim
2049 1436 2107 1474 di—

1143 1496 1231 1531 cata
1252 1497 1314 1531 est
1330 1494 1532 1532 Dominieo
1549 1495 1737 1546 Georgio,
1756 1497 1889 1548 incipit
1914 1498 2103 1548 epistola:

1196 1564 1392 1603 Dominice‚
1417 1573 1484 1605 quo
1507 1563 1610 1605 fulget
1632 1567 1732 1607 stirps
1759 1566 1825 1598 alta
1849 1569 1987 1608 Georgia
2007 1574 2099 1602 nato.

1195 1624 1239 1661 In
1285 1629 1417 1663 nostro
1447 1629 1508 1663 est
1541 1626 1718 1677 Epistola
1759 1625 1814 1664 acl
1853 1628 2101 1667 Serenissim.

1140 1697 1188 1724 ac
1233 1685 1523 1735 Chre‘ste'am'ss,
1562 1687 1787 1740 principem
1829 1691 1938 1728 Dom.
1988 1690 2105 1730 Chri·-

1138 1747 1367 1799 stophorum
1396 1750 1610 1799 Maurum,
1641 1753 1801 1803 incipit:

1191 1820 1296 1856 Quem
1319 1818 1381 1849 sibi
1407 1827 1466 1858 pro
1490 1821 1619 1851 meritis
1642 1821 1918 1856 excellentissime
1936 1826 2103 1866 princeps,

1188 1867 1356 1900 Florentes
1383 1870 1498 1900 veneti
1521 1871 1724 1903 constituere
1750 1877 1861 1912 eaput.

1188 1936 1277 1987 Ipse
1290 1939 1352 1973 est
1367 1935 1491 1974 codex
1508 1948 1628 1987 quem
1648 1938 1791 1978 author
1809 1942 1918 1979 misit
1937 1943 2100 1980 Hermo-

1136 1997 1196 2036 lao
1224 1998 1418 2045 Barbaro,
1456 2003 1501 2037 ut
1530 2001 1569 2038 in
1599 2000 1856 2042 adnotatione
1900 2005 1936 2042 in
1973 2005 2099 2055 prima

1135 2060 1287 2110 pagella
1311 2060 1509 2112 adscripta
1537 2061 1695 2109 legitur.

1188 2121 1440 2162 ANTONIUS
1463 2133 1512 2161 DE
1538 2125 1735 2165 BURGES
1753 2156 1761 2171 ,
1779 2128 1890 2178 sive,
1915 2137 1964 2165 nr.
1986 2129 2101 2167 BUR-

1134 2183 1246 2233 GOS,
1271 2184 1396 2223 JCtus
1433 2186 1657 2237 Hispanus,
1684 2189 1842 2239 scripsit
1871 2200 1992 2240 super
2027 2191 2101 2228 De-

1128 2246 1335 2285 cretalium
1364 2249 1554 2286 tertium:
1580 2249 1636 2287 Dc
1666 2251 1866 2301 emptione
1896 2255 1935 2290 et
1963 2252 2102 2291 vendi-

1133 2309 1239 2348 tione
1263 2308 1431 2358 librum,
1456 2311 1596 2362 Papiae
1626 2311 1721 2351 4474
1747 2342 1755 2360 ,
1779 2314 1894 2353 4544.
1925 2314 2102 2353 Venetiis

1135 2370 1237 2410 ⁴575
1256 2372 1277 2410 4
1293 2372 1368 2411 alia
1381 2372 1472 2411 vide
1482 2373 1584 2424 apud
1596 2373 1901 2414 Hendreichium
1912 2376 2098 2426 pag.798.

1185 2433 1435 2474 ANTONIUS
1458 2445 1507 2473 DE
1524 2436 1706 2474 BUTRIO
1724 2467 1731 2486 ,
1750 2438 2008 2476 Bononiensis
2023 2439 2097 2477 JC-

1132 2501 1223 2545 tus,
1248 2497 1379 2536 docuit
1406 2498 1442 2534 in
1462 2499 1612 2549 patria,
1634 2498 1724 2536 hinc
1748 2500 1945 2538 Ferrariae
1968 2511 2012 2538 ac
2032 2500 2100 2539 de-

1133 2558 1223 2597 inde
1251 2560 1291 2597 in
1319 2561 1444 2610 patria
1473 2561 1643 2607 iterum,
1669 2561 1734 2599 ubi
1764 2562 1883 2599 etiam
1914 2562 2096 2612 sepultus

1131 2624 1193 2659 est
1216 2618 1289 2658 An.
1322 2621 1423 2659 4408
1452 2626 1496 2659 ut
1525 2625 1681 2671 praeter
1709 2622 1943 2660 Fichardum
1974 2623 2093 2662 tradit

1132 2681 1372 2720 Pancirollus
1390 2712 1397 2729 ,
1418 2683 1485 2731 qui
1514 2682 1757 2732 epitaphium
1782 2681 1869 2732 ejus
1889 2684 2008 2722 refert
2028 2685 2091 2724 lib.

1133 2744 1154 2781 3
1179 2754 1261 2794 cap.
1279 2743 1330 2781 27
1350 2743 1397 2781 de
1421 2743 1538 2781 claris
1560 2744 1667 2781 Juris
1688 2745 1980 2795 interpret-ibus.
2002 2747 2095 2785 Edi-

1130 2804 1185 2842 dit
1202 2806 1239 2842 in
1256 2803 1344 2854 jure
1361 2816 1480 2855 super
1500 2805 1769 2844 Decretalibus
1789 2806 1906 2846 libros
1918 2810 1958 2855 V,
1973 2821 2093 2861 super

1128 2867 1387 2906 Clementinis
1411 2867 1473 2904 lib.
1501 2869 1533 2906 4.
1551 2868 1820 2917 Repertorium
1837 2871 1943 2908 Juris
1966 2872 2093 2910 civilis

1127 2928 1189 2966 lib.
1210 2928 1361 2979 4.0pus
1372 2929 1648 2977 Consiliorum,
1664 2941 1685 2964 e
1700 2931 2091 2983 quibusCCCCXIX‚

1125 2990 1227 3039 quod
1245 2996 1306 3029 est
1322 2991 1370 3028 de
1387 2990 1602 3030 schismate
1619 2992 1808 3039 tollendo,
1825 2998 1955 3032 exstat
1971 2997 2091 3035 etiam

1123 3052 1225 3103 apud
1242 3053 1432 3091 Bzovium
1453 3053 1500 3091 ad
1518 3052 1562 3092 A.
1587 3054 1687 3093 4407
1712 3066 1798 3105 pag.
1822 3056 2011 3095 2684270.
2035 3059 2090 3097 De

1129 3115 1391 3165 emptionibus
1427 3118 1467 3153 et
1502 3115 1809 3166 venditionibuS,
1844 3119 1898 3156 De
1935 3120 2090 3160 Notario

1127 3176 1190 3214 lib.
1218 3178 1251 3215 4.
1277 3175 1402 3225 llujus
1430 3188 1547 3228 opera
1573 3179 1764 3229 impressa
1799 3185 1893 3219 sunt
1917 3182 2091 3223 Venetiis

1128 3240 1172 3276 A.
1198 3239 1240 3276 l).
1270 3238 1380 3277 11:532.

1182 3299 1201 3321 ³*
1226 3301 1443 3340 Consilium
1467 3302 1552 3340 eius
1576 3302 1747 3343 alterum
1771 3305 1820 3344 ab
1837 3305 1940 3345 edito
1956 3308 2004 3347 ad
2021 3311 2091 3349 Pa-

1130 3366 1210 3400 tres
1227 3363 1376 3402 concilii
1394 3365 1522 3403 Pisani
1539 3364 1751 3417 directum,
1771 3368 1917 3408 factum
1935 3370 2087 3411 illorum
