2500 3841
852 216 1288 256 ‹JYPRIANUS

70 291 214 330 sentire
240 288 443 340 complecti
470 292 507 334 et
528 288 726 340 supplere.
762 290 859 342 Opto
887 301 956 329 vos
990 289 1031 328 in.

70 351 276 392 DOMINO
297 361 454 403 sempre
473 350 621 390 valere.

127 414 301 454 Carmen
314 412 362 452 de
382 413 702 464 Resurrectione,
719 414 823 465 quod
849 416 924 454 sub
954 415 1031 465 Cy-

71 475 198 526 priani
209 475 370 514 nomine
387 476 425 513 in
443 474 588 514 Codice
607 475 838 526 Corbejcnsi
853 476 1034 516 Edmun-

73 537 151 577 dus
186 539 363 577 Martene
402 539 572 588 repetit,
610 538 755 589 legitur
794 538 955 588 quidem
995 539 1033 575 in

68 599 303 639 Tertulliani
318 600 561 650 quibusdam
577 599 830 650 editionibus,
848 599 918 638 sed
931 599 1034 638 malo

73 672 182 701 more
208 662 490 713 interpolatum
511 691 520 709 ,
544 674 595 701 ex
617 663 726 701 MSto
750 667 887 701 autem
906 663 1036 701 since-

72 735 163 763 rum
187 724 226 762 in
265 723 414 764 laudati
451 725 628 764 Martene
666 736 770 764 nova
801 725 1034 764 collectione

71 790 426 826 monumentorum
452 791 665 837 veterum,
690 788 730 825 in
769 787 906 826 limine
936 791 1032 825 tom.

71 847 129 887 IX
150 877 160 897 ,
188 849 347 888 Parisis.
371 849 502 898 4733,
528 849 592 888 fol.

125 910 327 962 Cypriano
351 911 672 964 Carthaginiensi
695 913 816 951 liceat
840 911 938 951 alios
968 922 1035 950 su-

71 970 266 1024 bjungere
300 974 522 1025 Cyprianos
564 974 703 1013 decem
728 975 793 1014 vel
817 973 1005 1013 undecim
1026 1003 1034 1022 ,

73 1045 245 1085 quorum
268 1037 424 1087 primus
449 1036 737 1077 CYPRIANUS
770 1034 1036 1075 Antiochenus

72 1097 148 1136 sub
171 1098 415 1137 Diocletiano
439 1109 584 1148 passus
607 1098 874 1138 Nicomediae.
908 1098 1035 1147 Cujus

75 1156 277 1211 Confessio
302 1171 352 1198 ex
375 1162 504 1199 veteri
540 1162 727 1200 versione
766 1161 904 1200 Latina
942 1170 1035 1198 cum

73 1220 242 1260 eruditis
266 1223 370 1259 notis
394 1226 528 1261 exstat
552 1222 602 1261 ad
624 1223 775 1262 calcem
793 1223 979 1262 editionis
996 1221 1035 1260 S.

74 1283 261 1334 Cypriani
285 1287 448 1322 curatae
473 1295 495 1322 a
518 1285 700 1324 Johanne
724 1285 857 1333 Fello,
887 1284 1037 1323 Oxoni-

74 1346 161 1384 ensi
184 1345 380 1396 Episcopo
399 1359 407 1384 :
428 1345 578 1386 Graece
604 1358 699 1386 vero
716 1359 767 1386 ex
786 1347 931 1386 Codice
947 1346 1038 1386 Col-

74 1407 229 1446 bertino
266 1408 433 1447 Comitis
461 1408 510 1447 de
549 1409 763 1460 Seignelay
800 1420 893 1449 cum
932 1419 1036 1446 nova

73 1469 279 1508 Prudentii
315 1471 490 1519 Marani,
520 1471 792 1520 Benedictini,
823 1471 1036 1517 versione,

74 1532 114 1569 in
139 1531 315 1571 editione
336 1533 552 1571 Baluziana
576 1545 613 1584 p.
649 1531 1036 1573 CCLXXVI-CCCX

74 1593 173 1632 Vide
189 1594 310 1633 etiam
327 1593 377 1633 de
394 1606 440 1633 eo
454 1596 755 1634 Nazianzenum
774 1596 883 1635 Orat.
895 1593 1036 1633 XVIII.

73 1655 293 1695 Eudociam
322 1645 427 1708 apud
450 1656 633 1696 Photium
658 1656 751 1697 Cod.
785 1658 874 1697 484.
890 1657 1042 1696 Simeo-

75 1729 169 1757 nem
205 1719 499 1770 Metaphrasten
535 1723 576 1758 et
605 1721 901 1771 Lipomannum
942 1722 1039 1756 torn.

76 1779 127 1818 VI
147 1809 156 1828 ,
180 1780 204 1819 2
228 1780 388 1819 Octobr.
415 1781 577 1820 Surium
602 1782 653 1821 26
678 1782 907 1832 Septembr.
938 1780 1041 1818 Goa-

77 1854 165 1881 rum
182 1842 233 1882 ad
250 1843 539 1894 Euchologium
555 1855 643 1895 pag.
668 1843 759 1882 749.
785 1843 1041 1883 Marbodeum

75 1903 384 1943 Rhedonensem
407 1916 445 1956 p.
483 1906 599 1944 4543.
629 1906 820 1957 Operum.
857 1905 1040 1944 Edmun-

77 1965 172 2005 dum
210 1967 388 2005 Martene
422 1970 517 2005 tom.
556 1967 621 2006 III.
665 1967 906 2006 Anecdotor.
949 1978 1035 2017 pag.

84 2029 184 2067 4622
202 2059 211 2077 ,
237 2040 326 2079 sqq.

134 2089 418 2130 CYPRIANUS
457 2091 628 2130 Benetus
658 2103 733 2131 seu
768 2090 1004 2130 Benedictus
1023 2121 1034 2138 ,

79 2151 327 2204 Aragonius,
367 2153 528 2192 OrdInis
577 2154 897 2194 Praedicatorum
918 2185 927 2204 ,
971 2154 1038 2204 qui

80 2213 211 2254 adhuc
235 2215 335 2254 vixit
357 2214 433 2254 An.
460 2217 575 2256 4529.
600 2218 656 2255 De
684 2215 773 2267 ejus
794 2217 954 2267 scriptis
975 2227 1039 2256 ac-

78 2280 216 2316 curate
233 2277 714 2335 JacobusEchardustom
739 2280 787 2329 II,
803 2279 852 2318 de
874 2280 1040 2329 scripto-

77 2338 189 2378 ribus
203 2340 473 2379 Dominicanis
487 2351 575 2391 pag.
592 2341 654 2390 49,
670 2352 730 2392 sq.
745 2345 786 2380 et
794 2352 881 2392 pag.
899 2340 1036 2379 824.1).

79 2401 164 2439 Non
193 2401 330 2440 dubito
367 2402 446 2441 falli
485 2402 703 2442 Simlerum
728 2403 934 2453 aliosque,
970 2403 1039 2452 qui

83 2464 270 2502 Venetum
291 2464 493 2515 appellant
515 2476 586 2516 pro
609 2465 765 2504 Beneto.
789 2466 890 2504 Nam
915 2466 1040 2503 Bene—

78 2525 232 2564 dictum
269 2525 502 2564 Valentinae
539 2529 672 2577 gentis
706 2526 876 2566 dialecto
911 2526 1039 2564 solere

81 2587 211 2626 efferri
238 2588 392 2634 Benet,
431 2588 587 2626 notavit
621 2589 807 2628 Nicolaus
842 2587 1042 2626 Antonius

0 2643 1 2647 ’
83 2650 177 2684 tom.
230 2646 276 2683 ΙΙ.
327 2645 594 2685 Bibliothecae
641 2648 792 2686 veteris
835 2648 1044 2697 Hispanae

83 2718 172 2760 pag.
197 2707 289 2747 262.

139 2767 423 2809 CYPRIANUS
464 2767 694 2807 Brioeiensis
736 2769 784 2807 de
829 2780 907 2819 quo
945 2768 1043 2807 Acta

85 2832 323 2872 Sanctorum
348 2835 443 2870 tom.
470 2831 516 2869 II.
543 2831 665 2881 April.
693 2831 736 2870 24
769 2842 857 2882 pag.
881 2831 971 2870 849.

138 2893 424 2934 CYPRIANUS
442 2891 756 2944 Burdeyalensis
773 2892 1047 2944 Archiepisco-

91 2967 166 3009 pus
189 2987 198 3008 ,
226 2957 294 3007 qui
317 2956 491 2996 Concilio
514 2954 735 3006 Agathensi
762 2955 943 2995 interfuit
970 2955 1045 2995 An.

88 3019 179 3059 506.
202 3019 454 3070 praefuitque
492 3016 771 3056 Aurelianensi
795 3016 868 3055 Au.
896 3018 966 3056 544
1002 3022 1047 3056 ut

88 3085 271 3122 not-atum
321 3079 641 3121 Sammarthanis
692 3083 787 3118 tom.
833 3080 860 3117 1.
899 3079 1047 3117 Galliae

90 3140 342 3184 Christianae
364 3154 453 3194 pag.
482 3143 570 3181 499.

140 3204 428 3245 CYPRIANUS
454 3202 641 3244 Caesarii·
664 3202 912 3242 Arelatensis
931 3202 1048 3242 disci-

93 3268 215 3319 pulus
227 3272 269 3306 et
283 3268 390 3307 vitae
407 3265 495 3316 ejus
524 3267 704 3317 scriptor.
726 3266 854 3316 Infra,
881 3262 1048 3317 Cypria-

91 3340 168 3369 ·ius
195 3327 428 3368 Tolonensis.

1989 224 2060 263 lill

1157 290 1441 329 CYPRIANL'S
1467 291 1694 341 Presbyter,
1719 292 1937 331 Monachus
1970 294 2069 333 Cas-

1104 351 1275 392 sz'nensis
1298 354 1400 392 circa
1439 352 1602 392 Annum
1640 351 1717 392 760
1757 358 1895 393 auctor
1935 354 2068 407 hymni

1107 413 1154 452 de
1178 413 1388 454 miraculis
1421 416 1461 456 S.
1494 414 1718 463 Benedicti,
1739 415 1858 467 cujus
1882 418 2039 458 initium
2059 433 2066 457 t

1106 475 1239 515 Aureo
1263 476 1359 516 solis
1397 477 1513 516 radio
1536 478 1738 528 perennis.
1769 479 1867 518 Vide
1904 481 2067 521 Petrum

1105 539 1324 578 Diaconum
1349 551 1433 590 cap.
1457 539 1481 578 7
1510 540 1558 579 dc
1589 541 1687 578 viris
1725 541 1947 581 illustribus
1976 541 2070 582 Cas-

1107 601 1349 640 sinensibus.

1161 661 1449 701 CYPRIANUS
1495 661 1764 701 Cordubensis
1803 665 1842 702 in
1880 666 2066 716 Hispania

1108 722 1443 774 Archipresbyter
1471 725 1574 762 circa
1605 725 1769 764 Annum
1801 727 1955 766 CHristi
1993 729 2070 766 900

1108 784 1156 823 de
1180 783 1298 834 cujus
1321 786 1677 837 epigrammatibus
1699 788 1768 830 IX,
1792 791 1990 838 genuinis,
2015 791 2069 829 lo-

1108 848 1264 896 ctisque
1288 847 1337 885 ab
1361 847 1572 886 Ambrosio
1594 849 1762 887 Morales
1786 855 1826 887 et
1841 852 1954 889 Mich.
1979 853 2071 890 Rui-

1110 909 1182 945 zio:
1205 911 1246 946 et
1269 908 1318 946 de
1341 909 1429 947 aliis
1452 910 1561 955 XXI,
1587 912 1852 960 supposititiis
1872 913 2072 952 videndus

1110 970 1294 1009 Nicolaus
1317 970 1520 1010 Antonius
1540 972 1605 1010 lib.
1631 973 1694 1011 VI.
1720 973 1984 1012 BIbliothecae
2006 987 2075 1012 ve-

1111 1032 1208 1070 teris
1232 1033 1429 1083 Hispanae
1452 1044 1536 1084 cap.
1561 1033 1597 1072 7.
1632 1034 1833 1085 Cypriano
1857 1035 1949 1074 huic
1974 1037 2075 1074 mul-

1112 1098 1199 1133 tum
1245 1095 1428 1134 tribuunt
1466 1097 1707 1135 Laurentius
1742 1098 1990 1137 Ramiresius
2026 1099 2074 1137 de

1113 1156 1237 1196 Prado
1261 1157 1310 1196 ad
1335 1158 1626 1208 Luitprandum
1648 1171 1684 1210 p.
1712 1160 1800 1198 432.
1824 1161 1869 1198 Jo
1886 1160 2075 1211 Tamajus·

1113 1219 1152 1256 in
1178 1220 1460 1270 martyrologio
1484 1221 1593 1271 Hisp.
1619 1221 1777 1271 aliique.

1166 1281 1452 1321 CYPRIANUS
1471 1281 1628 1332 Abbas,
1653 1288 1917 1334 cognomento
1941 1284 2071 1323 Cucu-

1112 1341 1198 1392 lus,
1230 1343 1279 1382 de
1317 1356 1395 1394 quo
1438 1345 1623 1384 Moschus
1657 1347 1695 1384 in
1730 1350 1843 1397 prato
1882 1347 2072 1397 spiriatali

1112 1416 1197 1456 cap,
1233 1406 1322 1445 432.

1166 1468 1619 1522 CYPRIANL'SMm-tyr
1635 1470 1867 1510 CorInthius
1881 1472 1984 1510 circa
1998 1470 2079 1510 An-

1114 1541 1212 1568 num
1238 1531 1396 1570 CHristi
1419 1533 1498 1572 258
1521 1532 1639 1582 cujus
1655 1538 1694 1571 et
1711 1533 1870 1572 Codrati
1891 1533 2080 1581 (Quadra-

1115 1592 1157 1639 ti>
1173 1593 1351 1643 Dionysii
1369 1594 1621 1645 aliorumque
1636 1594 1735 1633 Acta
1757 1594 1898 1633 Latino
1916 1607 1966 1634 ex
1990 1607 2081 1634 ver-

1116 1655 1226 1693 sione
1235 1656 1341 1694 Petri
1358 1657 1558 1695 Francisoi
1569 1657 1650 1695 Zini
1662 1656 1765 1708 apud
1775 1658 2078 1707 Lipomannum,

1115 1721 1156 1755 et
1184 1717 1244 1755 40.
1269 1719 1400 1756 Martii
1423 1719 1530 1769 apud
1552 1719 1715 1758 Surium
1735 1723 1776 1757 et
1791 1720 1829 1756 in
1848 1718 1960 1757 Actis
1983 1719 2080 1757 San-

1114 1783 1272 1818 ctorum
1300 1781 1429 1818 Martii
1454 1784 1549 1818 tom.
1577 1779 1755 1819 secundo
1779 1792 1864 1831 pag.
1894 1781 1930 1819 5.

1171 1841 1456 1881 CYPRIANUS
1477 1842 1731 1893 Petraqorici
1752 1842 1900 1891 Abbas,
1930 1842 1978 1880 de
2004 1854 2081 1892 quo

1113 1902 1327 1954 Gregorius
1336 1905 1581 1943 Turonensis
1598 1904 1646 1943 de
1662 1905 1784 1955 gloria
1795 1904 2080 1943 Confessorum

1114 1976 1198 2016 cap.
1227 1965 1315 2005 400:

1166 2026 1451 2067 CYPRIANUS
1475 2027 1699 2067 Tolonensis
1725 2028 1899 2078 (Toulon)
1926 2029 1964 2066 in
1986 2028 2076 2067 Gal-

1112 2089 1163 2127 lia
1184 2089 1433 2140 Episcopus,
1459 2092 1527 2140 qui
1553 2091 1726 2130 Concilio
1751 2088 1977 2128 Arelatensi
1998 2088 2073 2128 An.

1113 2152 1182 2190 544
1214 2152 1381 2190 interfut
1402 2181 1410 2201 ,
1435 2151 1560 2190 vitam
1584 2153 1757 2202 Magistri
1797 2152 1859 2190 sui
1891 2151 2081 2190 Caesarii

1111 2212 1362 2253 Arelatensis
1387 2216 1549 2265 scripsit
1583 2226 1676 2253 cum
1701 2213 1956 2252 MESSIANO
1985 2214 2077 2252 Pre-

1113 2276 1277 2325 sbytero
1295 2280 1336 2314 et
1353 2275 1617 2315 STEPHANO
1628 2276 1798 2314 Diacono
1812 2279 1905 2313 ante
1916 2274 2081 2313 Annum

1112 2338 1270 2377 CHristi
1297 2338 1373 2378 549
1401 2336 1516 2377 libris
1539 2336 1707 2377 duobus.
1725 2338 1872 2376 Exstat
1886 2336 1991 2387 apud
2009 2337 2085 2375 Su-

1113 2400 1217 2438 rium
1243 2398 1293 2439 27
1313 2399 1485 2451 August.
1511 2403 1552 2438 et
1577 2400 1770 2451 integrior
1785 2398 1890 2450 apud
1911 2398 2085 2436 Vincen-

1113 2462 1212 2499 tium
1238 2462 1430 2500 Barralim
1449 2463 1487 2499 in
1505 2462 1656 2500 sanctis
1673 2464 1713 2499 et
1729 2460 1953 2498 illustribus
1977 2460 2085 2497 Leri-

1116 2522 1309 2562 nensibus
1323 2536 1331 2560 :
1347 2527 1387 2561 et
1401 2523 1505 2574 apud
1516 2523 1785 2562 Mabillonium
1796 2522 1824 2559 1.
1843 2521 2083 2559 Sanctorum

1117 2583 1278 2622 Ordinis
1298 2584 1545 2622 Benedictini
1571 2596 1660 2635 pag.
1685 2584 1775 2622 658.
1801 2584 1857 2621 De
1897 2582 2082 2621 CaesarIo

1119 2645 1193 2683 hoc
1217 2656 1337 2696 supra
1362 2657 1449 2697 pag.
1475 2645 1566 2684 875.
1589 2645 1801 2685 Caesarius
1819 2643 1882 2681 hic
1897 2643 1993 2680 obiit
2006 2642 2082 2681 An.

1119 2707 1195 2746 542
1220 2717 1297 2745 non
1339 2708 1415 2746 554
1451 2711 1495 2746 ut
1523 2717 1720 2746 excusum
1753 2705 1860 2756 apud
1895 2705 2082 2743 Vossinm

1118 2779 1207 2818 pag.
1239 2769 1330 2807 243.

1172 2830 1193 2851 *
1223 2831 1279 2869 De
1303 2832 1385 2869 vita
1410 2831 1449 2869 S.
1473 2831 1646 2870 Caesarii
1681 2828 1927 2868 Arelatensis
1959 2838 1981 2866 a
2005 2827 2086 2876 Cy-

1120 2894 1256 2943 priano
1279 2893 1352 2932 hoc
1377 2894 1525 2944 scripta
1549 2892 1778 2942 diligentius
1801 2888 2083 2928 disserendum

1122 2955 1386 3006 essejudic03
1407 2956 1538 3006 operis
1555 2956 1661 2993 enim
1692 2953 1811 2992 huius
1832 2951 1976 2990 librum
1996 2954 2083 2988 tan-

1122 3018 1328 3057 tummodo
1351 3018 1522 3069 priorem
1549 3017 1708 3067 scripsit
1733 3014 1959 3065 Cyprianus
1983 3013 2078 3057 iste,

1124 3090 1196 3119 nec
1222 3081 1305 3130 ipse
1321 3090 1391 3130 per
1415 3090 1458 3119 se
1483 3079 1619 3126 solus,
1646 3076 1716 3116 sed
1741 3087 1858 3127 opere
1883 3085 1976 3113 cum
2000 3074 2083 3112 Fir-

1123 3142 1229 3179 mino
1251 3144 1291 3179 et
1314 3141 1498 3179 Viventio
1519 3141 1714 3190 Episcopo
1738 3139 1961 3176 coniuncto.
1979 3136 2080 3176 Eius

1123 3203 1267 3242 librum
1285 3202 1507 3242 secundum
1525 3200 1984 3241 adieceruntMessianus
1994 3199 2085 3236 Pre-

1123 3266 1260 3315 sbyter
1274 3269 1315 3303 et
1331 3265 1559 3315 Stephanus
1574 3264 1775 3302 Diaconus
1795 3291 1801 3308 ‚
1823 3265 1868 3300 ut
1903 3271 1954 3299 ex
1996 3271 2081 3310 cap.

1125 3328 1138 3365 4
1164 3357 1170 3375 ,
1196 3326 1377 3365 eiusdem
1406 3327 1493 3365 libri
1518 3327 1572 3374 II,
1599 3324 1802 3363 discimus.
1829 3323 1961 3363 Vitam
1979 3323 2083 3362 hanc
