2500 3841
966 232 1196 273 FELIX

107 306 177 345 lib.
199 306 234 345 5.
256 316 340 356 cap.
363 306 377 343 4
411 304 715 353 institutionum,
741 308 780 343 et
809 308 898 355 post
920 305 1052 344 Hiero-

107 380 275 419 nymum
299 366 479 418 pluribus
500 367 596 405 locis
622 366 870 415 Eucherius,
902 368 969 417 qui
994 367 1051 405 in-

105 434 167 469 ter
184 429 425 468 clarissimos
443 428 623 467 facundia
654 429 785 479 refert,
800 429 977 480 Epistola
999 428 1048 467 de

102 495 307 531 contemtu
329 489 463 529 Mundi
481 494 520 529 et
540 491 754 529 saecularis
778 491 1048 542 Philosophiae

103 553 151 593 ad
181 553 434 592 Valerianum
466 556 677 603 cognatum
721 564 851 592 suum.
890 553 1046 592 Minucii

102 615 280 666 dialogus
309 617 349 653 in
379 617 517 666 primis
553 615 792 655 editionibus
835 616 935 654 male
976 625 1046 665 pro

103 682 243 717 octavo
271 678 502 717 venditatur
529 678 689 717 Arnobii
720 678 815 716 libro
838 691 844 716 :
880 678 1047 716 Minucio

103 741 253 779 auctori
281 751 373 779 eum
404 741 665 779 restituerunt
693 741 928 779 Franciscus
961 739 1048 777 Bal-

102 801 251 842 duinus
273 807 314 841 et
338 802 441 854 apud
467 802 583 841 Hadr.
606 803 769 841 Junium
800 802 896 840 libro
921 803 943 841 3
967 801 1049 840 ani-

100 863 405 904 madversorum
431 875 514 915 cap.
541 866 575 904 4.
593 863 790 903 Antonius
809 864 1046 903 MorillonuS.

101 925 293 976 Analysin
332 931 657 976 argumentorum
695 927 852 965 Minucii
891 930 1049 977 praeter

99 986 370 1027 Abrahamum
395 976 619 1027 Scultetum
645 989 682 1026 in
708 989 867 1028 Patrum
899 987 1050 1027 medul-

100 1049 137 1088 la
160 1053 255 1088 tom.
296 1050 327 1088 4.
353 1061 441 1101 pag.
484 1051 586 1099 388,
609 1062 691 1101 seq.
718 1054 758 1090 et
781 1051 982 1090 Nicolaum
1013 1051 1048 1089 le

97 1111 253 1162 Nourry
276 1113 310 1160 a)
342 1117 438 1151 tom.
461 1113 485 1152 2
509 1118 723 1164 apparatus
761 1114 809 1152 ad
848 1113 942 1152 Bibl.
979 1114 1049 1151 Pa-

103 1177 211 1212 trum
231 1173 394 1212 exhibet
417 1176 457 1213 B.
476 1176 519 1213 D.
538 1175 791 1214 Christianus
804 1175 1049 1224 Kortholtus,

98 1237 138 1275 in
167 1236 332 1275 diatriba
361 1248 436 1287 qua
468 1238 507 1276 in
549 1237 685 1277 theses
722 1243 762 1277 et
791 1237 1050 1289 Aphorismos

105 1298 325 1338 resolutum
343 1299 556 1338 Minucium
566 1300 739 1350 exhibet,
755 1301 881 1340 Kilon.
895 1303 908 1340 4
921 1301 996 1339 685
1014 1301 1047 1338 4.

155 1362 314 1400 Minucii
338 1361 479 1400 Felicis
508 1366 547 1401 et
570 1363 714 1401 Nicolai
739 1363 951 1402 Contareni
967 1362 1051 1413 phi-

106 1423 379 1474 losophemata
407 1423 455 1462 de
494 1424 601 1472 fato,
635 1425 783 1463 notulis
810 1418 1049 1475 quibusdam

103 1486 312 1536 illustrata,
338 1486 376 1524 in
401 1487 504 1525 Justi
529 1487 679 1525 Sinceri
699 1487 873 1538 parergis
893 1487 928 1536 b)
954 1486 1051 1525 Ger—

101 1548 254 1587 manice
269 1547 386 1587 editis
396 1544 654 1589 Wismariael
665 1547 755 1598 724,
766 1550 802 1587 8.
814 1550 1053 1600 part.prima.

307 1681 314 1685 .
358 1644 563 1684 Editiones
592 1646 797 1686 MINUCII.

153 1733 344 1784 Princeps
359 1732 478 1772 editio
498 1737 561 1771 est
575 1734 750 1773 Romana
765 1745 855 1773 cum
879 1734 1049 1773 Arnobio

104 1796 231 1844 4542,
256 1795 320 1834 fol.
350 1806 371 1833 a
409 1795 557 1834 Fausto
598 1794 751 1836 Sabaeo
786 1798 970 1835 Brixiano
999 1797 1047 1836 ad

102 1858 280 1898 Vaticani
296 1857 460 1897 >Codicis
480 1857 596 1896 fidem
623 1859 737 1909 facta,
761 1870 880 1909 quem
898 1859 977 1897 Leo
998 1861 1048 1898 X.

101 1920 308 1959 Francisco
349 1920 378 1958 I.
418 1921 512 1971 Regi
551 1920 698 1959 Galliae
735 1921 836 1959 dono
873 1921 1048 1960 dederat.

101 1981 199 2020 Inde
241 1985 402 2021 secutae
440 1983 690 2021 Basileenses
732 1995 780 2022 ex
805 1983 1052 2035 Sz'yz'smundi

105 2041 257 2082 Gelenii
282 2045 512 2082 recensione
537 2045 639 2084 4546
669 2049 709 2083 et
739 2046 853 2084 4560.

153 2105 499 2156 Heidelbergensis
539 2106 669 2155 4560,
711 2107 746 2144 8.
795 2111 834 2145 et
871 2108 1046 2146 Francos.

104 2168 232 2217 4640,
263 2168 300 2205 8.
329 2166 543 2206 Francz'sci
566 2166 768 2206 Balduz'm'.
794 2170 826 2216 c)
864 2170 962 2207 Hinc
999 2180 1048 2206 ex

102 2229 239 2270 Fulvii
260 2228 397 2269 Ursini
416 2232 673 2280 castigatione
700 2229 814 2282 (Petri
853 2231 1046 2270 Ciacconii

101 2293 258 2332 schedis
286 2292 421 2344 adjuti)
443 2293 587 2344 prodiit
614 2294 761 2331 Romae
786 2293 903 2340 4583,
935 2293 968 2331 4.
999 2294 1050 2332 Et

103 2366 194 2394 cum
222 2354 414 2394 Johannis
444 2354 620 2395 Wowerz'
636 2354 803 2393 eruditis
824 2355 929 2394 notis
942 2356 1053 2394 Basi-

106 2418 190 2456 leae
221 2419 334 2467 4603,
360 2418 396 2456 8.
432 2417 564 2456 addito
589 2418 629 2456 S.
652 2417 839 2468 Cypriani
873 2417 969 2454 libro
1003 2416 1051 2454 de

106 2480 281 2519 vanitate
303 2479 506 2518 idolorum.

163 2539 647 2588 Gev‘erh.Elmenhorstii,
672 2542 820 2580 Hanov.
865 2541 985 2589 4603,
1014 2541 1049 2578 8.

107 2608 148 2642 et
184 2604 318 2643 Hamb.
356 2605 472 2654 4642,
511 2604 573 2642 fol.
608 2605 664 2642 De
694 2603 895 2642 simultate
932 2614 1051 2652 super

105 2667 273 2706 Minucio
314 2666 419 2705 edito
450 2666 735 2705 Elmenhorstii
762 2676 807 2703 ac
831 2665 1050 2713 Wowerii,

103 2728 237 2767 confer
256 2727 414 2780 Josephi
440 2729 626 2779 Scaligeri
653 2728 779 2778 Epist.
815 2726 893 2766 257
915 2756 922 2775 ,
948 2727 1049 2773 260,

105 2801 216 2841 seqq.
235 2790 385 2830 Laudat
400 2791 743 2843 Elmenhorstium
760 2789 945 2828 Barthius
965 2801 1049 2840 pag.

105 2852 222 2892 2946.
243 2852 456 2891 Adversar.

158 2913 360 2963 Desideriz,
400 2913 592 2959 Heraldi,
636 2914 792 2951 Parisiis
839 2913 964 2961 4605,
1014 2913 1050 2951 8.

107 2977 234 3026 4643,
261 2978 294 3016 4.
324 2989 415 3016 cum
450 2977 677 3016 Tertulliani
718 2975 968 3025 Apologetico
1009 2980 1049 3013 et

109 3039 236 3088 4645,
262 3039 298 3077 4.
322 3051 413 3080 cum
437 3039 620 3078 Arnobio.

162 3162 195 3204 a)
217 3164 266 3195 Ex
291 3164 430 3196 Noui-rio
452 3144 630 3194 Memoriae
650 3158 859 3191 Trevoltinae
874 3161 934 3189 An.
965 3158 1054 3190 1716.

101 3220 175 3253 pag.
199 3212 272 3245 807.
289 3221 382 3253 seqq.

160 3262 197 3302 b)
224 3260 509 3294 Neben—Stunden.

162 3310 195 3351 e)
215 3311 382 3343 Nonnulla
418 3313 453 3342 in
484 3308 637 3341 Balduini
669 3308 814 3339 editione
844 3307 1055 3347 reprehendit

106 3359 187 3392 Lud.
210 3361 324 3393 Carrio
343 3361 400 3391 lib.
418 3361 449 3392 2,
469 3358 650 3390 emendati.
668 3365 742 3396 cap.
761 3356 810 3387 18.

1979 231 2057 270 565

1176 304 1326 343 Omitto
1349 302 1542 341 editiones
1564 302 1600 339 in
1618 299 1867 340 Bibliothecis
1882 301 2062 349 Petrum,

1124 376 1197 404 nec
1217 376 1294 403 non
1318 364 1583 403 Oxoniensem
1599 395 1609 411 ,
1634 374 1752 413 quam
1783 366 1977 402 memorat
1998 364 2066 401 Pe-

1124 432 1210 467 trus
1234 427 1432 466 Antonius
1453 426 1706 473 BucharduS,
1727 425 2002 473 Slesvicensis,
2025 427 2064 462 in

1122 490 1397 528 dissertatione
1421 488 1470 527 de
1493 489 1659 528 Minucio
1678 519 1689 536 ,
1728 498 1847 537 quam
1884 486 2065 525 thesibus

1120 564 1169 590 ex
1189 551 1276 602 ejus
1297 551 1426 590 libello
1449 551 1648 601 excerptis
1664 554 1703 587 et
1724 548 2065 589 Chrestomathiae

1119 615 1362 652 Minucianae
1408 613 1612 662 praemisit
1656 616 1696 649 et
1731 610 1910 661 praeside
1948 612 1987 648 B.
2020 610 2066 648 D.

1121 675 1344 714 Christiano
1359 673 1890 712 KortholtohabuitKiloniae
1908 671 2010 711 4685
2030 671 2064 709 4.

1175 734 1330 775 Nicolaz'
1350 734 1538 785 Rz'qaltii,
1562 736 1596 783 a)
1623 736 1779 773 Parisiis
1806 735 1905 773 4643
1926 765 1936 782 ,
1965 734 2000 771 4.
2028 738 2068 771 et

1123 799 1236 838 4645.
1258 809 1347 836 cum
1373 798 1538 835 Firmico
1562 801 1602 835 et
1629 796 1743 842 4666,
1780 797 1846 834 fol.
1879 807 1947 847 per
1980 794 2070 833 Phi—

1123 860 1270 911 lzppum
1290 859 1505 908 Priorium,
1528 870 1619 897 eum
1641 860 1836 909 Cypriano
1854 888 1861 906 ,
1884 859 2067 907 Arnobio,

1122 923 1288 961 Firmico
1312 926 1352 960 et
1375 921 1669 968 Commodiano,
1694 926 1733 959 et
1758 932 1848 959 cum
1870 922 2067 971 Cypriano

1123 984 1171 1023 de
1201 984 1400 1023 Idolorum
1434 985 1635 1031 vanitate,
1678 987 1718 1021 et
1761 984 1950 1021 Wowerii
1991 985 2071 1021 Fir-

1123 1048 1224 1085 mico
1255 1045 1436 1096 Lugduni
1470 1047 1709 1084 Batavorum
1740 1046 1873 1093 4645,
1901 1046 1962 1084 42.

1171 1110 1271 1148 Cum
1305 1110 1409 1146 notis
1443 1109 1672 1157 Variorum,
1711 1112 1875 1146 curante
1911 1106 2056 1146 Jacobo

1124 1170 1265 1210 Oz'selz'o
1284 1202 1292 1218 ,
1337 1171 1517 1222 Lugduni
1562 1172 1797 1209 Batavorum
1852 1170 1954 1209 4652
1980 1200 1988 1218 ,
2034 1171 2070 1208 4.

1124 1233 1225 1273 4672
1249 1263 1256 1283 ,
1287 1235 1321 1271 8.
1347 1234 1521 1272 Oxoniae
1547 1232 1647 1273 4678
1674 1244 1765 1271 cum
1789 1234 1893 1271 notis
1924 1232 2068 1270 Nicolai

1121 1296 1291 1346 Rigaltii.
1334 1296 1516 1334 Giornale
1566 1295 1624 1334 de'
1647 1296 1817 1334 letterati
1867 1295 1902 1333 di
1947 1296 2069 1333 Roma

1124 1356 1248 1406 4679,
1278 1369 1363 1408 pag.
1396 1357 1481 1397 437.
1513 1359 1614 1397 Cum
1639 1359 1742 1396 notis
1769 1355 2067 1407 Christophori,

1126 1419 1312 1467 Canarii,
1343 1421 1461 1459 Halae
1490 1421 1692 1459 Saxonum
1727 1420 1825 1459 4669
1847 1450 1857 1467 ,
1884 1420 1918 1456 8.
1968 1419 2067 1458 Cum

1123 1483 1226 1520 notis
1249 1482 1403 1532 Rigaltii
1433 1486 1473 1520 et
1513 1482 1670 1520 selectis
1703 1482 1907 1520 Variorum
1940 1481 2072 1518 novis-

1123 1555 1200 1594 que
1237 1544 1280 1582 V.
1317 1544 1358 1583 C.
1408 1542 1596 1581 Johanm's
1632 1543 1800 1592 Davies,
1846 1542 2070 1592 Cantabrig.

1124 1605 1252 1654 4707,
1292 1607 1327 1644 8.
1364 1604 1629 1657 Βίὸίίοίήθφῑε
1653 1604 1796 1644 chot'sie
1837 1604 1882 1642 de
1915 1606 1990 1644 Mr.
2036 1603 2069 1642 le
2127 1639 2132 1643 .

1123 1667 1237 1708 Clerc
1256 1700 1263 1719 ‚
1284 1673 1378 1707 tom.
1396 1669 1455 1707 48.
1477 1680 1563 1719 pag.
1586 1669 1675 1707 334.
1703 1667 1888 1707 Memoz'rs
1909 1666 1954 1719 of
1971 1666 2069 1705 litte-

1123 1734 1265 1769 rature
1288 1735 1382 1769 tom.
1410 1733 1444 1770 4.
1469 1743 1554 1782 pag.
1581 1731 1671 1770 353.

1174 1794 1273 1832 Cum
1307 1794 1470 1844 integris
1510 1794 1724 1841 Wowerii‚
1755 1791 2062 1836 Elmenhorstii,

1121 1855 1274 1894 Heraldi
1298 1860 1337 1893 et
1360 1855 1513 1905 Rigaltii
1538 1855 1667 1900 notis,
1692 1855 1936 1904 aliorumque
1977 1854 2066 1891 hinc

1122 1917 1212 1955 inde
1235 1917 1424 1965 collectis,
1451 1917 1593 1955 edente
1617 1914 1760 1955 Jacobo
1783 1914 1977 1953 Gronovio
1997 1916 2065 1965 qui

1123 1978 1420 2017 emendationes
1457 1984 1497 2017 et
1531 1980 1814 2030 explicationes
1850 1989 1955 2024 suas,
1981 1981 2068 2015 tum

1121 2041 1295 2079 libellum
1321 2042 1358 2079 S.
1381 2042 1589 2091 Cypriani,
1614 2042 1679 2091 qui
1701 2041 1857 2079 Minucii
1882 2040 2060 2089 vestigiis

1121 2104 1282 2151 insistit,
1300 2102 1348 2141 de
1374 2103 1573 2141 idolorum·
1591 2105 1768 2142 vanitate
1792 2107 1831 2140 et
1856 2102 2070 2139 Firmicum

1122 2165 1170 2203 de
1198 2177 1329 2204 errore
1354 2165 1608 2216 profanarum
1634 2165 1742 2214 relig.
1775 2163 1944 2213 adjecit,
1977 2166 2078 2213 Lug—

1122 2227 1216 2265 duni
1241 2229 1478 2266 Batavorum
1499 2227 1618 2275 4709,
1637 2228 1672 2265 8.
1691 2227 1791 2265 Acta
1815 2224 2075 2264 Erudz‘torum

1123 2291 1210 2327 tom.
1246 2290 1266 2327 4
1304 2287 1496 2340 supplem.
1534 2301 1618 2340 pag.
1660 2290 1748 2328 423.
1792 2286 1891 2327 Bibl.
1933 2287 2077 2326 choisie

1123 2356 1218 2389 tom.
1244 2352 1306 2390 48.
1333 2362 1418 2402 pag.
1446 2352 1535 2390 344.

1176 2414 1352 2464 Denique
1389 2425 1439 2451 ex
1483 2413 1656 2453 secunda
1699 2412 1889 2451 Johmmis
1923 2411 2077 2450 Davz'sic

1124 2476 1353 2513 recensione
1382 2486 1473 2514 cum
1512 2477 1720 2514 Variorum
1762 2476 1863 2512 notis
1901 2485 2075 2512 excusus

1124 2541 1186 2575 est
1209 2537 1483 2585 Cantabrigiae
1515 2536 1608 2576 4744
1636 2566 1644 2585 ,
1670 2537 1704 2574 8.
1735 2535 1865 2574 addito
1895 2537 2075 2574 Commo-

1125 2597 1252 2637 diano.
1278 2599 1464 2637 Memm‘rs
1486 2598 1532 2650 of
1563 2598 1769 2636 literature
1796 2602 1889 2636 tnm.
1917 2600 1951 2636 4.
1986 2609 2072 2648 pag.

1125 2662 1212 2699 353.
1241 2661 1448 2700 Memires
1465 2661 1510 2698 (Ie
1535 2661 1719 2699 Trevourc.
1744 2660 1805 2699 174
1822 2662 1853 2698 4.
1874 2671 1959 2710 pag.
1983 2660 2071 2697 888.

1127 2721 1396 2773 Bz'bliotlzeque
1438 2723 1581 2762 choisz‘e
1617 2728 1709 2760 tom.
1754 2722 1815 2761 24.
1854 2733 1938 2772 pag.
1983 2722 2072 2760 420.

1127 2784 1274 2822 Gallice
1300 2797 1367 2835 per
1392 2785 1438 2823 N.
1467 2784 1520 2822 (lu
1559 2786 1646 2823 Mas
1666 2816 1675 2831 ,
1711 2786 1828 2823 Paris.
1862 2783 1963 2822 4637
1989 2815 1996 2831 ,
2036 2784 2069 2821 4.

1125 2852 1164 2885 et
1195 2848 1358 2885 Perroco
1377 2845 1634 2885 Ablancurtio
1670 2848 1883 2895 interprete
1915 2846 2071 2883 Parisiis

1125 2910 1239 2957 4646,
1263 2910 1323 2949 42.
1347 2910 1461 2954 4662,
1489 2911 1548 2948 42.
1566 2915 1684 2959 atque
1708 2909 1853 2947 Latinis
1869 2919 1889 2945 e
1913 2908 2069 2957 regione

1123 2973 1261 3022 positis
1288 2973 1389 3022 Lips.
1418 2973 1544 3019 4689,
1573 2972 1631 3010 42.

1175 3034 1335 3085 Anqlz'ce
1379 3035 1540 3073 Londini
1582 3035 1682 3073 4682
1702 3064 1712 3080 ,
1743 3034 1777 3071 8.
1804 3031 1984 3071 Reevesio
2013 3033 2069 3069 in-

1181 3157 1215 3188 a*
1229 3158 1401 3188 Sari-avius
1421 3163 1498 3195 pag.
1511 3155 1562 3186 69.
1578 3156 1682 3194 Epist.
1695 3153 1942 3184 Ermlc'n'ssi’mi
1956 3154 2073 3193 myol-

1119 3208 1162 3238 11·;
1187 3206 1366 3238 Minuce'ns
1389 3205 1493 3236 Felix
1517 3203 1577 3233 sul)
1598 3204 1720 3242 praelo
1736 3204 1851 3234 sudat.
1877 3203 2070 3234 Miraberis

1117 3266 1161 3287 (ῃιτ
1178 3264 1246 3286 uno
1261 3256 1360 3286 MSto
1375 3254 1480 3293 Reqio
1492 3257 1541 3283 lot
1556 3253 1715 3282 diversus
1733 3252 1905 3282 editiones
1914 3253 2072 3292 prodiis-

1117 3315 1163 3336 se.
1187 3305 1278 3335 Vidit
1294 3308 1409 3334 [auten
1428 3303 1497 3340 ille,
1516 3311 1602 3341 quae
1616 3306 1833 3332 funerarem
1848 3302 2071 3342 diligentiam

1118 3353 1323 3394 effugerunt.
1338 3353 1479 3385 scilicet
1501 3352 1598 3382 solus
1617 3353 1736 3383 trunio
1761 3352 1926 3383 vultures.
