2500 3841
844 244 911 282 ll).
942 246 1049 283 ΛΜΞ.
1080 245 1297 286 FABRICll
1956 259 2025 288 xxi

100 316 318 353 castitatem
349 323 420 351 nec
453 313 709 350 sedulitatem
738 311 915 350 discendi
945 315 1024 351 ulla

100 381 140 417 in
166 384 280 428 parte
308 390 440 427 passus
468 383 526 416 est
553 379 789 416 desiderari.
816 378 896 416 lam
941 384 1025 417 tum

100 455 188 482 eum
216 445 256 482 in
282 444 418 482 schola
445 448 676 482 versarctur
712 445 859 481 multos
902 445 1027 482 libros

76 511 221 554 ,utiles
251 510 385 558 legere
414 513 454 562 ct
489 520 538 547 ex
575 511 620 547 iis
657 514 852 547 annotare
887 521 932 547 ae
965 520 1028 546 eo-

103 575 274 613 mentari
295 575 451 623 coepit:
480 586 528 612 ex
557 576 639 623 ipso
661 577 808 612 scimus
831 575 1029 623 quomodo

103 639 256 679 Barthii
291 641 532 678 adversariis
567 629 614 679 et'
646 641 853 689 Polystare
880 641 1030 678 lllorolii

99 705 406 754 Quedlimburgi
432 717 539 745 anuo
565 707 660 745 1685
689 708 738 744 ad
773 708 928 755 majora
963 717 1028 742 au-

102 771 234 810 denda
260 772 439 808 animum
467 772 708 809 inflammari
735 772 920 810 senserit.

148 835 289 883 Caepit
315 836 410 873 hine
437 836 665 874 incredibili
695 838 900 874 celeritate
927 845 1032 872 com·

105 899 240 946 plures
265 904 306 938 et
332 901 492 939 eosdem
520 903 752 940 utilissimos
772 904 811 939 in
831 902 941 939 omni
963 910 1032 947 ge-

106 975 203 1002 nere
232 966 534 1014 disciplinarum
564 967 688 1004 libros
716 971 756 1003 et
782 967 822 1003 in
841 967 901 1003 his
921 967 1032 1000 vete-

106 1039 169 1067 res
184 1040 264 1067 non
281 1036 520 1078 postremos,
538 1042 774 1080 percurrere
790 1037 830 1068 ct
847 1030 1028 1077 jamjam

106 1095 156 1132 ad
182 1098 336 1132 eertum
357 1096 573 1144 quemdam
591 1106 756 1144 scopum
781 1105 968 1141 magnum
991 1098 1031 1130 et

108 1160 320 1206 pulchrum
349 1172 421 1199 nce
447 1165 538 1198 ante
565 1161 658 1197 satis
694 1163 925 1204 tractatum,
962 1160 1031 1196 Bi-

107 1225 212 1262 otior.
229 1230 325 1273 puto
343 1226 383 1262 in
403 1226 542 1273 primis
553 1226 736 1262 Latinam
754 1224 1029 1272 Graecumque,

107 1290 262 1337 singula
283 1289 472 1337 dirigere.
492 1290 591 1327 Hinc
616 1289 780 1326 consilia
800 1289 1032 1327 studiorum

109 1355 294 1403 exemplo
338 1354 437 1391 tanti
471 1353 548 1389 viri
574 1353 648 1389 sibi
676 1358 819 1391 eruant
855 1353 1027 1400 juvenes

110 1424 149 1458 et
184 1419 415 1466 exequenda
451 1423 680 1465 proponant
708 1429 786 1455 non
826 1419 1026 1466 languide,

108 1484 178 1521 sed
198 1494 289 1521 eum
307 1483 470 1528 ardore,
500 1494 588 1520 cum
612 1484 715 1519 serio
738 1488 776 1520 ct
797 1495 941 1532 magno
964 1495 1031 1520 co-

109 1552 219 1593 natu,
247 1559 292 1586 ae
318 1548 392 1595 piis
417 1548 627 1595 praecibus
652 1549 840 1586 accedere
866 1551 914 1586 ad
949 1555 1029 1587 slu-

108 1613 172 1651 dia
199 1613 441 1657 litterarum,
463 1614 596 1661 legere
617 1614 742 1651 multa
772 1619 811 1650 et
830 1615 1030 1659 meditari,

111 1677 246 1726 legere
262 1679 456 1726 optimos:
475 1679 574 1716 lecta
597 1690 646 1716 ne
669 1679 853 1716 diffluant
877 1690 1033 1716 memo«

110 1744 170 1782 ria
187 1743 236 1780 ad
255 1754 346 1781 suos
371 1744 524 1791 singula
548 1747 653 1781 locos
674 1745 916 1788 adscribere,
938 1745 1034 1781 scri-

109 1813 175 1856 pta
197 1814 353 1846 mature
372 1809 422 1846 ad
443 1813 725 1855 argumentum
745 1809 907 1857 aliquod
931 1809 1030 1846 utile

112 1879 151 1912 et
178 1874 372 1911 intactum
395 1873 620 1919 intendere,
643 1875 749 1920 quod
773 1874 932 1911 tandem
956 1875 1033 1910 ali-

111 1939 272 1988 quando
299 1939 548 1976 elaboratum
578 1940 904 1987 perpolitamque
940 1951 1029 1976 cum

112 2004 258 2052 insigni
283 2003 401 2042 laude
420 2008 460 2041 et
482 2003 613 2041 fructu
634 2005 758 2041 oculis
778 2005 1030 2040 eruditorum

113 2070 290 2108 sistatur.
317 2069 432 2107 Certe
452 2079 532 2105 non
554 2079 694 2105 omnes
712 2069 884 2106 Columba·
903 2078 1038 2105 sumus

115 2139 184 2174 aut
202 2135 388 2182 Vesputii,
405 2139 449 2172 ut
465 2135 650 2180 regiones
670 2134 775 2170 ultra
798 2134 923 2170 visum
942 2144 1034 2180 pro-

114 2202 234 2239 iectas
259 2205 393 2239 mente
419 2210 653 2245 cernamuS‚
684 2203 751 2236 aut
779 2209 848 2245 per
876 2202 1030 2235 vastum

112 2272 152 2304 et
169 2267 322 2304 invium
342 2277 534 2304 oceanum
554 2267 664 2304 adire
685 2267 911 2304 audeamus.
934 2267 1029 2302 Cum

113 2338 248 2368 tamen
275 2336 315 2369 et
348 2332 419 2378 ipsi
447 2332 619 2368 aliorum
649 2332 865 2378 naufragiis
896 2331 1034 2368 moniti

109 2396 308 2440 dicantur,
346 2397 400 2433 ita
434 2397 580 2433 multos
608 2397 859 2434 eruditorum
889 2397 936 2433 ad
965 2397 1038 2432 ali-

107 2462 216 2509 quod
242 2462 338 2499 utile
359 2462 609 2509 propositum
632 2462 877 2499 credendum
907 2462 1040 2498 incen-

109 2525 150 2562 di
178 2536 308 2572 posse,
343 2527 375 2562 si
403 2537 422 2562 a
466 2527 553 2562 viro
593 2531 759 2572 experto
799 2530 1037 2563 moneantur

111 2601 232 2639 quem
259 2601 419 2627 cursum
449 2590 623 2626 debcant
649 2596 786 2628 tenere
810 2596 876 2628 aut
896 2591 1039 2638 quibus

112 2655 170 2692 uti
198 2655 488 2692 instrumentis.
518 2655 719 2692 FabricIus
745 2661 852 2693 certe
880 2658 961 2702 ipse
987 2657 1036 2692 si-

110 2720 150 2756 bi
178 2720 427 2767 potissimum
455 2719 538 2756 dux
557 2723 595 2755 et
618 2723 756 2755 auctor
777 2721 1035 2757 consiliorum

109 2784 199 2830 fuit,
223 2794 349 2831 eoque
374 2787 565 2820 maturius
583 2787 621 2819 et
642 2783 833 2820 intentius
853 2784 1030 2820 elabora-

109 2850 183 2887 vit.
210 2849 308 2886 Hinc
335 2848 550 2886 admodum
575 2847 733 2893 juvenis
761 2849 959 2896 magistris
993 2853 1031 2884 et

109 2915 278 2952 coeteris
305 2914 401 2950 viris
420 2913 546 2950 doctis
573 2914 840 2957 innotescere,
871 2913 1029 2959 probari

111 2983 232 3027 atque
259 2980 298 3016 in
326 2978 594 3016 admiratione
622 2988 702 3014 esse
731 2977 878 3023 coepit.

154 3043 309 3091 Scripta
336 3044 418 3081 eius
446 3044 550 3080 edita
574 3043 611 3079 id
634 3042 858 3079 luculentur
882 3046 1027 3078 testan-

110 3114 190 3155 tur,
210 3110 320 3147 euius
341 3109 551 3146 elenchum
580 3112 624 3146 ut
651 3109 726 3145 viri
757 3108 901 3144 literati
931 3107 1035 3143 vitae

112 3178 264 3220 partem
293 3175 540 3222 potissimam
569 3172 631 3210 hic
659 3173 868 3210 admodum
886 3180 1031 3217 oppor-

111 3242 207 3276 tune
228 3239 456 3287 legendum.
478 3240 578 3276 Acer
601 3239 793 3285 tantisper
812 3238 850 3273 in
877 3235 1030 3273 Decade

112 3303 310 3341 Deeadum
329 3315 370 3341 se
392 3304 583 3350 ostendit,
604 3308 642 3340 at
664 3303 754 3340 dein
779 3313 848 3349 per
869 3312 1028 3339 omnem

113 3367 217 3404 vitae
229 3379 384 3407 cursum
397 3379 582 3407 censuras
595 3369 634 3407 in
647 3371 858 3415 sejactatas
872 3370 956 3408 aliis
974 3370 1030 3407 la-

1129 317 1205 353 cilc
1243 315 1501 362 condonavit,
1529 317 1681 353 monita
1715 318 1884 355 aliorum
1918 328 2045 366 aequo

1125 381 1260 418 animo
1287 381 1459 426 admisit,
1489 392 1561 418 nec
1594 382 1752 429 seriptis
1787 384 2046 420 contentiosis

1126 446 1250 483 bonas
1277 447 1397 483 horas
1425 446 1658 484 elaborandi
1694 451 1754 484 tot
1786 453 2045 486 monumenta

1132 514 1303 547 aetatem
1333 510 1461 546 laturo
1490 510 1590 556 eripi
1617 510 1691 547 sihi
1721 521 1854 558 passus
1883 517 1953 549 est.

1174 575 1233 613 Ab
1260 587 1363 612 anno
1391 574 1497 611 1694.
1524 574 1589 611 dic
1615 575 1660 612 13
1686 576 1786 613 lunii
1815 587 1886 624 per
1923 577 2049 623 maJ'us

1130 641 1404 688 quinquennio
1430 640 1601 686 spatium
1629 641 1845 689 Hamburgi
1874 643 1912 679 in
1942 643 2049 680 aedi-

1127 705 1197 742 bus
1212 707 1258 743 Β.
1274 704 1421 752 Mayerz·
1437 703 1615 741 substitit
1630 708 1668 741 et
1682 706 1820 742 studiis
1837 707 2045 744 literarum

1128 770 1308 818 graviter
1333 769 1444 806 dedit
1470 778 1648 816 operam.
1675 770 1852 807 Habebat
1880 771 1932 807 ibi
1954 781 2047 808 con·

1129 831 1357 869 tubernales
1383 835 1423 868 et
1450 832 1737 868 commensales
1764 834 1870 870 viros
1895 834 2045 878 doctos,

1128 902 1246 944 atquc
1272 897 1337 933 bic
1364 897 1403 933 in
1444 897 1583 942 primis
1623 897 1899 934 Bibliothecam
1939 909 2049 935 suam

1130 961 1312 998 Latinam
1328 965 1367 998 et
1383 961 1458 997 alia
1478 960 1617 998 edidit.
1635 962 1817 1008 Mayerus
1834 973 1939 998 anno
1959 963 2053 999 1696

1124 1028 1315 1064 comitem
1336 1026 1409 1063 sibi
1432 1027 1470 1063 in
1491 1027 1671 1064 Sveeiam
1692 1027 1885 1073 adiunxit,
1909 1027 1975 1064 ubi
1996 1028 2051 1064 at'-

1129 1093 1230 1129 l’atus
1258 1095 1315 1128 cst
1339 1092 1488 1139 Regem
1515 1092 1700 1129 Carolum
1722 1093 1788 1129 Xl.
1809 1097 1847 1129 et
1873 1093 2051 1129 celeber-

1130 1158 1253 1194 rimos
1280 1158 1363 1194 eius
1390 1157 1563 1194 nationis
1590 1157 1712 1194 viros.
1749 1158 1838 1194 Post
1877 1157 2052 1194 reditum

1133 1227 1291 1260 mortuo
1310 1224 1451 1260 eodem
1471 1233 1575 1260 anno
1595 1223 1659 1260 die
1677 1224 1714 1260 6.
1737 1223 1883 1268 Aprilis
1904 1222 2050 1259 celebri

1134 1289 1341 1326 Vincentio
1373 1290 1540 1333 placcio,
1570 1289 1830 1335 Eloquentiae
1857 1293 1895 1325 et
1922 1289 2053 1325 Philo-

1127 1354 1291 1400 sophiae
1335 1355 1532 1401 practicae
1573 1354 1814 1401 professore,
1851 1354 2053 1391 Fabricius

1126 1420 1166 1456 d.
1194 1420 1253 1456 13.
1280 1420 1381 1456 lunii
1418 1421 1457 1456 in
1497 1420 1580 1456 eius
1606 1420 1737 1455 locum
1764 1418 1949 1456 suffectus
1975 1422 2049 1463 est,

1129 1490 1168 1522 et
1201 1485 1318 1532 paulo
1347 1488 1434 1531 post
1469 1494 1645 1521 summos
1673 1484 1711 1520 in
1739 1484 1959 1532 Theologia
1986 1484 2051 1521 Hi-

1129 1550 1225 1587 lonii
1251 1551 1425 1587 honores
1451 1551 1635 1597 suscepit,
1666 1554 1834 1596 patrono
1863 1560 1932 1586 suo
1969 1549 2052 1586 Ma·-

1133 1626 1227 1661 yero
1245 1619 1426 1662 urgente,
1444 1615 1510 1662 qui
1528 1615 1567 1650 in
1589 1614 1856 1660 disputatione
1874 1614 2047 1660 quadam

1130 1679 1310 1717 Fabricio
1331 1679 1619 1722 amplissimum
1639 1677 1807 1715 Eritraei
1827 1677 1866 1713 in
1886 1677 2052 1714 Pinaeo-

1134 1745 1245 1780 theca
1274 1754 1311 1789 p.
1339 1744 1398 1780 81.
1427 1744 1476 1780 de
1504 1743 1712 1780 Francisco
1738 1741 1967 1779 Panicarola
1986 1740 2051 1786 ju-

1129 1810 1277 1847 dicium
1304 1809 1524 1846 convenire
1551 1807 1663 1845 dicit.

1175 1875 1395 1922 [lamburgi
1423 1875 1515 1911 hine
1537 1876 1777 1911 ornamento
1798 1873 1972 1909 maximo
1996 1882 2054 1908 cs-

1130 1952 1169 1978 se
1197 1941 1344 1987 coepit,
1373 1939 1439 1977 ubi
1472 1938 1704 1976 formandae
1734 1938 1781 1975 ad
1823 1938 2051 1974 humanita-

1129 2011 1209 2042 teni
1250 2006 1451 2052 juventuti
1497 2004 1713 2041 admodum
1757 2003 1895 2040 scdulo
1941 2002 2053 2039 dedit

1136 2081 1299 2119 operam
1328 2071 1455 2113 adeo,
1482 2074 1522 2106 ut
1551 2079 1620 2114 per
1645 2073 1796 2116 septem
1825 2073 1864 2105 et
1891 2069 2052 2114 triginta

1132 2148 1255 2175 annos
1281 2137 1348 2173 vix
1374 2146 1566 2183 unquam,
1596 2135 1668 2171 nisi
1698 2135 1838 2172 morbo
1884 2135 2052 2180 impedi-

1130 2207 1203 2247 tus,
1232 2202 1417 2239 horulam
1446 2201 1524 2237 suis
1553 2200 1892 2248 praelectionibus
1918 2200 2052 2236 detra-

1128 2269 1248 2305 xerit.
1275 2268 1382 2314 Quae
1411 2271 1519 2302 tanta
1545 2270 1705 2312 tamque
1732 2266 1921 2302 continua
1943 2275 2056 2301 exer-

1134 2333 1284 2377 citatio,
1303 2333 1371 2368 vix
1392 2331 1594 2368 credibilis
1619 2330 1803 2367 videatur
1831 2330 1990 2373 exteris,
2017 2330 2056 2365 in

1138 2402 1217 2434 tani
1245 2396 1385 2434 diffusa
1415 2396 1611 2432 librorum
1639 2395 1810 2432 lectione
1837 2395 1967 2431 omnis
1988 2405 2057 2441 gc-

1138 2463 1244 2500 neris
1272 2466 1497 2509 persequta,
1527 2462 1565 2497 in
1589 2464 1697 2496 tanta
1720 2459 1977 2496 multitudine
1998 2459 2056 2494 la-

1135 2527 1499 2564 boriosissimorum
1521 2525 1714 2561 librorum
1735 2525 1877 2570 abipso
1893 2524 2058 2568 scripto-

1136 2603 1238 2628 rum.
1267 2592 1323 2628 Dc
1351 2602 1428 2638 quo
1457 2596 1564 2626 reete
1605 2590 1660 2626 10.
1688 2588 1890 2626 Fabricius
1926 2587 2054 2622 Abba,-

1136 2658 1173 2693 in
1201 2658 1382 2694 Historia
1407 2655 1665 2692 Bibliothecae
1708 2663 1800 2688 suae
1839 2652 1964 2687 Tomo
1993 2651 2054 2686 vl.

1135 2732 1379 2768 magnopere
1425 2721 1604 2756 miratur.
1651 2719 1691 2754 ln
1728 2718 1786 2754 sui
1824 2715 2056 2752 muneribus

1131 2787 1352 2826 obeundis,
1400 2786 1437 2820 in
1478 2785 1613 2820 amicis
1653 2782 1830 2829 epistolis
1875 2781 2055 2817 colendis

1128 2862 1252 2898 aeque
1280 2850 1606 2895 diligentissimus
1625 2876 1633 2892 ‚
1665 2847 1866 2894 quomodo
1897 2848 2053 2892 pietatis

1128 2915 1366 2960 virtutisque
1399 2917 1437 2950 et
1475 2913 1576 2950 bene
1614 2913 1861 2959 compositae
1911 2912 2055 2947 mentis

1138 2980 1290 3016 indoles
1333 2979 1508 3014 fructum
1553 2978 1590 3013 in
1634 2988 1753 3013 omne
1802 2977 1905 3012 vitae
1931 2987 2054 3022 genus

1124 3043 1321 3080 diffundat
1360 3042 1627 3087 uberrimum,
1658 3043 1840 3089 exemplo
1880 3051 1950 3077 suo
1991 3051 2053 3077 os<

1135 3108 1278 3143 tendit.
2076 3104 2081 3108 ”

1174 3173 1272 3210 Nam
1302 3173 1480 3219 prolecto
1508 3174 1573 3220 qui
1603 3174 1708 3210 aliud
1739 3157 1895 3220 quidvis
1932 3185 2051 3221 quae-

1129 3243 1223 3275 runt
1252 3239 1288 3275 in
1319 3239 1477 3284 litteris,
1507 3250 1626 3286 quam
1652 3244 1693 3275 ut
1712 3250 1752 3276 se
1780 3244 1819 3276 et
1845 3239 1942 3276 alios
1970 3250 2051 3276 me·

1130 3305 1249 3341 liores
1277 3315 1320 3341 ac
1347 3306 1610 3353 sapientiores
1643 3305 1825 3350 reddant,
1853 3306 2047 3351 gloriam-

1128 3380 1203 3417 que
1225 3370 1323 3409 adeo
1346 3370 1413 3407 Dei
1445 3375 1724 3417 promoveant,
1750 3383 1797 3408 ne
1823 3373 1876 3408 illi
1903 3374 1940 3410 in
1965 3375 2046 3420 ipso
