2500 3841
933 244 967 284 A
987 243 1016 283 P
1037 243 1069 283 R
1090 244 1103 284 l
1123 244 1157 284 G
1177 245 1192 284 I
1215 245 1246 285 U
1266 245 1292 284 S

121 317 201 356 tica
226 313 502 362 Canucorum,
525 312 746 351 desinentia
769 314 808 351 in
831 314 981 353 Cantic.
1009 317 1075 365 IV,
1124 315 1127 317 ’

119 378 143 417 7
166 376 215 416 ad
237 377 369 416 virum
393 374 695 424 desideriorum,
721 386 885 415 servum
909 378 1077 427 CHristi,

118 438 351 479 Armenium
367 437 662 489 presbyterum,
686 437 791 476 edita
806 450 828 477 a
843 440 994 479 Joanne
1011 441 1080 479 Fa-

117 502 189 550 bri,
205 500 383 552 prodiere
393 500 571 550 Friburgi
586 499 783 551 Brisgoiae
794 502 809 540 4
820 501 896 540 538
914 502 975 540 fol.
986 514 1078 541 cum

120 561 299 602 Udalrici
310 560 423 613 Reyz‘i
441 572 609 600 censura
624 561 797 601 locorum
813 564 1076 614 quorundam,

117 629 159 664 et
180 626 309 664 Lucae
321 623 484 663 Abbatis
503 625 907 664 praemonstratensis
922 627 988 677 qui
1005 627 1079 665 cir-

117 686 220 727 caA.
240 688 340 726 4433
358 686 534 737 scripsit,
558 685 829 726 summariolis
854 687 895 726 in
911 687 1083 740 Apponii

117 747 433 796 commentarios,
458 747 507 786 ad
530 749 571 786 B.
595 748 797 798 Milonem,
813 751 1077 790 Morinensem

116 812 369 864 Episcopum.
392 809 566 861 Utraque
591 821 730 849 recusa
746 811 783 848 in
802 811 898 850 Bibl.
917 813 1077 851 Patrum

117 873 324 912 Parisiens.
364 873 497 913 Colon.
537 876 629 911 tom.
655 872 710 911 lx
753 877 793 911 et
829 873 952 923 Lugd.
983 877 1076 911 tom.

119 935 211 975 XIV
233 947 271 987 p.
303 935 391 975 428.

165 996 417 1046 APRIGIUS,
434 998 519 1036 sive
528 995 814 1046 APRINGIUS,
829 999 932 1036 circa
949 996 982 1035 A
999 997 1074 1036 540

115 1060 318 1112 Pacensis,
343 1060 429 1099 sive
452 1061 562 1098 Pacis
580 1060 721 1108 Juliae,
747 1071 818 1098 seu
842 1059 1046 1109 Augustae
1066 1089 1074 1108 ,

117 1119 344 1171 (Badaios,)
367 1123 406 1160 in
427 1122 612 1173 Hispania
634 1122 869 1172 Episcopus,
895 1112 1076 1170 de'cujus

38 1234 39 1237 Ἴ
84 1222 87 1226 ,
116 1182 395 1222 commentario
417 1184 498 1224 MS.
523 1183 564 1221 in
585 1181 866 1234 Apocalypsin,
891 1181 960 1220 sed
978 1193 1000 1220 a
1015 1193 1079 1221 ca-

117 1246 200 1297 pite
221 1247 272 1286 VI
296 1245 345 1285 ad
375 1246 484 1287 XVII
514 1256 653 1284 manco
675 1256 720 1284 ac
743 1249 948 1295 utcunque
985 1255 1078 1295 sup-

114 1308 220 1359 pleto
241 1319 293 1346 ex
314 1308 528 1356 Victorino,
549 1311 588 1345 et
611 1306 773 1354 Isidoro,
793 1306 884 1345 vide
900 1307 979 1345 Nic.
997 1305 1077 1345 An-

117 1370 270 1409 tonium
293 1369 356 1408 lib.
380 1370 442 1408 IV.
466 1369 644 1408 Biblioth.
666 1369 862 1420 Hispanae
878 1380 909 1407 c.
929 1369 952 1408 2
978 1372 1072 1406 tom.

114 1433 186 1484 Ip.
210 1431 287 1472 240
311 1442 370 1482 sq.
394 1432 476 1470 Non
502 1432 555 1469 ita
570 1431 769 1480 praeclare
793 1430 842 1470 de
867 1431 940 1469 hoc
957 1431 1075 1470 Com-

119 1495 312 1534 mentario
355 1494 538 1545 opinatur
584 1493 653 1532 cel.
697 1493 951 1532 Mosheimius
988 1504 1074 1544 pag.

119 1556 196 1595 356
219 1556 317 1595 Hist.
354 1555 506 1595 Eccles.
530 1555 598 1606 qui
623 1559 716 1593 tom.
737 1556 786 1594 VI
809 1555 905 1594 Bibl.
943 1556 1073 1594 Brem.

116 1629 154 1670 p.
178 1615 255 1656 749
275 1620 448 1658 testatus
471 1621 552 1666 est,
575 1628 619 1656 se
643 1621 806 1656 nactum
831 1617 936 1656 illius
960 1617 1075 1658 Codi-

116 1690 204 1719 cem
226 1679 302 1719 An.
328 1680 429 1720 4030
454 1680 647 1730 scriptum
659 1680 888 1729 Barcinone,
906 1681 973 1731 qui
993 1681 1075 1719 fue-

116 1743 169 1781 rit
189 1741 307 1781 Ariae
320 1743 505 1781 Montani.
531 1742 662 1781 Etiam
687 1743 725 1780 in
752 1742 919 1782 Cantica
940 1742 1075 1782 Canti-

118 1815 256 1843 corum
268 1804 475 1855 scripsisse
489 1802 694 1855 Aprigium
712 1808 821 1842 notat
831 1804 1074 1844 Trithemius

116 1877 149 1904 c.
166 1867 209 1906 24
222 1867 255 1906 4.
273 1865 351 1905 Sed
367 1877 445 1904 non
460 1866 639 1907 meminit
655 1865 828 1904 Isidorus
844 1867 949 1917 Ilisp.
966 1878 998 1905 c.
1016 1867 1076 1906 47.

171 1929 316 1966 Petrus
338 1926 386 1966 de
408 1926 615 1976 AQUILA,
641 1928 725 1966 sive
762 1927 1077 1980 AQUILANUS,

115 1989 274 2030 Ordinis
295 1991 508 2040 Minorum,
532 1994 572 2028 et
587 1990 636 2029 ab
651 1989 725 2029 An.
744 1992 758 2030 4
771 1991 845 2028 344
864 1992 1078 2042 Inquisitor

116 2051 221 2091 Fidei
257 2051 362 2103 apud
399 2050 663 2099 Florentinos,
702 2053 859 2103 scripsit
894 2054 997 2092 circa
1029 2053 1075 2092 A.

116 2113 218 2154 4337
240 2113 487 2167 quaestiones
510 2113 551 2152 in
573 2117 747 2165 quatuor
783 2113 905 2154 libros
928 2119 1079 2154 senten-

115 2175 282 2227 tiarum,
306 2176 433 2216 editas
456 2178 629 2227 primum
654 2177 790 2227 Spirae
815 2179 828 2217 4
841 2178 915 2217 480
936 2178 1078 2218 deinde

115 2242 281 2288 curante
305 2239 541 2279 Constantio
557 2239 755 2287 Sarnano,
779 2243 876 2279 tunc
898 2241 1076 2283 Patavini

112 2302 319 2352 Gymnasii
341 2297 521 2350 Lectore,
544 2305 682 2352 postea
711 2302 754 2340 R.
780 2302 825 2341 E.
851 2302 1073 2351 Cardinali,

111 2364 253 2403 Venet.
278 2364 393 2403 4584.
411 2364 530 2402 Paris.
558 2364 676 2412 4585,
694 2363 765 2402 81⁰
782 2365 853 2404 Hic
869 2365 1075 2404 Sarnanus

115 2425 309 2476 Aquilano
331 2427 504 2478 primum
541 2437 684 2464 nomen
711 2426 953 2467 SCOTELLI
978 2427 1077 2465 indi-

116 2487 189 2538 dit,
211 2487 316 2538 quod
345 2487 506 2539 perinde
542 2492 588 2527 ut
620 2488 799 2527 Doctoris
823 2488 1076 2543 sufficientis,

118 2551 223 2588 inter
251 2549 514 2589 Scholasticos
532 2551 568 2589 ei
591 2550 729 2589 haesit.
753 2551 850 2591 Vide
873 2550 1075 2590 Oudinum

116 2616 211 2649 tom.
239 2611 293 2649 111
316 2621 353 2661 p.
377 2611 454 2650 803
478 2622 536 2661 sq.

167 2671 370 2712 ARATOR
404 2673 523 2723 Ligur
545 2674 583 2721 a)
614 2674 760 2712 relictis
795 2675 876 2713 foro
905 2675 1074 2724 aulaque

116 2734 382 2775 subdiaconus
404 2736 622 2783 Romanus,
645 2734 833 2774 Floriano
856 2736 995 2775 Abbati
1019 2736 1076 2774 di-

116 2798 222 2837 cavit
244 2801 285 2836 et
311 2795 446 2848 Viyilio
460 2798 585 2848 Papae
608 2797 650 2847 b)
667 2798 819 2837 obtulit.
836 2797 960 2837 Actus
973 2797 1076 2850 Apo-

115 2858 304 2900 stolorum
323 2858 437 2899 Petri
452 2862 491 2898 et
512 2857 632 2898 Pauli
650 2858 836 2898 versibus
859 2871 1074 2911 expressos

117 2921 366 2962 heaeametris
390 2922 498 2961 libris
515 2922 560 2970 ΙΙ,
577 2933 747 2973 quorum
765 2923 958 2972 posterior
981 2923 1077 2961 inci—

116 2988 173 3038 pit
186 2985 236 3026 ab
257 2984 448 3025 Actorum
468 2985 594 3036 capite
615 2984 717 3023 XIII.
735 2984 813 3023 Ilos
827 2983 942 3022 Anno
957 2983 1076 3023 Cllri-

173 3119 208 3159 ε)
232 3118 440 3152 Athalaricus
476 3118 658 3151 Gothorum
682 3120 748 3151 nex
773 3119 807 3150 in
830 3119 954 3158 scripto
969 3140 979 3155 ‚
1008 3125 1075 3156 quo

88 3170 273 3202 -comuem
300 3171 507 3210 privatorum
533 3171 708 3202 constituit
741 3173 934 3201 Aratorem:
961 3168 1078 3200 Mittit

111 3223 145 3251 οε
165 3219 315 3260 liyuria
339 3219 474 3251 Tullios
487 3227 594 3262 ⁴suos.

170 3268 207 3310 b)
227 3269 317 3302 Adde
338 3269 550 3301 sirmondum
574 3269 615 3301 ad
638 3268 784 3301 Ennodii
825 3268 883 3300 lib.
908 3269 948 3299 ix
969 3269 1073 3307 Epist.

113 3315 129 3347 1
152 3318 194 3355 ad
215 3322 396 3352 Aratorem.
421 3319 566 3359 Philippi
589 3319 738 3353 Picinelli
766 3318 912 3352 Atheneo
931 3318 982 3351 dc‘
999 3321 1073 3351 Let-

111 3369 209 3400 terati
231 3368 375 3401 Mllanesi
400 3377 476 3411 pag.
500 3370 551 3402 55.

2029 244 2106 285 125

1152 328 1201 365 sti
1226 327 1302 366 544
1325 337 1417 366 cum
1439 326 1632 378 applausu
1655 325 1809 376 publico
1831 324 2016 364 recitatos
2040 335 2110 362 no-

1151 394 1209 429 tat
1231 402 1281 429 ex
1304 390 1428 428 veteri
1445 388 1588 428 Codice
1602 389 1789 426 Vaticano
1805 387 1985 426 Lahbeus
2002 390 2109 428 tomo

1152 453 1166 491 1
1187 452 1449 491 Bibliothecae
1473 462 1598 490 novae
1621 450 1727 490 MSS.
1750 461 1836 501 pag.
1854 450 1942 489 688.
1962 448 2109 488 Prodiit

1149 526 1241 554 curn
1262 515 1564 555 Commentariis
1586 512 1703 551 Arrii
1721 511 1937 561 Barbosae,
1953 512 2110 551 Lusita—

1151 578 1207 624 ni,
1231 577 1493 616 Salmanticae
1518 576 1620 615 4546
1644 576 1709 614 fol.
1735 579 1776 613 et
1799 576 1884 614 sine
1908 575 1984 613 illis
2004 575 2108 613 inter

1149 641 1289 679 Poetas
1312 639 1557 678 Christianos
1593 635 1687 675 Alai
1719 637 1895 676 Venetiis
1924 636 2052 685 4502,
2083 636 2106 674 4

1151 707 1191 741 et
1208 692 1368 750 Georgii&
1387 697 1756 738 FabriciiBasileae
1776 699 1922 745 4562,4
1939 709 2013 737 nec
2028 709 2107 737 non

1151 765 1189 803 in
1212 762 1461 803 Bibliothecis
1493 762 1672 799 Patrum:
1697 765 1737 799 et
1759 771 1850 799 cum
1875 760 2033 800 Sedulio
2061 771 2108 799 ac

1150 828 1342 873 Juvenco,
1367 823 1571 863 Mediolani
1597 823 1715 868 4469,
1741 823 1764 860 8
1788 823 1940 872 Lipsiae
1977 824 2105 872 4545,

1153 889 1175 927 4
1208 887 1389 938 Lugduni
1415 886 1533 932 4553,
1559 885 1678 933 4588,
1704 885 1753 924 42
1777 889 1816 922 et
1838 895 1888 922 ex
1921 882 2108 922 Theodori

1151 948 1365 988 Pulmanni
1375 947 1663 994 emendatione,
1672 946 1848 985 Basileae
1864 944 1965 985 4537
1974 947 2006 993 ,4
2017 947 2084 985 551
2097 975 2106 993 ,

1149 1014 1173 1051 8
1202 1013 1414 1063 separatim
1442 1021 1599 1062 quoque
1627 1008 1878 1060 Argentorati
1912 1007 2038 1056 4507,
2068 1009 2104 1046 8.

1149 1075 1334 1114 Coloniae
1359 1074 1460 1113 4573
1485 1073 1608 1111 forma
1632 1073 1800 1119 minore,
1824 1074 1864 1109 et
1893 1070 1978 1108 sine
2014 1071 2107 1108 anni

1150 1141 1243 1176 nota
1265 1141 1306 1176 et
1329 1137 1400 1175 loci
1437 1137 1475 1174 in
1514 1131 1586 1184 4,ιο
1608 1138 1654 1173 ut
1676 1133 1756 1172 dixi
1791 1134 1830 1171 in
1867 1131 2108 1170 Bibliotheca

1150 1200 1288 1238 Latina
1307 1200 1359 1237 III
1383 1199 1426 1248 2,
1452 1198 1513 1237 42.

1202 1261 1323 1312 Spero
1346 1264 1387 1299 et
1409 1261 1492 1311 ipse
1517 1269 1660 1297 novam
1681 1269 1745 1297 me
1769 1257 1956 1297 daturum
1972 1256 2108 1295 editio-

1148 1335 1241 1363 nem
1263 1322 1440 1362 Aratoris
1459 1321 1710 1361 emendatam
1733 1332 1783 1359 cx
1807 1319 1949 1360 Codice
1966 1319 2110 1359 Canta-

1146 1387 1353 1438 brigiensi,
1395 1383 1512 1435 cujus
1548 1385 1755 1423 Lectiones
1798 1382 2110 1422 communicavit

1149 1459 1307 1487 mecum
1332 1449 1394 1486 vir
1416 1447 1582 1485 illustris
1605 1457 1651 1484 ac
1675 1445 1930 1484 doctissimus
1965 1445 2109 1483 Ericus

1147 1511 1374 1559 Benzelius,
1398 1510 1618 1561 Episcopus
1642 1508 1757 1547 hodie
1781 1507 2036 1558 Lincopensis
2052 1505 2110 1544 di-

1147 1575 1381 1625 gnissimus,
1405 1583 1428 1611 a
1450 1583 1530 1623 quo
1563 1571 1805 1622 praeclaram
1841 1569 2014 1608 Philonis
2041 1569 2111 1607 Ju-

1147 1636 1234 1675 daei
1277 1635 1490 1674 editionem
1532 1632 1770 1684 jampridem
1815 1635 2110 1682 exspectamus.

1146 1698 1301 1738 Aratori
1316 1699 1570 1749 praemittere
1585 1697 1743 1735 animus
1757 1698 1820 1733 est
1833 1692 1933 1732 Acta
1947 1691 2114 1743 Aposto-

1147 1762 1273 1800 lorum
1299 1761 1448 1799 Graece
1472 1764 1513 1798 et
1537 1760 1673 1798 Latine
1711 1768 1902 1809 expressa
1924 1767 1946 1795 e
1970 1754 2113 1796 Codice

1151 1823 1351 1862 Laudiano
1388 1822 1437 1861 ad
1471 1821 1685 1860 editionem
1722 1820 1895 1858 Thomae
1933 1819 2086 1858 Hearne
2101 1848 2112 1865 ‚

1151 1886 1324 1925 Oxoniae
1350 1885 1474 1934 4745,
1514 1885 1550 1923 8.
1588 1881 1704 1934 eique
1727 1881 1942 1932 adjungere
1970 1881 2111 1919 florum

1151 1950 1395 1999 sparsionem
1425 1947 1473 1986 ad
1502 1946 1641 1986 eadem
1663 1944 1762 1984 Acta
1785 1949 1825 1982 et
1848 1943 1897 1982 ad
1920 1943 2044 1981 Grotii
2073 1943 2112 1980 in

1151 2011 1215 2049 illa
1229 2011 1552 2058 commentarios,
1567 2009 1806 2047 lustrantem
1826 2010 2011 2044 veterum
2028 2005 2113 2043 loca

1151 2085 1173 2112 a
1195 2073 1328 2112 Grotio
1352 2074 1502 2124 passim
1531 2071 1704 2114 laudata,
1731 2068 2113 2120 praeludentemque

1151 2135 1269 2173 simili
1297 2135 1417 2173 labori
1452 2135 1505 2178 in,
1528 2134 1765 2172 universum
1803 2131 1960 2169 Novum
1989 2130 2112 2168 JESU

1150 2198 1350 2237 CHRISTI
1375 2199 1689 2236 Testamentum.
1711 2195 1756 2232 ln
1777 2191 1949 2232 Usuardi
1968 2192 2113 2241 Marty-

1149 2261 1293 2312 rologio
1315 2259 1402 2311 prid
1425 2258 1588 2299 Kalend.
1613 2259 1633 2295 J
1640 2257 1725 2304 ulii,
1750 2255 1922 2307 elogium
1946 2253 1994 2292 de
2014 2253 2112 2292 Ara-

1148 2326 1232 2361 tore
1255 2323 1489 2373 neutiquam
1512 2318 1822 2372 expungendum
1843 2328 1953 2366 esse,
1970 2315 2111 2355 adver-

1150 2395 1221 2424 sus
1244 2385 1453 2423 Sollerium
1476 2384 1670 2422 Jesuitam
1687 2383 1731 2420 D.
1757 2380 2016 2427 Bouillartus,
2038 2379 2110 2416 Be-

1149 2447 1293 2486 nedict.
1318 2446 1546 2496 Presbyter,
1571 2449 1678 2483 recte
1703 2441 1910 2482 contendit.
1933 2442 1972 2478 in
2002 2450 2114 2490 prae-

1149 2511 1254 2549 clara
1277 2521 1348 2548 sua
1372 2508 1542 2548 Usuardi
1571 2507 1743 2546 editione
1772 2506 1892 2544 Paris.
1925 2502 2052 2549 4748,
2075 2502 2109 2539 4.

1149 2573 1290 2620 Dictio,
1316 2573 1400 2610 sive
1425 2571 1602 2609 suasoria
1618 2579 1721 2607 nona
1743 2566 1912 2606 Ennodii
1929 2565 2112 2603 Ticinen-

1149 2636 1205 2673 sis
1228 2638 1289 2673 est
1312 2633 1358 2672 cle
1382 2631 1476 2671 orbo
1495 2630 1730 2684 parentibus
1760 2628 1953 2675 Aratore,
1994 2637 2111 2677 quem

1147 2695 1386 2736 Laurentius
1395 2694 1425 2733 A
1431 2694 1499 2733 reli
1506 2693 1719 2745 iepiscopus
1727 2687 2028 2730 Mediolanensis
2043 2699 2094 2726 su

1147 2758 1279 2809 scepit.
1302 2759 1359 2796 De
1383 2757 1456 2795 hoc
1480 2756 1690 2794 Laurentio
1713 2752 1804 2791 vide
1825 2752 1880 2790 sis
1895 2750 1994 2790 Acta
2011 2751 2109 2789 San-

1148 2824 1302 2859 ctorum
1327 2818 1377 2858 27
1400 2819 1492 2857 Julii
1516 2823 1611 2856 tom.
1627 2816 1676 2855 VI
1700 2827 1786 2867 pag.
1806 2815 1881 2853 435
1898 2824 1980 2864 seq.
1999 2812 2108 2851 Idem

1146 2881 1353 2920 Ennodius
1378 2881 1417 2918 in
1441 2879 1614 2918 natalem
1638 2878 1800 2916 infantis
1822 2875 2000 2915 Aratoris
2020 2888 2027 2913 :

1202 2945 1280 2974 Jure
1302 2941 1384 2974 colis
1410 2942 1582 2982 proprium
1600 2939 1743 2971 natalem
1757 2961 1767 2977 ‚
1794 2937 1932 2979 pulcher
1957 2939 2094 2975 Arator,

1243 2993 1327 3031 Qui,
1349 2993 1377 3022 si
1403 2999 1469 3022 non
1492 2990 1636 3028 coleres,
1658 2989 1823 3029 numquid
1846 2991 1963 3019 Arator
1986 2988 2051 3019 eris
2068 2989 2084 3018 Ρ

1148 3043 1320 3084 Carmen
1340 3040 1567 3092 Eleyiacum
1591 3040 1767 3080 Aratoris
1782 3038 1837 3077 ad
1851 3037 2107 3077 Parthenium

1147 3106 1292 3144 sororis
1315 3103 1482 3144 Ennodii
1514 3103 1657 3153 filium,
1680 3103 1817 3142 Virum
1843 3102 2062 3150 illustrem,
2087 3113 2111 3140 a

1145 3180 1222 3218 quo
1255 3167 1303 3206 ad
1339 3168 1473 3217 poesin
1507 3176 1659 3205 sacram
1697 3166 1893 3204 excitatus
1925 3164 2110 3214 inprimis

1145 3232 1291 3278 fuerat,
1315 3229 1437 3268 edidit
1466 3227 1700 3268 Sirmondus
1729 3226 1802 3266 An.
1828 3227 1922 3266 4644
1953 3225 2002 3265 ad
2031 3226 2110 3265 cal-

1142 3304 1230 3332 cem
1247 3296 1428 3331 notarum
1445 3292 1485 3330 in
1504 3289 1729 3330 Ennodium
1747 3319 1755 3336 ,
1772 3293 1812 3328 et
1827 3293 1932 3328 tomo
1955 3290 1982 3328 I.
2007 3288 2108 3340 Ope-

1143 3367 1230 3395 rum
1255 3365 1339 3406 pag.
1366 3355 1479 3394 4944.
1509 3358 1628 3404 atque
1657 3352 1704 3391 de
1730 3352 1800 3391 hoc
1818 3351 2025 3392 Parthenio
2048 3351 2106 3392 vi-
