2500 4009
457 259 530 297 sto
1149 293 1154 297 ,

456 346 593 372 versus
612 329 846 371 sutholicum
862 337 936 375 per
960 327 1077 360 totum
1111 319 1253 359 Orbem
1277 317 1394 367 diffu-

454 409 537 434 sam
570 391 780 431 Ecclesiam
806 382 1064 423 horribilibus
1086 394 1112 419 a
1137 385 1171 419 te
1192 379 1399 432 superseri

462 455 623 494 zizanias
649 464 718 488 non
745 446 918 486 laminii.
943 448 1053 494 Quat
1086 447 1175 494 peto
1218 441 1398 482 velociter

457 516 593 565 tollſtris
618 524 665 549 a<
680 508 956 562 praedamnes.
980 504 1091 554 Quod
1108 514 1226 556 prius
1241 501 1397 554 quidem

456 582 489 614 te
502 576 633 626 siu-«re
657 568 882 622 oportebat
905 579 1023 619 quam
1051 567 1089 604 in
1112 564 1256 604 mundo
1286 563 1398 602 letale

458 638 566 675 tirus
585 643 791 684 aspersum
817 628 1054 682 simplicium
1079 632 1116 666 et
1138 626 1397 666 i'nnoeenttum

457 697 689 746 interfit-eret
713 696 869 732 memes.
907 691 990 730 λοη
1020 701 1111 740 erqo
1149 689 1309 740 (liqnum
1345 691 1404 727 est

459 758 720 809 rebaptiz-are.
748 756 855 805 Ειῃο
889 752 1048 791 eradica
1075 756 1111 789 et
1143 753 1328 798 artrica,
1359 754 1405 788 ‘ut

453 821 655 865 dirimas,
683 816 903 869 florulentis
933 813 1178 854 sermonibus
1205 818 1324 865 atque
1343 813 1401 851 (Ii-

454 883 542 930 qnis
555 893 629 932 per
639 880 899 932 posteriorem
915 877 1132 928 Epistolam
1143 877 1285 928 priora
1301 876 1400 915 scri-

452 948 546 993 pta.
577 954 679 993 quae
703 944 840 979 contra
875 938 1117 979 Catholicam
1148 939 1283 977 Fidem
1317 950 1401 976 ser-

457 1018 552 1044 rare
585 1018 604 1042 :i
647 1006 887 1041 censuerunt
916 1001 1113 1051 yenirnimz
1150 1001 1397 1051 viperarum.

456 1068 538 1106 Xon
555 1067 653 1104 enim
672 1065 779 1102 (lecet
794 1068 924 1102 tautae
949 1062 1298 1101 UrbisAntistitem
1327 1075 1400 1100 eae-

456 1128 846 1177 ‹·ellentissimumque
864 1126 1067 1164 Ductorem
1091 1157 1097 1166 .
1124 1128 1190 1172 ut,
1215 1124 1307 1162 dum
1324 1137 1398 1176 pu-

459 1195 518 1228 tus
565 1189 738 1227 haeresis
768 1187 961 1238 baptisma
1000 1185 1371 1237 praedamnandum
1387 1218 1396 1235 ,.

457 1262 591 1288 rerum
616 1249 807 1301 baptisma
826 1246 1081 1288 sermonibus.
1098 1248 1303 1287 maculare
1323 1260 1397 1286 au-

455 1311 552 1355 dias,
571 1312 603 1350 bt
620 1323 722 1362 quae
735 1310 840 1348 doles
856 1313 994 1348 contra
1009 1308 1235 1362 Apostolum
1250 1309 1397 1348 scilicet

455 1385 677 1422 relinquare
702 1372 916 1410 dicentem:
939 1374 972 1419 ς’)
1004 1371 1116 1411 Unus
1145 1373 1287 1420 DEUS,
1319 1383 1396 1411 una

456 1434 591 1475 Fides,
623 1446 746 1473 unum
772 1435 986 1484 Baptisma.

598 1556 879 1596 CYPRIANUS
902 1557 1005 1595 Plebi
1027 1557 1254 1608 Carthagini

543 1620 802 1665 consistenti,
827 1624 1029 1657 aeternam
1050 1621 1088 1657 in
1113 1621 1302 1660 DOMINO

825 1680 1015 1718 Salutem.

506 1802 667 1841 Gratias
697 1802 851 1853 quidem
880 1803 1036 1853 aqimus
1069 1805 1174 1844 ΠΕΟ
1218 1807 1335 1847 Patri
1373 1815 1411 1849 et

457 1865 657 1903 DOMINO
677 1865 805 1903 JESU
826 1865 1048 1904 CIIRISTO
1069 1898 1079 1915 ,
1104 1867 1176 1918 qui
1207 1881 1276 1909 vos
1299 1872 1399 1912 adu-

454 1930 565 1964 natos
588 1930 704 1977 atquc
730 1925 768 1963 in
791 1927 1059 1966 conventicula
1083 1929 1267 1971 restituit.
1301 1935 1400 1974 Pro-

452 1991 540 2036 pter
559 2000 677 2039 quam
704 1999 785 2025 rem
812 1989 1118 2028 memoravimus
1142 1995 1180 2030 et
1209 1994 1400 2047 scriptum

457 2048 772 2087 beatissimorum
794 2051 1021 2099 Martyrum
1044 2056 1164 2103 atque
1200 2054 1404 2108 Confesso—

462 2120 550 2147 rum
575 2109 769 2148 voluimus
791 2110 844 2148 ad
869 2111 1089 2150 Consilium
1112 2118 1291 2154 nostrum
1319 2129 1404 2156 ser-

463 2182 570 2208 rare.
583 2170 699 2208 ,lubet
712 2171 881 2221 desuper
895 2172 1085 2222 Majestas
1101 2179 1220 2225 atque
1229 2178 1404 2227 Spiritus

464 2233 652 2272 Sanctus,
684 2232 797 2281 cujus
834 2233 870 2269 in
895 2231 1006 2271 nobis
1030 2235 1173 2274 Gratia
1202 2239 1310 2278 testis
1347 2244 1405 2279 est

461 2291 665 2330 salutaris.
699 2293 797 2330 Nam
837 2304 924 2330 cum
964 2298 1157 2335 tractaret
1199 2298 1246 2335 de.
1285 2301 1404 2339 tradi-

461 2353 632 2398 toribus,
654 2351 767 2401 jubet
796 2357 875 2391 tam
905 2354 944 2392 in
968 2356 1179 2407 Evanyelio
1204 2371 1326 2411 quam
1364 2362 1403 2400 in

457 2413 662 2462 ,·tpostolo.
695 2418 772 2452 tam
805 2415 841 2451 in
873 2416 1042 2456 Psalmis
1072 2429 1192 2469 quam
1228 2421 1267 2459 in
1306 2425 1402 2462 Pro-

452 2473 579 2522 phetis
606 2478 642 2512 et
682 2476 848 2513 caeteris
884 2478 1105 2527 Scripturts
1130 2481 1166 2529 d)
1186 2513 1194 2529 ,
1241 2484 1401 2523 Scruta-

458 2536 561 2572 mini.
603 2537 684 2583 Quo
720 2540 898 2574 scrutato
935 2550 962 2575 a
990 2538 1100 2579 nobis
1131 2541 1315 2584 invenitis
1348 2545 1399 2584 ab

461 2595 535 2635 ris.
561 2607 627 2646 qui
656 2597 889 2664 Scripturas
918 2600 1086 2640 Sanctas
1115 2603 1398 2656 tradi,derunt

459 2669 533 2693 uon
551 2669 632 2695 mer
635 2669 678 2695 er
683 2658 697 2696 i
707 2670 769 2697 eos
784 2660 970 2710 conqrerli
983 2662 1197 2703 Consilium
1208 2671 1400 2720 nostrum,

458 2718 497 2754 ul
519 2723 575 2756 est
599 2719 812 2758 (ωιείϊιιιηι
837 2720 1029 2762 habi.tare
1059 2726 1178 2764 Vemo
1203 2729 1302 2768 enim
1330 2735 1399 2779 est,

456 2792 522 2828 qui
547 2780 614 2816 hoc
630 2781 841 2820 Consilium
862 2785 1155 2836 conqrediatur,
1175 2801 1251 2828 non
1267 2791 1401 2831 Caele-

456 2844 549 2877 stem
573 2846 725 2892 spectet.
748 2843 803 2881 ic
833 2850 1044 2896 propterea
1068 2853 1398 2902 memoravimus,

460 2906 499 2937 ut
520 2902 557 2939 ie.
588 2914 654 2953 qm
680 2903 810 2941 taliter
841 2907 1074 2957 Scripturas
1103 2913 1401 2964 tractaverunt,

457 2962 508 2998 ‹ul
526 2966 669 3001 statum
686 2963 835 3015 plebis.
861 2968 1108 3018 etjurlunum
1132 2972 1183 3010 ab
1202 2974 1403 3027 ipsispor-

461 3028 603 3061 νει-[ηιμ
631 3057 638 3069 ,
665 3038 732 3063 nec
757 3027 894 3078 aliqua
916 3031 1016 3068 acteo
1040 3032 1091 3070 ab
1122 3034 1218 3086 ipses
1244 3039 1400 3088 pr'yomz

512 3194 545 3221 ι)
566 3186 703 3219 nutasse
731 3198 858 3222 serere.

512 3234 545 3267 1η
571 3237 718 3268 Audeat.

514 3292 543 3316 cs
570 3285 690 3321 Ephes.
709 3288 759 3317 lv.
789 3288 820 3320 ὗ.

515 3328 547 3356 ιΙῚ
574 3333 642 3362 scm.
668 3336 702 3364 V.
727 3336 781 3366 39,

1224 244 1660 286 (ἶΥΡΙὶΙΑΝῑἺΞ

1477 314 1548 354 sed
1585 327 1657 354 nee
1683 320 1800 355 etiam
1824 314 1879 354 ad
1896 317 2044 353 statum
2066 311 2278 364 sacrificii,
2303 320 2428 362 neque

1465 375 1597 428 plebis
1627 388 1710 416 esse
1733 376 1945 429 proaeimi,·
1965 375 2061 428 quia
2089 375 2226 426 utique
2239 373 2330 425 jam
2353 371 2426 412 du—

1472 437 1565 476 dum
1590 437 1782 477 derelicta
1791 436 1918 489 plebe,
1944 436 2098 476 nudata
2120 435 2284 485 altaria,
2292 445 2428 486 prom-

1470 503 1510 538 ta
1517 501 1550 548 a)
1568 499 1785 551 sacrificia.
1801 499 1943 539 Merito
1953 499 2048 538 haec
2062 500 2325 538 memorantes
2337 506 2428 536 cum

1469 561 1665 600 moestitia
1695 573 1743 600 ac
1772 561 1906 601 dolore
1934 559 2062 600 animi
2082 559 2229 612 profici
2251 561 2346 599 teste
2374 557 2429 597 ad

1476 623 1727 663 DOMINUM
1745 622 1850 675 quod
1871 620 2079 662 debuimus
2101 625 2278 661 statuere
2307 630 2428 673 quam

1475 697 1608 725 omnes
1631 685 1932 736 disceptationes
1957 687 1995 723 et
2007 681 2272 723 dissensiones
2286 685 2325 722 et
2337 681 2429 721 hae-

1475 757 1588 786 reses
1612 750 1650 785 et
1671 744 1865 786 scandala
1893 745 2145 789 hauserant
2174 755 2223 782 ne
2255 742 2428 783 ulterius

1469 811 1688 859 provocent
1711 818 1752 846 se
1776 806 1972 854 homines,
1982 815 2068 865 seu
2085 805 2218 844 minus
2233 803 2336 856 fidei,
2359 815 2430 844 seu

1473 869 1698 921 Scripturis
1725 867 1827 907 leves
1847 867 1928 907 sint
1949 871 1987 906 et
1996 865 2202 916 ·‚lectores
2222 864 2264 904 id
2289 865 2432 905 statui·

1474 942 1580 978 mus,
1601 934 1723 982 atque
1746 932 1894 969 statuto
1916 931 2050 968 nostro
2073 927 2209 967 recedi
2226 926 2427 976 nolumus,

1474 997 1518 1032 ut
1539 993 1577 1031 si
1602 992 1673 1044 qui
1700 990 1871 1030 tradidit
1893 989 2149 1044 praepositus
2177 988 2270 1029 huic
2292 987 2427 1042 plebi,

1472 1058 1704 1094 mereantur
1723 1053 1939 1093 antistitem
1961 1051 2310 1092 administrantem
2328 1049 2430 1090 alta-

1473 1118 1514 1156 ri
1533 1129 1582 1155 ac
1605 1128 1771 1168 corpore
1801 1116 1966 1167 inte9ro.
1996 1114 2054 1154 Iis
2081 1124 2178 1154 vero
2197 1113 2425 1167 jussimus,

1472 1177 1666 1231 aquibus
1706 1182 1743 1218 et
1779 1177 2024 1230 sacrificium
2053 1176 2200 1228 offerri
2224 1173 2430 1228 jubemus.

1472 1241 1610 1281 Merito
1624 1240 1854 1292 praeceptis
1870 1239 1920 1278 iis
1937 1237 2208 1291 obtemperari
2224 1235 2347 1286 debet,
2360 1245 2431 1275 nec

1472 1303 1586 1342 aluid
1602 1303 1670 1354 fiet
1683 1313 1805 1354 quam
1821 1304 1972 1340 statuta
1989 1298 2235 1352 Evanqelica
2248 1310 2334 1339 voae
2349 1298 2412 1338 sin

1471 1377 1564 1405 cera
1586 1368 1678 1403 cata
1699 1363 1916 1403 Joliannem
1938 1364 1976 1412 h)
2000 1362 2201 1416 loquitur:
2223 1362 2321 1402 Nolo
2340 1389 2348 1406 ,
2368 1359 2428 1399 in-

1473 1427 1580 1480 quit,
1605 1427 1654 1465 de
1691 1426 1875 1465 manibus
1898 1426 2048 1464 vestris
2076 1422 2266 1464 sacrificia
2289 1452 2298 1472 ,
2333 1422 2426 1473 quia

1473 1500 1550 1526 non
1577 1488 1746 1526 venistis
1770 1486 1816 1526 ad
1836 1498 1899 1525 me
1919 1497 2011 1526 cum
2025 1485 2155 1525 hostia
2169 1483 2332 1524 munda.
2350 1482 2430 1532 Qui

1472 1550 1608 1602 utique
1631 1548 1798 1588 hostiam
1820 1547 2010 1588 mundam
2031 1559 2110 1586 non
2131 1546 2272 1598 offert,
2297 1544 2426 1585 hostia

1473 1611 1520 1651 cle
1535 1610 1720 1650 manibus
1741 1611 1827 1663 ejus
1842 1621 1919 1649 non
1937 1608 2273 1649 adscendit.Nam
2283 1606 2431 1646 iterum

1475 1673 1639 1724 lenimus
1665 1687 1674 1711 .·
1715 1674 1748 1722 c)
1770 1674 1814 1712 In
1842 1673 2033 1724 principio
2057 1675 2142 1710 erat
2164 1669 2368 1717 Verbum,
2393 1671 2434 1707 et

1471 1736 1645 1775 Verbum
1676 1739 1763 1774 erat
1791 1735 1896 1786 apud
1924 1733 2084 1782 DEUM,
2112 1738 2152 1772 et
2175 1731 2309 1772 DEUS
2336 1734 2422 1770 erat

1480 1796 1668 1835 Verbum.
1688 1796 1768 1845 Qui
1789 1807 1866 1847 per
1885 1793 2055 1834 Verbum
2067 1793 2289 1846 finctionem
2301 1791 2432 1844 finxe-

1476 1857 1559 1895 rint
1580 1857 1679 1895 dare
1707 1867 1773 1895 res
1804 1854 2080 1895 inhabitabiles
2107 1853 2218 1908 apud
2245 1853 2332 1893 illos
2360 1864 2433 1893 seu

1474 1929 1594 1957 veras
1623 1918 1859 1969 Scripturas
1887 1928 2031 1957 sacras
2058 1927 2129 1956 seu
2158 1916 2326 1969 finctus,
2361 1914 2434 1967 qui

1475 1979 1545 2018 dat
1566 1991 1698 2019 vocem
1723 1983 1758 2018 et
1781 1979 1852 2031 qui
1877 1979 1945 2018 dat
1968 1978 2170 2018 desideria
2202 1977 2400 2031 proaeima
2417 2009 2428 2027 ,

1475 2041 1547 2092 qui
1565 2041 1701 2093 utz'que
1719 2041 1841 2093 sinqet
1865 2041 2051 2091 tradere,
2077 2039 2276 2092 supplebit
2302 2038 2427 2079 tradi-

1476 2102 1629 2140 tionem.
1664 2102 1805 2142 Merito
1834 2105 2021 2154 neqantes
2053 2101 2236 2142 volumus
2272 2100 2432 2141 interim

1477 2163 1633 2201 veniam
1657 2162 1802 2203 habere
1826 2163 2046 2215 confitentes
2060 2166 2214 2215 patres.
2240 2163 2344 2204 Nam
2363 2162 2436 2216 qui

1477 2223 1573 2262 dicit
1595 2236 1636 2263 se
1660 2225 1896 2277 Scripturas
1918 2236 2000 2263 non
2020 2222 2181 2274 habere,
2205 2225 2341 2277 utique
2357 2236 2434 2277 pa-

1475 2289 1591 2325 ratus
1618 2285 1699 2338 fuit
1729 2290 1767 2325 et
1792 2286 1994 2339 torqueri,
2032 2298 2206 2339 quorum
2244 2285 2429 2340 eaeempta

1476 2346 1676 2387 habemus.
1707 2348 1834 2387 Tertio
1858 2351 2113 2400 neqaverunt,
2135 2352 2174 2388 et
2194 2350 2435 2389 Sacramen-

1475 2412 1557 2447 tum
1580 2420 1657 2447 non
1677 2409 1940 2448 tradiderunt.
1957 2409 2015 2449 Hi
2025 2413 2160 2449 autem
2181 2410 2254 2463 qui
2273 2421 2344 2450 nec
2375 2410 2434 2449 in-

1475 2471 1668 2521 terroyati
1687 2470 1933 2521 obtulerunt,
1959 2471 2119 2511 interim
2134 2483 2261 2524 usque
2278 2470 2334 2512 ad
2350 2475 2432 2513 sta-

1475 2535 1557 2569 tum
1579 2531 1770 2582 Consilii,
1787 2532 1884 2572 laici
1903 2532 2260 2574 communicabunt.
2281 2534 2431 2575 Verun-

1474 2596 1602 2632 tamen
1632 2593 1672 2632 in
1699 2597 1848 2633 statum
1887 2595 2056 2636 Consilii
2090 2595 2199 2648 quod
2218 2596 2433 2649 Scriptura

1474 2666 1595 2694 sacra
1631 2655 1879 2708 promoverit
1931 2656 2148 2697 secundum
2195 2657 2429 2698 sententiam

1470 2717 1597 2767 fioeam
1623 2718 1771 2757 sanctis
1805 2721 1844 2757 et
1872 2718 2014 2758 amicis
2038 2719 2135 2758 DEI
2154 2717 2337 2772 suppleri
2365 2727 2432 2759 vo-

1474 2777 1606 2818 lumus
1621 2812 1631 2828 ,
1657 2792 1748 2818 cum
1759 2780 1850 2832 jam
1874 2783 1988 2821 testes
2009 2785 2047 2821 et
2062 2780 2254 2834 proximi
2278 2779 2433 2832 aliquid

1464 2840 1554 2891 jam
1577 2840 1728 2880 dudum
1749 2845 1978 2882 statuerant
1996 2842 2127 2883 nostri
2147 2846 2428 2882 antecessores.

1477 2901 1533 2941 Ob
1549 2915 1668 2954 quam
1691 2915 1777 2943 rem
1802 2915 1959 2944 necesse
1981 2908 2042 2945 est
2062 2915 2132 2945 nos
2157 2903 2321 2945 testibus
2339 2913 2431 2943 con-

1529 3052 1563 3089 a)
1586 3052 1775 3092 Legendum
1800 3051 1939 3084 tortasse
1972 3055 2131 3092 peremta
2145 3075 2158 3093 ,
2195 3050 2246 3083 vel
2269 3053 2437 3090 promota

1471 3100 1502 3131 h.
1526 3109 1542 3131 c
1567 3105 1715 3139 remota,
1740 3105 1776 3132 ut
1802 3099 1890 3140 apud
1917 3101 2112 3134 Ciceronem
2136 3102 2192 3132 ΙΙΙ.
2230 3098 2269 3131 16
2290 3099 2332 3131 de
2354 3097 2436 3130 {lni-

1471 3149 1554 3181 bus:
1580 3154 1691 3181 tamen
1713 3149 1947 3189 promovendi
1977 3149 2142 3182 vocabulo
2166 3151 2203 3181 in
2226 3147 2345 3181 eadem
2370 3146 2434 3179 hoc

1471 3198 1617 3238 Epistola
1639 3200 1705 3231 alio
1725 3207 1825 3230 sensu
1849 3197 1970 3231 deinde
1993 3200 2178 3240 cyprianus
2202 3198 2323 3229 utitur.

1532 3249 1566 3288 b)
1592 3243 1709 3279 1<me
1730 3239 1904 3282 Ῑωᾶννῆν.
1927 3247 1988 3281 sed
2012 3247 2101 3288 apud
2123 3247 2310 3279 sonnonem
2333 3245 2435 3278 verba

1474 3296 1526 3329 illa
1552 3307 1618 3331 non
1645 3300 1812 3341 leguntur.
1839 3301 1959 3332 sensus
1982 3300 2088 3330 exstat
2110 3297 2230 3330 Esaiae
2253 3297 2292 3335 Ι,
2316 3295 2366 3328 15.

1534 3356 1564 3378 (τι
1590 3351 1666 3382 soh.
1693 3353 1715 3382 Ι.
1754 3349 1783 3381 1.
