2500 4009
391 246 469 284 4100

392 319 482 352 ctus
503 314 576 351 An.
608 313 716 351 1157.
744 311 918 358 Scriptor
942 309 1139 346 l‘racticae
1162 305 1211 346 d'e
1234 319 1348 348 cura-

393 377 496 412 tione
513 374 733 412 morborum
752 370 925 418 corporis
946 368 1107 406 humani
1124 370 1202 408 MS.
1219 370 1348 420 Lipsia

392 437 504 474 Alius
532 436 700 470 loannes
725 432 846 469 Grato
872 431 919 477 (a
950 430 1192 478 Krastheim)
1224 431 1349 470 Vrati-

392 496 629 534 slariensis.
670 491 842 529 Modicus
880 492 1168 540 Imperatorum
1210 492 1343 530 Ferdi-

391 555 506 594 nandi
530 552 830 591 lstMaximiliani
859 551 902 589 ll.
928 552 989 590 cui
1021 562 1042 589 a
1074 552 1170 602 [acie
1200 553 1343 591 similis

393 619 512 654 fuisse
536 613 716 657 traditur,
737 618 776 650 et
798 612 990 662 lludolplii
1017 614 1061 650 ll.
1087 613 1192 651 Obiit
1218 615 1254 651 in
1279 626 1346 665 pa-

392 680 461 715 tria
480 678 551 714 An.
581 675 957 724 ¹:585.pluriinoruiu
977 675 1190 724 insignium
1208 681 1347 714 auctor

392 743 654 788 scriptorum,
676 747 777 786 quae
803 737 840 773 in
867 735 1118 774 Bibliothecis
1141 736 1301 775 Medicis
1325 748 1347 775 a

393 799 580 837 l.indenio
595 831 606 846 ,
633 797 868 845 Mcrcklino,
889 799 1070 847 Maugeto
1093 798 1230 844 relata,
1255 810 1350 838 enu-

397 862 537 899 merari
581 861 663 899 loco
703 860 830 898 alieno
871 871 890 897 a
938 870 1000 897 me
1046 859 1140 898 nihil
1186 865 1246 898 est
1287 871 1352 898 ne-

398 933 525 960 cesse.

443 983 578 1022 Simon
597 983 642 1021 (le
668 983 903 1022 CREMONA
924 1012 932 1029 ,
958 983 1080 1028 infra,
1107 982 1271 1022 SlMON.

443 1045 780 1084 CBEMONENSE
803 1044 1024 1082 Chronicon
1046 1045 1094 1082 ab
1111 1043 1155 1082 Λ.
1171 1046 1213 1083 C.
1238 1044 1351 1083 4096.

390 1108 438 1145 ad
468 1107 580 1146 ¹232.
612 1111 701 1155 post
725 1104 950 1149 SlCARDI,
974 1105 1160 1155 Episcopi
1193 1106 1353 1144 Cremo-

391 1170 551 1205 iwnsis.
583 1168 802 1205 Chronicon
841 1166 992 1203 editum
1032 1177 1054 1203 a
1094 1166 1352 1204 celeberrimo

391 1231 598 1268 >lumini-io
636 1234 731 1265 tom.
771 1229 852 1265 vlt.
891 1227 1083 1265 Thesauri
1115 1229 1351 1278 scriptorum

391 1292 523 1329 ltaliae
567 1302 652 1340 pag.
685 1290 773 1326 629.
805 1300 896 1327 cum
928 1289 1118 1328 laterculo
1148 1290 1351 1339 Magistra-

392 1360 504 1391 tuum
526 1351 856 1390 Cremonensium
880 1350 928 1388 ab
949 1349 1022 1388 An.
1044 1351 1145 1389 1138
1165 1349 1213 1388 ad
1238 1350 1351 1389 ⁴336.

443 1412 791 1451 CRESCENTIUS
819 1413 1013 1459 AEsinus,
1043 1411 1203 1451 Ordinis
1233 1413 1352 1449 Mino—

392 1486 505 1522 rum,
530 1476 706 1513 Minister
729 1473 962 1519 Generalis,
991 1474 1214 1523 Episcopus
1243 1472 1354 1511 Assi-

394 1537 474 1573 sias
503 1537 606 1574 circa
646 1535 806 1574 Annum
840 1536 940 1574 4250
972 1546 1021 1572 ex
1051 1533 1167 1584 cujus
1197 1534 1354 1584 scriptis

393 1598 644 1647 Wuddingus
682 1608 767 1647 pag.
808 1597 870 1634 98.
901 1597 1164 1634 Bibliothecae
1202 1596 1357 1633 Franci-

391 1670 600 1697 scanorum
640 1658 752 1696 Jicri's
787 1660 992 1695 Summam
1008 1688 1018 1705 ‚
1060 1662 1100 1694 et
1143 1655 1353 1694 dubiorum

390 1719 641 1770 quorimclam
663 1719 771 1757 circu
790 1717 971 1769 repulam
989 1722 1027 1757 S.
1049 1719 1246 1756 {francisci
1267 1749 1275 1765 ,
1291 1716 1355 1754 ‹le—

390 1780 647 1819 clar-ationem
674 1784 879 1818 memorat.
903 1782 1052 1818 Omitto
1077 1779 1125 1817 de
1150 1780 1236 1817 aliis
1257 1779 1352 1816 Cre-

394 1844 559 1880 scentiis
583 1843 738 1888 dicere,
766 1847 808 1880 ut
837 1841 885 1879 de
917 1842 980 1879 illo
1009 1843 1076 1890 qui
1107 1845 1243 1878 contra
1267 1838 1356 1877 Ale-

391 1905 586 1943 xandrum
613 1903 926 1942 Alexandrinum
952 1904 1192 1953 Episcopum
1217 1900 1351 1939 desen-

389 1966 472 2012 dit,
499 1965 647 2004 Pascha
671 1966 732 2002 die
758 1976 916 2016 semper
937 1965 1142 2003 ‹Dominico
1171 1974 1260 2001 esse
1289 1973 1353 2000 ce-

392 2028 636 2066 lebrandum.
686 2027 781 2066 vide
825 2028 1093 2078 Epiphanium
1137 2027 1256 2064 LXX.
1299 2026 1347 2072 9,

391 2097 483 2127 tom.
511 2092 522 2127 l
544 2119 551 2136 ,
576 2102 660 2139 pag.
688 2091 778 2127 82¹.
803 2090 952 2127 Graece
982 2090 1087 2126 enim
1115 2088 1247 2137 hunc*⁷
1272 2097 1347 2124 non

396 2153 530 2189 Latine
555 2151 762 2199 scripsisse
789 2150 881 2187 milii
907 2149 1138 2198 persuadeo.

445 2213 588 2249 Petrus
626 2210 672 2247 (le
710 2212 1065 2256 (‘:1tl-;s(:EN'l*lts,
1105 2211 1190 2247 sive
1233 2209 1351 2246 CRE—

393 2272 744 2315 SCliNTlliNSlS,
769 2272 834 2320 qui
860 2272 961 2308 circa
987 2270 1059 2308 An.
1087 2270 1188 2309 4280
1221 2270 1351 2307 floruit

394 2335 613 2379 Bononiae,
652 2334 819 2382 scriptor
853 2333 982 2381 operis
1020 2343 1088 2382 pro
1127 2331 1188 2369 illa
1223 2336 1351 2369 aetate.

393 2397 524 2433 eximii
553 2397 588 2432 in
615 2395 685 2432 ΧΗ
717 2394 917 2431 distributi
950 2394 1068 2431 libros
1097 2392 1143 2430 (le
1174 2390 1353 2429 omnibus

393 2455 678 2507 Agriculturae
692 2453 880 2506 partibus
901 2458 937 2492 ec
955 2454 1000 2492 (Ic
1017 2453 1252 2504 plantarum
1268 2453 1353 2490 cmi-

395 2516 633 2567 titullumque
650 2519 798 2553 natura
811 2519 848 2553 et
867 2515 1046 2561 utilitate,
1060 2516 1217 2552 Lovanii
1238 2514 1351 2553 4473.

397 2580 456 2615 sol.
485 2578 658 2615 llasileae
697 2578 809 2615 4548.
850 2577 911 2614 fol.
946 2581 987 2613 et
1015 2577 1250 2613 Germanice
1277 2586 1355 2613 von

396 2640 478 2677 dem
510 2639 664 2677 Nntzen
693 2638 763 2676 der
792 2638 940 2688 Dinsse,
961 2638 1124 2687 Argent.
1150 2638 1264 2675 1518.
1290 2637 1354 2673 fol.

397 2702 521 2749 liujus
546 2702 765 2738 (Irescentii
786 2701 937 2748 efligies
961 2704 1001 2736 et
1025 2699 1193 2749 elogium
1217 2701 1255 2735 in
1281 2698 1356 2735 ico-

398 2763 510 2799 nibus
534 2763 592 2799 .lo.
617 2762 801 2799 Sambuci
831 2773 938 2799 num.
965 2762 1027 2799 65.

454 2826 519 2860 '82
543 2823 789 2861 Praeclarum
816 2823 856 2859 Ρ.
884 2821 1103 2861 crescentii
1126 2832 1225 2871 opus
1246 2831 1356 2871 prae-

397 2886 500 2921 viai-c·
541 2885 707 2922 Saeculo
744 2885 847 2922 XIV.
883 2885 932 2922 ab
967 2894 1174 2933 anonymo
1224 2883 1356 2921 Italico

401 2957 560 2983 versum
583 2944 805 2982 Florentiae
829 2957 890 2982 an.
918 2944 1044 2991 4478,
1070 2945 1131 2982 fol.
1159 2946 1328 2994 primum
1346 2975 1355 2991 ,

400 3007 539 3044 deinde
576 3005 770 3044 l'iceutine
799 3007 914 3044 1190.
951 3007 972 3043 f.
1006 3006 1154 3055 pluries
1185 3007 1220 3043 in
1243 3006 1352 3044 Sacc.

404 3067 502 3103 xx'l.
523 3069 664 3104 iterum
686 3066 908 3103 Florentiae
932 3079 992 3103 mi.
1022 3067 1122 3105 1605
1146 3079 1227 3105 cur.
1248 3067 1359 3105 13.De

405 3129 542 3173 κως-εὴ,
579 3133 713 3176 postea
741 3128 779 3164 in
804 3127 948 3178 Nupoli
980 3128 1092 3166 4724..
1118 3128 1158 3166 in
1188 3127 1360 3177 Boloyna

410 3189 517 3225 1781.
537 3188 571 3223 in
590 3188 735 3226 ,llilano
758 3191 870 3228 1805.
886 3189 981 3227 etin
1010 3191 1159 3228 Verona
1185 3191 1357 3229 4854-5‘2

409 3249 470 3284 ΙΙΙ.
502 3249 573 3284 inl.
611 3252 645 3286 8.
677 3251 953 3298 emendatius,
977 3256 1143 3289 curante
1167 3252 1215 3290 cl.
1247 3263 1285 3289 v.
1317 3252 1360 3288 Β.

409 3310 516 3344 sni-in
557 3310 684 3347 l’resb.
709 3314 817 3350 (li-ut.
844 3314 1059 3351 novissime
1084 3314 1224 3363 paruit.
1263 3312 1359 3351 Vide

1156 241 1619 284 CRESCENTM

1421 315 1462 348 et
1490 311 1626 363 Eloqio
1654 313 1697 352 di
1723 315 1764 352 P.
1796 315 2009 354 Crescenzi'
2045 314 2088 353 di
2132 313 2279 366 Filippo
2313 315 2378 353 Re.

1423 371 1595 423 Boloqna
1628 376 1754 422 1812,
1784 377 1848 424 8.)

1476 433 1712 482 Ilicberte'ni,
1755 435 1902 475 Clerici
1941 434 2376 477 CRESCENTINATIS

1423 500 1537 534 notae
1576 498 1612 534 in
1648 499 1846 547 Epistolas
1881 499 2080 537 Ciceronis
2113 498 2161 537 ad
2197 497 2380 535 diversos

1421 557 1561 595 editae.
1584 559 1721 596 Venet.
1746 559 1859 598 1480.
1881 560 1923 596 ln
1945 558 2143 597 Valerium
2162 560 2377 596 Maximum

1421 629 1578 668 quoque
1599 624 1638 657 et
1657 619 1785 658 Ovidii
1809 620 2020 667 Heroides,
2044 625 2086 660 ut
2109 622 2146 658 in
2171 619 2383 658 Bibliothe-

1421 690 1466 716 ca
1492 680 1625 718 Latina
1653 686 1789 719 notare
1812 692 1875 718 me
1897 681 2071 719 memini.
2098 682 2186 731 lpse
2209 684 2383 719 testatur

1423 739 1627 778 Mediolani
1646 752 1689 778 se
1709 745 1748 778 et
1773 743 1912 791 Papiae.
1936 741 2059 780 bonas
2083 742 2236 780 litteras
2258 741 2385 792 publi-

1425 812 1469 838 ce
1490 800 1673 839 docuisse
1691 832 1698 847 ‚
1716 802 1785 839 sed
1809 804 1938 852 ipsum
1958 807 2072 852 ,post
2091 802 2293 842 sublatum
2310 801 2382 841 An.

1429 862 1530 899 4466
1571 866 1736 900 cruenta
1773 862 1892 901 caede
1924 864 1961 900 in
1992 864 2139 913 templo
2165 864 2386 903 Galeatium

1426 925 1637 970 startiam,
1668 923 2000 962 Mediolanensem
2037 925 2212 973 Ducem,
2243 930 2383 975 sponte

1429 996 1499 1023 sua
1522 985 1556 1022 id
1580 996 1728 1023 munus
1748 986 1931 1023 omisisse
1951 989 1992 1023 et
2011 986 2050 1023 in
2070 986 2242 1024 Montem
2267 986 2386 1025 ferra-

1429 1051 1513 1084 tum
1536 1046 1758 1095 Casaleque
1783 1056 1826 1083 se
1849 1046 2080 1084 contulisse.

1481 1107 1794 1147 CRESCOMUS
1819 1106 2114 1146 Grammaticus
2136 1108 2238 1158 parti
2259 1107 2389 1147 Dona-

1428 1170 1481 1216 ti,
1506 1169 1713 1219 prolixiore
1743 1166 1923 1218 Epistola
1951 1168 1989 1206 S.
2016 1168 2290 1218 Augustinum
2317 1179 2385 1219 op-

1429 1230 1687 1280 pugnandum
1713 1229 1786 1267 sibi
1817 1230 1988 1277 sumsit,
2018 1229 2313 1280 refellendaque
2341 1240 2387 1269 ea

1426 1304 1527 1341 quae
1560 1292 1666 1329 libris
1696 1291 1824 1330 tribus
1856 1291 1919 1328 illo
1949 1292 2162 1341 scripserat
2190 1291 2385 1331 adversus
2415 1320 2419 1324 ‚

1427 1353 1645 1403 lipistolam
1686 1351 1895 1401 Petiliam,
1937 1353 2130 1392 Cirtensis
2163 1352 2388 1393 Donatista-

1428 1426 1514 1453 rum
1540 1414 1738 1464 Episcopi.
1764 1413 1984 1464 Respondit
2005 1413 2256 1464 Augustinus
2283 1416 2387 1454 circa

1426 1475 1587 1514 Annum
1611 1477 1761 1514 Cllristi
1789 1476 1865 1513 406
1886 1480 1926 1514 et
1952 1476 2172 1526 fragmenta
2195 1476 2384 1515 nonnulla

1427 1537 1606 1586 ejusdem
1646 1537 1757 1575 nobis
1791 1537 1969 1575 servavit
2006 1538 2044 1574 in
2080 1536 2189 1575 libris
2216 1536 2386 1587 quatuor

1427 1598 1622 1636 adversus
1641 1599 1899 1637 Cresconium
1916 1598 2011 1648 ,qui
2035 1597 2198 1648 perinde
2220 1602 2264 1638 ut
2282 1600 2385 1649 prio-

1428 1670 1491 1697 res
1510 1659 1704 1697 adversus
1728 1660 1962 1698 Petilianum
1993 1663 2100 1707 tres,
2124 1663 2286 1698 exstant
2315 1671 2383 1699 su-

1423 1722 1621 1770 periorum
1641 1720 1859 1759 editionum
1884 1725 1990 1758 tomo
2011 1721 2180 1770 septimo
2204 1725 2245 1759 et
2266 1721 2304 1759 in
2326 1726 2385 1760 to-

1428 1792 1491 1819 mo
1522 1792 1623 1819 nono
1652 1781 1826 1831 Operum
1858 1782 1896 1819 S.
1929 1780 2167 1832 Augustini,
2204 1793 2306 1831 quae
2333 1793 2384 1821 ex

1426 1842 1771 1881 Benedictinorum
1789 1843 2019 1880 recensione
2035 1847 2125 1892 post
2140 1843 2302 1881 iteratos
2316 1844 2386 1882 Pa-

1424 1903 1611 1941 risienses
1631 1907 1748 1952 typos
1763 1931 1771 1951 ,
1784 1902 1866 1952 jam
1884 1902 2323 1943 Amstelodamensibus
2340 1908 2380 1943 et

1422 1964 1584 2002 Venetis
1622 1974 1762 2002 recusa
1800 1964 2006 2003 habemus.
2044 1964 2142 2003 Vide
2182 1966 2215 2003 si
2252 1965 2382 2016 placet

1423 2026 1717 2064 Tillemontium
1739 2030 1833 2063 tom.
1859 2026 1963 2064 XIII.
1985 2027 2202 2065 Memoriar.
2227 2026 2381 2066 Eccles.

1424 2098 1509 2136 pag.
1540 2087 1628 2124 435.
2293 2076 2303 2084 ⁸

1476 2147 1792 2186 CRESCONIUS
1811 2148 2105 2198 villaregiensis
2122 2177 2130 2196 ,
2149 2147 2198 2187 de
2217 2159 2296 2198 quo
2311 2148 2385 2189 Co-

1423 2208 1498 2246 dex
1522 2209 1723 2246 Ecclesiae
1748 2207 1956 2246 Africanae
1980 2219 2066 2246 can.
2093 2209 2284 2248 LXXVII.

1477 2270 1790 2308 CRESCOMUS
1819 2271 1904 2307 sive
1934 2270 2254 2317 CRISCONIUS,
2290 2271 2385 2322 Epi—

1426 2342 1569 2381 scopus
1606 2331 1816 2369 Africanus
1855 2331 1959 2369 circa
1995 2331 2071 2369 An.
2111 2330 2187 2370 570
2226 2332 2385 2382 scripsit

1427 2391 1674 2430 breviarium
1693 2391 1897 2430 Canonum
1917 2391 1966 2430 ad
1986 2393 2226 2443 Episcopum
2243 2392 2388 2437 Liberi-

1427 2466 1520 2491 num
1548 2465 1615 2504 per
1640 2453 1776 2492 titulos
1805 2452 1902 2491 CCC
1935 2453 1998 2502 (in
2023 2453 2165 2493 Codice
2188 2454 2386 2493 Helmsta—

1427 2515 1551 2552 diensi
1579 2522 1611 2562 a)
1644 2515 1820 2563 CCCIII)
1854 2513 2053 2564 digestum
2082 2525 2133 2553 ex
2161 2515 2388 2555 Canonibus

1427 2576 1706 2626 Apostolorum
1729 2604 1737 2623 ,
1780 2579 1821 2613 et
1877 2576 2059 2614 Nicaenis
2083 2604 2092 2624 ,
2133 2574 2387 2626 Ancyranis,

1428 2637 1852 2685 NeocaesariensibuS,
1891 2635 2217 2687 Gangrensibus‚
2253 2636 2390 2675 Antio—

1428 2699 1587 2746 chcnis,
1611 2697 1916 2736 Laodicensibus
1934 2726 1942 2744 ,
1963 2695 2354 2736 Chalcedonensibus
2373 2726 2382 2747 ,

1430 2760 1731 2799 Sardiccnsibus
1748 2788 1756 2806 ,
1771 2757 2195 2808 Carthaginiensibus,
2217 2768 2291 2796 nec
2311 2769 2387 2797 non

1429 2833 1476 2860 ex
1507 2821 1677 2859 decretis
1707 2819 1935 2870 praesulum
1959 2820 2254 2869 Romanorum,
2283 2829 2385 2869 quae

1432 2884 1582 2933 primus
1619 2881 1846 2921 Canonibus
1888 2880 2055 2918 sociavit
2093 2879 2386 2920 Ecclesiasticis

1432 2945 1626 2994 primique
1655 2954 1704 2982 ex
1734 2941 1810 2979 illis
1844 2942 1990 2989 Siricii,
2020 2945 2106 2980 tum
2145 2941 2387 2988 Innocentii,

1433 3007 1598 3053 Zosimi,
1623 3003 1835 3043 Caelestini
1856 3030 1863 3049 ,
1889 3002 2031 3039 Leonis
2050 3005 2091 3039 et
2113 3002 2271 3040 Gelasii.
2295 3001 2389 3040 Edi-

1434 3072 1518 3105 tum
1549 3067 1720 3116 primum
1755 3067 1817 3102 est
1852 3062 1925 3100 hoc
1955 3063 2195 3101 breviarium
2224 3074 2246 3101 a
2275 3064 2388 3101 Petro

1437 3128 1594 3166 l’itlioeo
1613 3138 1662 3165 ex
1682 3125 1824 3165 Codice
1843 3123 1922 3162 MS.
1947 3122 2147 3162 Ecclesiae
2167 3124 2387 3173 Trecensis,

1435 3190 1518 3227 sive
1536 3188 1783 3226 Tricassinac
1804 3196 1882 3223 una
1897 3194 1986 3222 cum
2003 3183 2201 3235 Fulqentii
2213 3184 2388 3222 Ferran-

1433 3249 1497 3298 cli,
1516 3248 1662 3288 laudati
1680 3245 1914 3293 Cresconio,
1934 3246 2167 3284 concinnata
2187 3245 2289 3284 circa
2310 3244 2390 3284 An-

1435 3322 1529 3349 num
1570 3310 1644 3348 540
1682 3307 1924 3347 breviatione
1959 3306 2192 3357 Canonum,
2228 3307 2387 3346 Parisiis
