2500 3841
861 182 1265 223 ALVREDUS
2007 181 2059 220 73

67 266 117 294 ne
134 255 240 293 inter
262 254 391 303 Opera
413 252 589 303 Gregorii
612 253 658 291 Μ,
683 252 729 291 Λ.
756 255 857 294 4553
880 257 1024 296 Romae

70 318 108 356 in
133 316 195 355 fol.

116 378 403 425 ALVREDUS‚
425 377 516 416 vide
540 378 834 419 AELFREDUS.

115 439 458 489 AMADEVS,sive
478 438 684 490 Amedeus,
705 442 919 482 Monachus
934 443 1023 482 Cla-

64 504 262 552 raevallis‚
283 502 374 543 Ord.
399 502 561 542 Cisterc.
583 507 623 542 et
647 515 697 542 ex
720 503 870 543 Abbate
892 504 1025 545 Altae-

62 566 228 606 cumbae
264 566 484 617 Episcopus
512 566 560 605 ab
589 565 662 605 An.
698 567 797 607 4445
827 568 875 606 ab
906 570 1020 608 4458.

62 627 377 675 Lausannensis‚
413 627 462 667 de
503 628 618 680 cujus
647 628 830 669 laudibus
867 636 1023 682 praeter

64 692 248 732 carolum
270 690 319 729 de
341 690 462 730 Visch
486 692 524 729 in
548 691 786 731 Bibliotheca
804 693 938 732 Ordin.
959 694 1024 733 Ci-

63 759 180 793 sterc.
210 764 298 805 pag.
334 754 395 793 49.
434 753 769 804 Chrysostomum
799 756 1022 807 Henriquez

62 819 102 856 in
128 816 343 867 Menologio
367 816 621 856 cisterciensi
650 816 675 854 7
704 818 862 856 Januar.
886 823 927 857 et
944 818 1026 858 An-

60 879 194 931 gelum
216 880 444 930 Manriquez
458 882 564 917 tomo
575 879 609 917 11
633 879 834 918 annalium
859 881 1021 920 Cisterc.

60 940 110 980 ad
122 940 196 981 An.
214 943 228 982 4
244 943 255 981 l
266 942 329 992 58,
345 941 637 981 Sammarthani
653 945 680 979 t.
700 942 731 980 II
748 941 895 981 Galliae
911 942 1022 981 Chri-

60 1005 212 1043 stianae
239 1015 326 1056 pag.
357 1004 446 1042 628.
476 1002 577 1054 Ejus
621 1015 824 1043 sermones
856 1004 952 1043 VIII
975 1003 1022 1043 de

61 1064 248 1105 laudibus
272 1067 315 1105 B.
340 1066 496 1106 Mariae
523 1066 695 1117 Viryinis
735 1070 824 1117 post
854 1065 1022 1117 prima'm

61 1129 276 1168 editionem
299 1130 568 1168 Basileensem
605 1129 710 1168 Anni
734 1128 836 1168 4547
865 1130 1024 1179 saepius

60 1203 224 1232 recusae
251 1196 347 1231 sunt
361 1196 446 1231 tum
463 1192 551 1231 alibi
568 1195 655 1230 tum
675 1192 712 1228 in
729 1190 898 1242 heptade
914 1203 1026 1242 prae-

60 1255 193 1295 sulum
218 1254 423 1306 Theophili
445 1253 672 1304 Raynaudi7
698 1252 882 1303 Lugduni
909 1254 1022 1292 4633.

59 1322 100 1358 et
124 1318 281 1357 Parisiis
302 1316 397 1357 4674
429 1317 492 1356 fol.
517 1317 616 1354 etin
635 1316 836 1354 Francisci
861 1315 1026 1355 Combe-

60 1381 134 1420 fisii
149 1379 390 1419 Bibliotheca
406 1380 569 1418 Patrum
589 1378 899 1427 concionatoria,
915 1379 1024 1417 Paris

60 1443 163 1483 4662
186 1442 249 1480 fol.
274 1446 314 1480 et
347 1442 562 1492 separatim
586 1452 637 1480 ex
665 1440 934 1492 recognitione
961 1441 1026 1479 Ri-

56 1504 192 1544 chardi
215 1503 381 1542 Gibboni
406 1504 445 1543 S.
466 1505 493 1542 l.
526 1502 742 1542 Audomari
770 1507 811 1542 et
837 1501 1026 1543 Antwer-

56 1569 142 1620 piae
166 1567 280 1616 4643,
304 1567 367 1616 42,
391 1570 511 1617 atque
536 1565 626 1604 inde
657 1566 777 1604 Duaci
804 1566 918 1615 4625,
938 1567 959 1604 4
984 1571 1025 1605 et

58 1632 98 1669 in
125 1629 367 1669 Bibliotheca
395 1630 558 1668 Patrum
583 1627 808 1668 Coloniensi
827 1626 901 1667 An.
922 1629 1023 1670 4622

57 1697 164 1731 tomo
183 1692 275 1738 XV,
295 1702 382 1743 pag.
405 1692 483 1730 308
507 1695 547 1730 et
572 1691 611 1729 in
635 1689 893 1741 Lugdunensi
917 1696 1023 1730 tomo

57 1756 154 1803 XX,
184 1754 287 1794 4262
317 1765 391 1792 nec
420 1765 500 1791 non
539 1755 579 1791 in
619 1754 725 1791 Petri
763 1752 812 1791 ab
849 1751 951 1792 Alva
983 1758 1025 1792 et

57 1816 226 1867 Astorga
246 1820 354 1855 tomo
370 1817 496 1867 primo
513 1816 645 1865 magni
661 1815 851 1864 Marialis,
868 1815 1020 1854 Madrit.

59 1880 162 1919 4648
187 1879 249 1918 fol.
270 1879 338 1929 qui
368 1890 446 1917 non
471 1877 626 1917 dubitat
654 1876 829 1916 Amadeo
853 1878 925 1917 has
956 1878 1024 1916 ho-

58 1942 187 1980 milias
216 1941 480 1979 Franciscano
508 1939 708 1988 tribuere,
739 1951 831 1978 cum
860 1944 1022 1989 tamen,

60 2002 345 2044 Combefisium
362 2002 396 2040 si
416 2001 576 2051 audias,
594 2012 672 2039 nox
690 2001 766 2040 diei
781 2013 859 2039 non
877 2003 929 2040 sit
945 2001 1025 2040 dis-

61 2064 225 2103 similior
239 2075 360 2115 quam
377 2062 541 2102 Amadei
559 2064 771 2114 utriusque
787 2063 929 2113 stylus.
947 2064 1025 2102 lta-

61 2138 139 2177 que
156 2128 285 2165 Lucas
304 2125 554 2176 Waddingus
574 2125 743 2164 libenter
762 2125 836 2164 hac
853 2127 892 2163 in
912 2131 1024 2177 parte

60 2188 248 2227 dissentit
280 2188 329 2227 ab
360 2189 528 2227 Henrico
558 2187 743 2237 Willoto‚
774 2189 841 2239 qui
871 2192 911 2227 et
940 2189 1024 2239 ipse

59 2250 220 2290 easdem
249 2250 300 2289 ad
325 2249 547 2290 Amedeum
575 2251 906 2300 Franciscanum,
937 2255 1024 2290 tan-

59 2324 181 2364 quam
204 2316 408 2351 auctorem
427 2313 630 2352 retulerat.

111 2373 352 2414 AMADEUS
371 2376 607 2424 Lusitanu5‚
632 2375 707 2414 alio
725 2376 884 2414 nomine
903 2376 1024 2414 Joan-

59 2448 128 2476 nes
149 2437 348 2478 Menesius
368 2436 415 2476 de
435 2437 576 2490 Sylva,
597 2437 691 2477 Ord.
712 2437 913 2477 Minorum
935 2439 1022 2476 sive

61 2500 100 2538 S.
125 2498 351 2547 Francisci‚
375 2499 590 2539 defunctus
613 2498 686 2537 An.
713 2499 815 2538 4482
833 2498 881 2537 de
905 2497 1022 2548 cujus

62 2559 396 2609 Revelatiombus,
417 2562 503 2599 sive
527 2560 639 2599 Nova
665 2559 905 2611 Apocalypsi
929 2571 1021 2598 con-

63 2622 255 2663 sulendus
277 2623 450 2661 Bzovius
472 2622 522 2660 ad
546 2620 590 2659 A.
611 2619 706 2660 4474
740 2633 848 2659 num.
871 2622 919 2659 36
936 2633 1018 2671 seq.

63 2684 314 2735 Waddingus
330 2686 370 2721 in
389 2682 610 2722 Annalibus
629 2687 736 2721 tomo
755 2683 805 2721 Vl
829 2687 870 2722 et
890 2683 958 2722 VII
982 2687 1023 2720 et

54 2748 105 2787 'in
136 2746 376 2787 Bibliotheca
406 2744 541 2785 Ordin.
570 2745 704 2784 Minor.
731 2745 795 2783 ubi
823 2746 926 2783 inter
947 2745 1020 2783 alia

63 2823 149 2863 pag.
181 2810 229 2850 46
269 2812 379 2847 notat
413 2808 674 2847 Possevinum
701 2805 750 2844 dc
784 2806 921 2844 eodem
961 2811 1021 2844 ter

63 2882 202 2924 agere,
233 2871 307 2910 sub
336 2869 562 2909 nominibus
589 2866 773 2916 Amedei‚
802 2865 1019 2917 Amator&

63 2932 215 2974 Ameoli
235 2937 276 2973 et
297 2931 470 2972 Amodei.
496 2932 564 2970 llic
587 2934 669 2975 est.
694 2941 812 2980 quern
846 2930 1021 2968 Volater-

65 3008 186 3036 ranus
207 2997 263 3036 ait
294 2996 427 3034 virum
462 2994 584 3033 fuisse
619 2993 740 3031 mirae
773 2992 1021 3042 sanctitatis,

66 3059 444 3108 reformatoremque
467 3056 666 3106 religionis
695 3057 870 3105 tempore
902 3055 1020 3104 Xysti

64 3121 127 3159 IV.
143 3124 184 3159 et
197 3121 407 3172 scripsisse
430 3118 623 3170 quaedam
646 3129 753 3156 more
773 3116 1019 3167 prophetico,

64 3193 165 3233 quae
177 3181 294 3233 vulqo
308 3193 387 3220 non
401 3184 495 3221 sunt
500 3180 701 3232 permissa
711 3178 796 3229 leyi.
806 3181 1019 3228 propterea

64 3243 168 3294 quod
185 3242 496 3284 revelationibus
515 3254 542 3281 a
562 3241 669 3281 ΠΕΟ
689 3240 752 3281 vel
767 3239 925 3291 Anqelis
943 3239 1022 3278 sibi

65 3303 215 3345 credita
234 3305 391 3349 asserit.
417 3304 588 3346 Easdem
618 3303 929 3357 peregrinatione
951 3301 1018 3342 do-

1100 259 1250 297 ctrinae
1264 261 1305 296 et
1322 257 1555 308 falsiloquiis
1574 255 1741 294 infectas
1759 253 1941 305 queritur
1958 254 2061 304 Ray-

1100 320 1272 369 nauduS‚
1287 324 1327 359 et
1342 319 1569 358 Bellarmini
1585 327 1778 357 censuras
1797 314 1896 356 LVII
1913 315 2059 366 quibus

1098 383 1186 423 illae
1206 384 1452 434 castigantur
1469 411 1477 430 ‚
1496 380 1619 420 edidit
1633 379 1899 419 Bartoloccius
1913 383 2008 418 tom.
2026 379 2055 417 Ι.

1095 446 1357 485 Bibliothecae
1377 444 1612 482 Rabbinicae
1630 453 1716 494 pag.
1737 442 1937 482 244-245.
1957 440 2058 480 adde

1096 508 1298 547 Nicolaum
1331 506 1548 545 Antonium
1576 508 1682 544 tomo
1712 505 1761 543 11.
1791 503 2057 551 Bibliothecae

1095 571 1244 609 veteris
1266 571 1460 619 Hispanae
1496 578 1581 617 pag.
1606 567 1682 605 280
1707 569 1748 605 et
1781 565 2008 605 Cornelium
2031 576 2057 603 a

1098 631 1239 683 Lapide
1253 631 1301 670 ad
1317 629 1552 681 Apocalyps.
1571 629 1600 679 1,
1616 629 1683 667 ubi
1702 628 1870 679 angelus
1889 626 2054 666 Amadei

1096 693 1240 732 dicitur
1255 694 1377 732 fuisse
1401 691 1583 740 Scotista‚
1604 690 1697 740 quia
1711 694 1839 728 totum
1860 701 1903 728 se
1926 688 2056 740 prodit

1098 755 1301 794 addictum
1321 754 1428 793 Scoti
1452 753 1675 790 sententiis.

1150 814 1441 855 AMALARIUS
1464 812 1757 865 Luydunensis,
1778 817 1914 852 contra
1936 824 2057 863 quem

1097 883 1273 930 tempore
1302 877 1431 917 Caroli
1455 877 1586 926 Calvi,
1611 877 1679 927 qui
1703 875 1752 914 ab
1781 886 1883 914 anno
1907 875 1982 913 840
2007 874 2056 913 ad

1097 940 1173 979 876
1197 941 1397 992 regnavit,
1423 939 1557 978 habita
1585 942 1649 976 est
1679 936 1864 988 Synodus
1891 936 2058 975 Carisia-

1095 1003 1238 1042 censis.
1265 1002 1363 1042 Acta
1383 1000 1470 1052 ejus
1484 1012 1504 1039 a
1522 1000 1706 1039 Patribus
1729 999 1893 1039 Concilii
1914 997 2055 1049 jussus

1095 1066 1254 1116 scripsit
1269 1063 1632 1113 Florus‚Diaeonus
1649 1062 1939 1113 Lugdunensis,
1956 1071 2058 1111 quae

1096 1129 1204 1167 MSta
1226 1127 1330 1179 apud
1353 1125 1601 1166 Ranchinum
1631 1125 1725 1175 legit
1753 1125 1976 1171 Mornaeus,
2001 1127 2059 1161 at-

1097 1203 1174 1241 que
1196 1202 1246 1229 ex
1269 1191 1345 1229 illis
1367 1190 1429 1229 IV.
1456 1190 1479 1227 8
1508 1188 1556 1227 de
1580 1187 1828 1227 Eucharistia
1845 1198 1930 1237 pag.
1954 1184 2055 1224 4627

1097 1253 1280 1292 editionis
1299 1254 1458 1291 Latinae
1478 1251 1499 1274 '³‘
1515 1251 1775 1290 Hanoviensis
1801 1250 1919 1297 4605,
1936 1249 1971 1295 8,
1986 1247 2057 1286 hac

1098 1316 1260 1367 profert:

1151 1379 1270 1417 Docet
1293 1378 1457 1428 (inquit)
1488 1377 1726 1427 Praeceptor
1767 1372 1946 1425 eqreyius
1980 1372 2058 1422 (Α-

1097 1441 1285 1480 malarius
1327 1440 1549 1491 Episcopus
1577 1437 1877 1487 Lugdunensis)
1908 1445 2053 1486 corpus

1100 1503 1266 1543 CHristi
1295 1514 1378 1542 esse
1402 1500 1580 1554 triforme
1610 1503 1647 1538 et
1675 1498 1927 1549 tripertitum.
1959 1497 2054 1535 Tria

1097 1578 1181 1606 esse
1208 1564 1371 1606 CHristi
1397 1575 1584 1616 corpora,
1627 1561 1808 1600 Primum
1837 1560 1941 1612 quod
1968 1560 2057 1612 Ipse

1096 1628 1285 1681 suscepit:
1311 1626 1537 1668 Secundum
1558 1625 1599 1664 in
1621 1623 1732 1663 nobis
1751 1623 1823 1674 qui
1839 1634 1958 1674 super
1982 1626 2058 1660 ter-

1095 1704 1187 1730 ram
1210 1689 1484 1729 ambulamus:
1515 1687 1691 1726 Tertium
1721 1686 1761 1724 in
1798 1686 1839 1724 in
1873 1684 1951 1724 illis
1992 1684 2062 1736 qui

1100 1752 1247 1805 sepulti
1251 1753 1400 1805 jacent.
1419 1752 1505 1790 Hac
1520 1750 1566 1789 de
1583 1760 1709 1788 causa
1731 1747 1804 1787 has
1820 1745 1960 1791 debere
1970 1746 2064 1798 fieri

1093 1818 1256 1867 partes;
1279 1826 1402 1853 unam
1429 1813 1471 1851 in
1492 1810 1614 1851 calice
1646 1822 1722 1862 pro
1749 1809 1939 1849 CHristO:
1963 1807 2059 1846 alte-

1101 1889 1194 1915 ram
1217 1877 1259 1915 in
1274 1875 1416 1929 patina
1433 1886 1508 1927 pro
1528 1873 1647 1913 vivis:
1671 1871 1827 1911 tertiam
1868 1870 1909 1908 in
1936 1868 2062 1908 altari

1096 1952 1175 1993 pro
1195 1938 1373 1978 mortuis.
1397 1937 1502 1976 Dicit
1512 1947 1659 1988 panem
1674 1933 1783 1973 illum
1798 1945 1880 1972 esse
1897 1943 2059 1971 carnem

1099 2002 1281 2050 CHristi⁷
1305 1999 1541 2051 sanquinem
1569 1997 1762 2046 animam,
1792 2000 1838 2034 ut
1880 1995 1933 2034 sit
1958 1997 2059 2033 totus

1100 2064 1310 2106 CHristus.
1336 2060 1626 2102 Haesitanclum
1666 2059 1775 2108 dicit,
1800 2061 1935 2097 utrum
1964 2056 2059 2096 Cor-

1092 2139 1173 2179 pus
1198 2125 1365 2167 CHristi
1383 2124 1430 2164 de
1451 2123 1587 2163 Altari
1607 2125 1806 2174 sumptum
1828 2120 1869 2159 in
1896 2129 2059 2170 corpore

1097 2193 1230 2229 nostro
1252 2191 1413 2227 maneat
1425 2197 1551 2238 usque
1566 2184 1607 2223 in
1625 2184 1728 2223 diem
1746 2181 1991 2234 sepulturae.-
2007 2191 2060 2218 an

1097 2251 1320 2303 recipiatur
1337 2248 1588 2289 invisibiliter
1604 2247 1644 2286 in
1660 2245 1831 2287 Coelum.
1846 2243 1919 2294 Αη,
1935 2254 2060 2295 quan-

1100 2314 1147 2353 do
1162 2325 1304 2354 venam
1319 2311 1542 2360 incidimus,
1560 2321 1649 2349 cum
1665 2307 1856 2360 sanquine
1870 2304 2058 2358 profluat:

1093 2376 1156 2416 An
1178 2388 1268 2415 cum
1291 2374 1459 2414 caeteris
1481 2384 1582 2425 quae
1607 2372 1649 2410 in
1672 2382 1714 2409 os
1737 2370 1906 2417 intrant,
1933 2367 1974 2406 in
2001 2379 2060 2406 se-

1096 2450 1250 2478 cessum
1290 2435 1478 2476 Iabatur!
1507 2437 1609 2474 Haec
1640 2433 1779 2472 deliria
1818 2431 2059 2481 quibusnam

1096 2501 1351 2549 argumentis
1402 2499 1615 2537 revincunt
1660 2494 1848 2534 Gallicani
1885 2493 2022 2530 Patres
2040 2488 2059 2527 ’ἲ

1095 2561 1217 2600 Panis
1235 2560 1367 2610 ajunt⁷
1389 2563 1426 2597 et
1437 2558 1589 2606 vinum>
1607 2568 1626 2594 e
1639 2555 1780 2609 ficitur
1794 2551 2059 2604 spiritualiter

1100 2624 1256 2675 Corpus
1282 2620 1463 2668 CHristi,
1489 2619 1529 2658 id
1550 2622 1610 2657 est
1624 2617 1729 2656 vitae
1752 2620 1789 2654 et
1809 2614 1950 2653 salutis
1991 2625 2059 2651 no-

1095 2689 1204 2724 strae
1224 2682 1479 2734 Mysteri'um
1504 2681 1545 2719 in
1563 2691 1637 2731 quo
1653 2676 1956 2729 aliudcorporis
1971 2688 2060 2714 ocu->

1096 2746 1143 2785 lis
1171 2745 1284 2783 aliud
1304 2743 1399 2795 fidei
1420 2742 1597 2783 videmus
1618 2740 1767 2779 obtutu.
1793 2740 1872 2778 Nec
1901 2737 1942 2777 id
1974 2742 2060 2777 tan-

1094 2812 1175 2846 tum
1197 2805 1301 2858 quod
1321 2817 1388 2843 ore
1413 2803 1678 2856 percipimus,
1704 2801 1774 2841 sed
1794 2800 1899 2853 quod
1934 2804 2059 2839 mente

1093 2869 1288 2916 videmus,
1313 2878 1378 2905 cre
1392 2865 1540 2913 (limus,
1563 2862 1743 2903 libamus.
1772 2863 1876 2902 Unde
1894 2861 2059 2914 pulchre

1094 2935 1131 2970 et
1145 2929 1312 2982 fideliter
1321 2928 1512 2981 petimus:
1534 2930 1582 2964 ut
1596 2937 1697 2977 quae
1717 2937 1784 2964 ore
1800 2924 2060 2976 contingimus

1089 3005 1199 3044 pura
1236 2994 1361 3029 mente
1390 2989 1608 3041 capiamus.
1633 2988 1772 3028 Mentis
1811 2999 1902 3038 erqo
1928 2990 1987 3026 est
2007 2986 2060 3025 ci-

1095 3053 1166 3093 bus
1190 3053 1284 3102 isle‚
1307 3064 1384 3090 non
1402 3051 1571 3090 ventris:
1591 3062 1660 3090 nec
1682 3050 1967 3101 corrumpitur,
1986 3048 2058 3089 sed

1147 3212 1159 3227 ⁸
1187 3214 1224 3244 in
1251 3212 1375 3244 Gallica
1396 3213 1540 3244 Mornaei
1573 3210 1721 3243 editione
1758 3210 1840 3242 haec
1876 3208 2058 3241 desiderari

1086 3264 1213 3295 notavit
1235 3262 1436 3295 Colomesius
1459 3263 1494 3294 in
1516 3261 1775 3301 paralipomenis
1797 3260 1847 3302 {de
1885 3259 2062 3300 scriptori-

1089 3313 1150 3350 bus
1176 3312 1422 3346 aeclesiasticis
1438 3337 1447 3351 ‚
1473 3311 1531 3343 ubi
1554 3311 1594 3342 de
1616 3309 1726 3342 Floro.

1554 3381 1599 3418 40
