2500 3841
956 267 1242 308 AE'rlct's
2046 270 2096 307 29

102 338 224 387 tibus,
254 340 299 376 ut
336 336 454 375 rebus
492 335 594 384 suiS,
624 334 768 385 quihus
796 336 939 386 alioqui
968 338 1069 377 male

106 398 334 438 consultum
349 400 456 436 esset
468 395 720 447 ,provideret
734 396 832 443 Quis
839 398 973 438 credat
983 409 1070 449 pro-

104 460 227 498 ficisci
261 459 358 498 haec
381 457 430 497 ab
463 457 598 496 Aenea
625 459 820 507 potuisse,
841 461 908 509 qui
928 461 1069 499 author

101 520 229 559 fuerat
251 519 480 565 Germanis,
501 523 547 556 ut
580 519 743 558 concilio
766 520 917 558 abiecto
939 522 1068 570 Euge-

101 581 213 620 nium
235 583 513 631 agnoscerent,
531 583 570 618 et
593 580 798 630 legationis
818 593 862 620 ea
883 580 931 619 de
946 592 1068 621 causa

104 642 250 680 missae
272 644 392 692 caput
414 642 625 689 extiterat,
645 651 690 680 ac
709 641 871 680 demum
890 643 1067 693 Eugenio

104 702 283 742 Pontifici
315 703 520 741 luculenta
552 703 726 741 oratione
749 714 821 742 suo
844 707 884 742 et
907 703 1070 742 Germa-

104 774 247 803 norum
261 764 421 802 nomine
435 763 668 812 obsequium
684 764 812 814 palam
828 766 1069 811 restituerat,

105 836 150 865 ac
165 823 370 876 juraverat
384 823 405 862 ἶ)

157 884 317 926 Aeneae
336 887 463 936 Sylvii
495 896 656 926 carmen
686 888 724 925 in
755 887 902 927 Christi
921 887 1070 938 passio-

107 958 199 986 nem
214 947 358 999 prodiit
370 949 545 988 Viennae
561 949 600 987 in
616 948 778 988 Austria
791 949 830 986 in
849 949 871 986 4
885 948 1020 986 an.l5l
1031 947 1067 984 6.

106 1019 186 1048 una
207 1020 304 1048 cum
323 1010 410 1049 aliis
429 1011 594 1050 aliorum
613 1009 883 1061 poematibuS,
905 1008 1069 1057 aliisque

107 1070 230 1108 sacris
249 1071 463 1121 opusculis.

160 1131 353 1171 Eiusdem
375 1143 535 1171 carmen
560 1134 600 1170 in
621 1133 660 1171 S.
689 1130 957 1181 Augustinum
979 1128 1072 1178 legi-

108 1196 174 1232 tur
195 1193 236 1230 in
252 1193 484 1232 Sanctuario
497 1193 677 1243 Papiensi
696 1190 828 1230 Jacobi
848 1188 986 1229 Gualle
1005 1189 1070 1228 lib.

109 1252 144 1290 3.
168 1263 255 1303 pag.
279 1253 342 1292 50.

162 1313 362 1363 Epistolae
385 1314 472 1352 eius
495 1317 650 1363 septem
668 1311 717 1351 ad
737 1313 898 1350 Petrum
921 1311 969 1350 de
999 1311 1076 1351 No-

110 1377 211 1422 ceto,
227 1385 397 1424 quarum
413 1373 514 1413 duae
534 1378 692 1412 tantum
724 1372 868 1411 ibidem
888 1373 1074 1423 vulgatae

113 1438 208 1474 sunt
225 1463 234 1483 ,
269 1434 494 1474 indicantur
526 1436 563 1472 in
598 1434 773 1485 catalogo
811 1433 1074 1472 Bibliothecae

111 1494 388 1534 Riccardianae
407 1506 500 1534 cum
519 1496 694 1533 carmine
716 1494 764 1533 ad
787 1496 829 1533 B.
845 1494 1045 1544 Virginem
1063 1522 1072 1542 ‚

111 1557 226 1595 cuius
248 1556 368 1595 etiam
386 1558 512 1608 portio
532 1557 582 1595 ibi
597 1556 752 1608 legitur.

167 1617 217 1667 (6)
239 1617 475 1657 Prodierunt
497 1629 638 1657 revera
656 1617 722 1656 Pii
741 1617 788 1656 II
803 1616 894 1656 olim
915 1617 1069 1656 Aenaee.

112 1677 242 1731 Sylvii
265 1678 542 1719 Piccolominei
560 1680 696 1719 Senen.
721 1679 929 1719 Orationes
949 1679 1070 1728 (LIII)

107 1738 292 1792 politicae
314 1743 353 1779 et
377 1739 665 1780 ecclesiasticae
699 1744 768 1779 etc.
806 1739 1050 1791 argumentis
1058 1769 1068 1789 ‚

113 1799 431 1840 adnotationibus
455 1805 493 1839 et
502 1801 752 1853 praefatione
781 1801 998 1840 eoeornavit
1013 1804 1072 1838 at-

114 1873 190 1913 que
211 1861 425 1913 appendice
451 1854 572 1901 aliar.
604 1861 926 1901 lucubrationum
949 1861 1071 1901 inedi-

115 1925 192 1961 tar.
214 1922 339 1962 auoeit
356 1924 392 1962 J.
412 1924 458 1962 D.
481 1923 624 1963 Mansi.
652 1926 789 1963 Partes
825 1926 890 1963 III.
928 1926 1068 1964 Lucae.

116 1983 230 2023 4755.
260 1984 332 2023 Eae
358 1984 447 2036 Typ.
481 1983 671 2023 Benedini
704 1986 743 2023 in
780 1986 813 2023 4.
851 1977 1072 2024 Dolendum

114 2048 249 2083 autern
268 2045 394 2083 vit-am
415 2046 471 2084 Pii
490 2046 524 2084 ΙΙ
548 2045 597 2084 ab
620 2046 764 2084 eximio
781 2074 789 2092 ,
810 2047 912 2084 acris
927 2047 1072 2096 ingenii

115 2105 202 2143 viro
216 2105 297 2144 P.J.
306 2104 468 2144 Nicolao
481 2104 684 2145 Bandiera
695 2107 860 2146 Senensi
874 2108 1074 2157 conscrip-

114 2169 223 2215 tam,
247 2170 288 2205 et
306 2165 390 2216 jam
408 2167 457 2206 ab
480 2178 584 2206 anno
614 2167 728 2207 ⁴734.
757 2169 903 2207 Romae
931 2168 1072 2207 excudi

115 2227 313 2277 inceptam
336 2227 466 2267 lucem
494 2227 631 2267 videre
650 2240 728 2268 non
755 2231 944 2280 potuisse.
973 2230 1070 2269 Vide

112 2287 514 2329 MazzuchelliScritt.
532 2289 693 2329 d'Italia
706 2292 753 2329 ΙΙ.
768 2292 810 2330 24
824 2293 858 2330 4.
875 2291 1071 2331 Eruditis-

114 2351 260 2389 simum
277 2353 554 2401 Tergestinum
583 2352 853 2403 bibliophilum
873 2364 1072 2401 vero,am-

113 2411 178 2462 pla
206 2412 440 2463 supellectili
455 2424 617 2463 operum
637 2414 692 2452 Pii
714 2415 748 2452 II
768 2418 853 2452 tum
877 2413 1072 2453 editarum

112 2475 199 2510 tum
213 2473 322 2512 MSS.
337 2473 487 2524 patriae
496 2484 590 2512 suae
600 2475 747 2523 relicta,
768 2475 957 2514 auxilium
967 2475 1072 2514 haud

113 2533 382 2582 spernendum
419 2535 604 2584 cuiquam
646 2537 940 2586 optatissimum
974 2546 1073 2586 opus

113 2593 308 2643 scripturo
328 2594 604 2644 suppeditasse
619 2607 696 2634 non
717 2601 802 2635 erat
829 2597 892 2636 hic
922 2602 1074 2648 praete-

113 2653 646 2707 reundum.Vide:Catanqo
676 2656 778 2695 della
801 2656 976 2696 raccolta
1004 2657 1072 2696 che

107 2725 185 2765 per
205 2712 244 2752 la
261 2712 510 2766 biblioqrafia
528 2715 796 2756 delPetrarca
816 2730 835 2757 e
853 2718 896 2757 di
907 2719 975 2757 Pio
994 2719 1040 2756 II
1053 2720 1072 2758 e

110 2775 180 2827 qia
205 2775 421 2826 posseduta
437 2787 457 2814 e
470 2776 508 2815 si
524 2788 576 2816 va
595 2777 858 2817 continuando
881 2778 1070 2818 dall'Avv.

115 2836 348 2887 (Domenico)
380 2837 446 2876 De'
464 2837 641 2877 Rossetti.
666 2838 697 2875 T
694 2838 835 2887 riestc,
863 2840 1068 2890 Mareniyh

116 2897 234 2938 4854.
246 2899 284 2937 8.
311 2899 440 2948 (Obiit
463 2910 525 2938 an.
552 2899 693 2947 4842).

164 2959 419 3009 AETHICUS,
435 2959 770 3011 cosmographus,
791 2960 839 2998 de
855 2971 932 3009 quo
950 2961 988 2999 in
1009 2962 1071 2999 Bi-

113 3020 309 3060 bliotheca
332 3022 480 3060 Latina.

166 3080 608 3131 AFFLEGEM‘ENSIS,
637 3084 721 3120 sive
756 3079 1069 3133 Affligsenicnsis,

114 3143 337 3182 Monasterii
355 3144 394 3183 S.
411 3145 514 3183 Petri
531 3145 567 3181 in
585 3143 790 3182 Brabantia
803 3142 975 3181 fundatio
991 3141 1072 3180 An-

114 3213 164 3241 no
191 3205 290 3243 ⁴083
313 3209 354 3244 et
376 3206 544 3244 Historia
573 3209 666 3243 tom.
688 3206 722 3243 X
767 3204 959 3254 Spicilegii
998 3204 1071 3242 Da-

113 3262 312 3313 cheriani,
341 3270 381 3306 et
415 3270 520 3305 tomo
560 3266 591 3304 ΙΙ
632 3265 812 3303 editionis
836 3275 960 3302 novae
983 3274 1068 3314 pag.

114 3322 190 3361 769
207 3346 227 3352 -
239 3325 327 3365 776.

1193 330 1610 380 AFFLEGEMENSIS
1629 337 1960 390 Chronographus
1976 342 2099 379 conti-

1144 406 1290 441 nuatus
1308 413 1378 452 per
1417 401 1594 440 Odonem
1629 400 1879 439 Camberium
1903 402 1951 440 ab
1984 401 2097 440 Anno

1144 463 1244 502 ⁴⁴22
1269 473 1396 512 usquc
1419 462 1468 499 ad
1490 461 1699 501 Saeculum
1735 462 1822 500 XVI
1848 461 1991 501 ibidem
2011 474 2095 514 pag.

1141 523 1216 561 776
1231 546 1249 552 -
1264 523 1352 562 779.

1194 583 1461 623 AGAPETUS
1498 584 1525 621 1.
1558 584 1777 634 Episcopus
1812 585 2013 622 Romanus
2048 585 2097 622 ab

1141 645 1254 684 Anno
1275 644 1419 684 Christi
1437 644 1513 681 535
1536 644 1585 682 29
1602 644 1720 695 April.
1737 645 1785 683 ad
1810 645 1897 683 536.
1920 644 2094 695 i7April.

1143 712 1182 744 et
1207 704 1476 744 AGAPETL'S
1496 705 1544 742 11.
1570 705 1618 743 ab
1638 705 1751 744 Anno
1772 706 1894 745 9462
1916 708 2023 745 Junii
2046 705 2094 744 ad

1142 768 1230 805 956.
1246 767 1284 805 Μ
1312 765 1506 813 Januarii,
1529 776 1697 815 quorum
1718 766 1812 806 nihil
1833 772 1964 805 exstat
1986 778 2097 819 prac-

1144 832 1205 864 ter
1227 823 1428 876 Epistolas
1444 856 1455 874 ,
1476 828 1557 864 octo
1587 826 1745 876 quidem
1770 827 1931 878 Agapcti
1954 829 2068 879 primi
2087 860 2095 874 ‚

1141 892 1182 926 et
1213 887 1377 925 secundi
1397 886 1597 937 Epz'stolas
1619 887 1671 936 II,
1694 888 1731 925 in
1769 889 1885 926 tomis
1908 889 2096 927 Concilio-

1143 958 1230 987 rum
1255 949 1414 998 saepius
1433 948 1578 998 editas,
1594 949 1642 987 de
1666 949 1809 998 quihus
1824 949 1947 987 videri
1967 954 2095 1000 potest

1143 1008 1367 1047 Ludovicus
1381 1009 1549 1048 Jacobus
1563 1021 1583 1048 a
1601 1009 1638 1048 S.
1655 1009 1792 1049 Carolo
1809 1010 1847 1047 in
1861 1010 2094 1049 Bibliotheca

1141 1069 1352 1109 Pontificia.
1375 1071 1552 1121 Epistola
1572 1070 1735 1122 Agapcti
1750 1072 1865 1121 primi
1888 1070 1935 1109 ad
1959 1071 2098 1109 Anthi-

1144 1142 1253 1170 mum
1282 1131 1389 1182 Cpol.
1428 1133 1561 1182 spuria
1596 1132 1694 1169 viris
1727 1130 1854 1169 doctis
1885 1130 2094 1180 judicatur.

1143 1192 1307 1243 Agapeti
1336 1193 1498 1232 secundi
1520 1191 1736 1244 Epistulam
1765 1191 1919 1230 tertiam
1947 1191 1995 1230 ad
2025 1191 2100 1231 Ge-

1145 1254 1303 1292 rardum
1326 1283 1335 1301 ,
1372 1255 1644 1293 Lauriaccnsis
1676 1254 1864 1292 ecclesiae
1900 1253 2100 1304 Archiepi-

1146 1326 1308 1365 scopum
1324 1346 1335 1363 ,
1373 1315 1494 1354 edidit
1534 1314 1841 1365 Christophorus
1882 1313 2099 1353 Gcwoldus

1144 1387 1235 1415 cum
1265 1376 1456 1415 Chronico
1482 1376 1878 1426 Reicherspergensi‚
1908 1375 2097 1414 Monachii

1147 1438 1240 1477 ⁴6⁴4
1269 1438 1291 1475 4
1312 1442 1351 1475 et
1373 1437 1605 1477 Lambecius
1625 1439 1671 1476 11.
1695 1448 1781 1488 pag.
1804 1437 1892 1476 65⁴.

1199 1496 1402 1549 *Agapeti
1426 1499 1471 1536 ll.
1504 1499 1690 1549 epistolas
1712 1503 1793 1536 tres
1830 1507 1901 1548 ego
1935 1498 1973 1535 in
2012 1509 2099 1535 meo

1144 1560 1419 1611 supplemento
1449 1560 1498 1598 ad
1528 1559 1691 1598 concilia
1723 1558 1800 1596 vol.
1823 1559 1852 1596 I.
1886 1569 1971 1608 pag.
1998 1557 2099 1597 4423

1140 1621 1274 1660 adieci.
1308 1623 1454 1661 Earum
1479 1622 1646 1672 primam
1665 1621 1796 1670 accepi
1820 1631 1869 1657 ex
1897 1619 2099 1658 Menkenio

1141 1683 1288 1722 Rerum
1308 1683 1574 1721 Germanicar.
1595 1686 1690 1720 tom.
1708 1682 1737 1730 I,
1753 1692 1840 1732 pag.
1863 1681 1951 1729 585,
1971 1681 2038 1730 qui
2058 1681 2103 1718 il-

1143 1744 1220 1782 lam
1243 1755 1292 1782 ex
1312 1745 1389 1783 MS.
1410 1744 1613 1782 Bremensi
1629 1743 1812 1781 chronico
1825 1742 1957 1790 dedit,
1977 1753 2101 1792 eaque

1141 1804 1318 1842 Pontifex
1324 1802 1569 1853 junctionem
1579 1803 1998 1843 ecclesiaeBremensis
2009 1813 2101 1842 cum

1141 1866 1427 1916 llamburgensi
1437 1865 1644 1904 confirmat
1658 1864 1792 1903 Altera
1802 1864 1968 1903 daturex
1978 1863 2101 1902 Gallia

1143 1926 1366 1965 Christiana
1394 1930 1488 1963 tom.
1513 1926 1563 1963 IV
1592 1936 1681 1963 nov,
1711 1924 1802 1962 edit.
1824 1936 1910 1974 pag.
1931 1923 2031 1971 278,
2063 1926 2100 1961 in

1143 1998 1221 2037 qua
1240 1988 1428 2026 ecclesiae
1450 1987 1726 2026 Matisconensi
1763 1985 1963 2035 privilegia
1983 1995 2103 2035 quae-

1144 2048 1234 2086 dam
1250 2047 1533 2086 conceduntur.
1549 2046 1719 2084 Tertiam
1735 2045 1904 2094 denique
1920 2045 2102 2095 suppedi-

1145 2111 1243 2147 tavit
1267 2108 1471 2159 Ughellius
1490 2108 1573 2146 Ital.
1596 2107 1681 2146 Sac.
1702 2111 1796 2144 tom.
1818 2106 1902 2143 VIII
1922 2136 1930 2154 ,
1947 2116 2031 2156 pag.
2050 2106 2092 2144 5⁴

1145 2181 1234 2208 nov.
1255 2169 1347 2208 edit.
1368 2169 1587 2218 eademque
1611 2169 1649 2205 in
1674 2167 1882 2205 ecclesiam
1909 2167 2102 2204 Triventi-

1145 2242 1253 2280 nam,
1288 2235 1328 2269 et
1351 2230 1647 2269 Tremolensem
1669 2229 1810 2266 intrusi
1843 2227 2002 2278 quidam
2022 2229 2102 2277 epi-

1143 2294 1249 2343 scopi
1272 2293 1634 2330 excomunicantur.

1197 2353 1466 2402 AGAPITUS,
1481 2354 1702 2403 Episcopus
1715 2351 2102 2401 Rho‹1iorum‚qu·us

1143 2415 1320 2466 Epistola
1343 2414 1392 2453 ad
1416 2416 1585 2452 Leonem
1607 2415 1886 2463 Imperatorem
1910 2424 1978 2462 pro
2002 2413 2102 2451 Con-

1145 2476 1231 2514 cilio
1260 2474 1570 2515 Chalcedonensi
1599 2474 1753 2521 Latine,
1778 2473 1847 2511 sed
1874 2484 1922 2511 ex
1953 2472 2100 2510 Graeco

1144 2547 1285 2583 versa,
1303 2540 1436 2573 exstat
1461 2536 1498 2572 in
1516 2539 1625 2585 parte
1642 2534 1779 2572 ultima
1796 2533 1982 2571 Actorum
1998 2532 2100 2570 Con-

1145 2597 1220 2635 cilii
1264 2591 1446 2635 Chalccd.
1485 2599 1578 2633 tom.
1617 2595 1666 2633 IV
1704 2593 1844 2632 Labbei
1881 2604 1964 2642 pag.
2008 2592 2095 2629 940.

1144 2656 1330 2696 Harduini
1352 2661 1445 2694 tom.
1467 2657 1499 2694 II
1525 2666 1609 2705 pag.
1634 2654 1710 2692 736
1733 2659 1807 2691 etc.

1196 2719 1234 2757 S.
1250 2716 1473 2763 AGATHO,
1489 2717 1708 2765 Episcopus
1719 2715 1920 2752 Romanus
1934 2713 1982 2750 ab
1993 2724 2095 2750 anno

1144 2781 1185 2819 C.
1209 2778 1282 2816 679
1308 2778 1356 2815 29
1381 2776 1466 2825 Maji
1495 2776 1541 2814 ad
1568 2777 1591 2813 Ξ).
1620 2775 1821 2813 Deccmbr.
1854 2774 1941 2811 68¹.
1972 2773 2097 2823 Cujus

1142 2837 1341 2889 Epe'stolac
1366 2837 1430 2874 III
1451 2838 1487 2874 in
1535 2836 1643 2874 Actis
1672 2834 1830 2872 Concilii
1857 2835 1956 2871 sexti
1988 2834 2095 2884 Cpol.

1141 2900 1214 2939 An.
1236 2900 1310 2936 680
1336 2910 1416 2947 seq.
1442 2909 1556 2946 saepe
1585 2896 1736 2938 editae,
1758 2900 1797 2932 et.
1826 2894 1927 2945 apud
1958 2897 2095 2932 Baron.

1141 2960 1189 2998 ad
1213 2959 1286 2998 An.
1312 2960 1385 2996 680
1408 2970 1443 2994 n.
1470 2958 1504 2994 6.
1530 2957 1578 2994 29
1603 2961 1641 2994 et
1666 2956 1738 2994 An.
1756 2956 1832 2992 682
1854 2967 1890 2992 n.
1913 2956 1973 2992 50.
1997 2955 2097 2993 Con-

1142 3020 1232 3058 ce'lia
1256 3022 1430 3058 Romana
1455 3017 1529 3055 sub
1548 3017 1685 3055 eodem
1707 3017 1836 3055 habita
1862 3015 1933 3054 An.
1961 3016 2035 3054 679
2056 3020 2096 3053 et

1143 3082 1231 3118 680.
1264 3080 1415 3119 Cantus
1443 3082 1481 3116 et
1510 3077 1665 3118 Cursus
1695 3079 1893 3116 Romanus
1917 3077 1966 3114 ab
1995 3077 2095 3127 Aga-

1143 3142 1261 3179 thone
1299 3142 1446 3178 missus
1481 3141 1519 3177 in
1558 3140 1817 3179 Britanniam.
1850 3137 1940 3175 vide
1977 3137 2098 3187 Spec-

1143 3203 1288 3240 linanni
1309 3201 1478 3240 Concilia
1500 3201 1719 3239 Britannica
1750 3205 1842 3236 tom.
1866 3200 1893 3238 l.
1916 3210 2000 3248 pag.
2022 3198 2096 3236 ⁴75

1143 3275 1224 3312 seq.
1249 3264 1315 3312 qui
1340 3261 1555 3309 Agathonis
1588 3259 1803 3310 Epistolam
1827 3259 1881 3298 acl
1901 3257 2096 3297 AEehelre-

1143 3322 1252 3360 clani.
1278 3327 1314 3361 ct
1336 3322 1431 3360 alios
1455 3334 1538 3373 pag.
1573 3323 1641 3359 163
1665 3321 1773 3359 affert
1800 3322 1934 3359 {satine
1957 3328 1992 3358 et
2019 3322 2095 3359 An-
