2500 4009
450 239 536 276 50¹0

514 311 554 347 ln
577 309 698 345 altero
724 313 817 339 vcro
844 300 976 337 itidem
1013 300 1049 335 in
1069 287 1403 336 solscontinentur

453 370 594 411 variae
610 361 874 404 oblectationis
886 364 972 409 (non
990 359 1327 397 delectationisut
1341 358 1403 396 hic

457 433 567 470 habet
592 426 789 465 rabi-icius
820 420 1010 473 opuscula
1028 421 1200 459 Basileae
1212 431 1274 458 an.
1291 419 1401 458 thot..

471 504 543 530 non
576 489 668 528 1297
695 516 701 522 .
728 491 770 524 ut
792 498 812 523 a
838 485 1010 522 Fabricio
1038 482 1260 528 creditum.)
1285 482 1402 520 Errat

455 551 601 605 pas-iter
625 549 824 587 Fabricius
847 578 854 588 ,
879 546 974 585 dum
999 547 1035 582 in
1062 549 1233 587 tractatu
1262 544 1400 583 variae

452 610 717 653 oblectationis
735 613 915 647 recenset
932 608 1232 645 dissertationes
1249 607 1399 645 “28cum

452 687 590 715 revera
615 675 690 711 sint
719 672 779 711 30.
814 672 942 709 omisit
975 671 1078 707 cniin
1109 668 1402 720 recapitulatio-

450 750 514 777 nes
548 738 733 775 nimirum
752 734 835 772 libr.
854 735 991 770 Contra
1010 730 1158 771 validos
1179 730 1401 769 mendican-

449 807 503 839 tes
528 805 564 838 et
588 799 752 837 alteram
776 797 922 842 lliulogi
945 793 992 832 (le
1013 807 1114 832 anno
1139 793 1326 832 Jubz'laei.

505 865 632 902 liuius
663 860 804 899 Fele'cis
830 856 1108 897 Ilaemmvrlim
1138 858 1323 896 Canonici
1363 862 1402 894 et

448 927 620 964 cantoris
645 923 949 966 Tliurricensis‚
975 924 1188 959 tractatum
1219 918 1267 957 dc.
1296 919 1402 957 nobi-

451 990 560 1027 litate
590 989 674 1024 sive
702 987 896 1030 integrum
925 986 1009 1021 sive
1034 983 1164 1033 ampla
1187 994 1236 1020 cx
1261 993 1306 1019 eo
1328 982 1403 1019 fra-

453 1055 611 1099 umenta
637 1048 682 1085 (le
707 1047 946 1085 Svitensinm
973 1049 1088 1085 ortu.
1113 1044 1289 1090 nomine,
1314 1055 1403 1080 eon-

457 1111 721 1164 foederatione
739 1107 915 1147 moribus
940 1111 976 1146 et
990 1105 1228 1158 quibusdam
1251 1104 1402 1143 utinam

455 1175 546 1213 bene
568 1173 686 1224 (lestis
711 1184 758 1209 ox
785 1172 909 1209 veteri
935 1169 1105 1207 editione
1131 1170 1168 1207 in
1193 1168 1321 1206 lucem
1343 1179 1403 1205 rc-

455 1248 594 1275 vocarc
618 1241 655 1272 ct
677 1246 767 1273 cum
794 1234 896 1271 aliis.
929 1232 1223 1271 llelvcticarum
1268 1240 1400 1268 rerum

455 1298 715 1349 scriptoribus
755 1296 919 1347 vulgare
958 1295 1138 1345 promisit
1177 1293 1220 1331 V.
1263 1292 1307 1331 C.
1343 1292 1401 1329 Jo.

453 1364 568 1400 Conr.
597 1360 844 1398 Fueselinus.
870 1358 889 1379 *Ε

509 1424 656 1462 FELIX
690 1422 805 1460 Afer.
839 1418 1039 1464 Gillitmi,
1070 1419 1155 1456 sive
1191 1415 1400 1455 Guillensis

455 1490 491 1525 in
522 1486 650 1525 Africa
680 1483 901 1523 Monasterii
934 1481 1075 1526 Abbas‚
1106 1480 1192 1517 sive
1212 1478 1401 1528 hegume-

455 1560 554 1594 nus,
579 1548 747 1593 Quintae
785 1544 944 1595 Synodo
968 1543 1124 1593 scriptis
1147 1542 1230 1579 suis
1261 1539 1401 1578 adver-

454 1616 564 1650 satus
594 1615 712 1659 atque
743 1607 831 1644 inde
874 1617 966 1645 cum
1007 1605 1167 1643 Rustico
1204 1604 1398 1648 Diacono7

454 1684 572 1724 quem
608 1673 690 1722 ipse
729 1669 776 1708 ad
803 1668 904 1706 idem
936 1667 1156 1705 faciendum
1192 1664 1401 1715 impulerat

455 1737 569 1774 exilio
611 1734 822 1771 damnatus
847 1743 866 1769 a
899 1731 1120 1769 justiniano
1146 1729 1398 1777 Imperatore.

458 1797 551 1835 Vide
573 1794 825 1834 Sirmondum
845 1793 890 1830 ad
912 1790 1082 1830 Facundi
1103 1790 1244 1828 librum
1266 1791 1401 1825 contra

456 1861 679 1899 Mucianum
707 1855 994 1894 scholasticum
1020 1857 1114 1891 tom.
1138 1852 1174 1890 2.
1200 1851 1298 1900 Opp.
1323 1849 1402 1888 Sir-

458 1920 588 1960 mondi
615 1931 699 1970 pag.
728 1918 815 1955 268.

510 1984 660 2022 FELIX
686 1979 964 2028 Manichaeus7
990 1989 1080 2017 cum
1106 1988 1183 2026 quo
1209 1973 1370 2026 perinde
1393 2004 1401 2021 ‚

460 2052 503 2085 ut
527 2057 616 2084 curn
648 2042 841 2082 FAL'STO
875 2046 910 2078 ct
953 2038 1250 2078 FORTUNATO
1279 2036 1406 2074 disce-

458 2110 584 2159 ptavit
607 2138 614 2149 ‚
641 2106 709 2143 sed
732 2104 993 2154 auspicatiorc
1015 2105 1162 2139 eventu
1200 2101 1238 2138 S.
1275 2099 1407 2147 Augu-

461 2171 590 2207 stinus
607 2167 799 2205 :Felicem
823 2166 927 2203 enim
945 2163 991 2201 ad
1010 2163 1230 2200 Ecclesiam
1251 2158 1409 2198 reduxit

460 2231 624 2269 Honorio
670 2229 882 2277 septimum
922 2224 1118 2269 Consule,
1165 2223 1204 2261 11.
1252 2234 1285 2259 e.
1334 2218 1406 2259 An]

462 2292 612 2330 Cllristi
642 2289 726 2327 407.
754 2288 848 2326 Vide
871 2287 988 2325 libros
1005 2285 1103 2323 duos
1122 2284 1333 2334 Augustini
1363 2282 1411 2320 dc

461 2354 571 2392 Actis
600 2363 689 2390 cum
722 2351 869 2395 Felice.
900 2354 991 2386 tom.
1025 2348 1085 2385 Vl.
1116 2349 1288 2396 Operum
1317 2344 1407 2382 edit.

464 2414 834 2459 Benedictinorum,
881 2415 920 2447 ct
962 2408 1177 2447 possidium
1210 2409 1246 2445 in
1280 2407 1410 2456 Augu-

465 2478 556 2515 stini
582 2477 662 2513 vita
687 2486 770 2524 cap.
799 2474 858 2512 16.

519 2538 663 2576 FELIX
705 2534 891 2574 ,llanz'lius
933 2535 1035 2571 circa
1079 2532 1237 2570 Annum
1280 2532 1372 2570 1311
1404 2559 1410 2570 ,

463 2602 621 2651 scripsit
645 2599 753 2637 libris
790 2597 944 2635 duobus
978 2595 1100 2634 vitam
1130 2595 1172 2631 B.
1205 2590 1411 2631 Gebharcli

463 2661 625 2701 secundi
650 2659 972 2699 Constanticnsis
991 2656 1169 2708 Episcopi
1192 2660 1231 2693 ct
1249 2654 1410 2694 Confes-

464 2726 563 2762 soris
591 2723 766 2761 defuncti
798 2722 873 2759 An.
901 2722 990 2758 99:23.
1023 2718 1165 2757 Produt
1196 2719 1234 2755 in
1266 2716 1408 2755 Canisii

465 2787 637 2835 antiquis
665 2784 912 2822 Lectionibus
938 2786 1032 2820 tom.
1060 2782 1120 2819 Vl.
1152 2791 1236 2830 pag.
1271 2777 1345 2816 477
1369 2781 1409 2814 et

467 2848 648 2885 editionis
672 2856 796 2883 novae
829 2845 1093 2893 Basnagianae
1119 2846 1146 2879 t.
1169 2842 1227 2879 IV.
1254 2853 1289 2891 p.
1321 2840 1410 2879 822.

519 2907 715 2947 Minucius
762 2907 910 2944 FELIX
943 2935 950 2952 ⁷
995 2907 1188 2943 incertum
1232 2914 1280 2941 an
1320 2902 1413 2940 Aser

469 2973 608 3022 patria,
637 2978 744 3007 corte
774 2969 939 3013 Itomae,
970 2972 1012 3005 ut
1041 2978 1087 3004 ex
1120 2966 1357 3013 Hieronymo
1377 2966 1409 3010 a)

526 3102 558 3137 a)
583 3102 716 3131 Hieron.
739 3098 778 3129 de
805 3101 835 3129 S.
859 3100 894 3129 E.
923 3105 995 3137 inp.
1017 3097 1075 3127 58.
1106 3098 1261 3127 Memorat
1293 3098 1325 3125 et
1349 3095 1418 3133 ipse

467 3152 627 3181 Minucius
645 3158 718 3188 cap.
735 3150 766 3180 ⁶2.
781 3149 975 3189 j'udiciariils
995 3155 1090 3178 curas
1110 3154 1185 3177 suas
1201 3169 1209 3184 ,
1231 3145 1418 3176 vindemia-

467 3199 550 3229 libus
568 3199 655 3229 seriis
671 3199 841 3229 relaxatas.
872 3201 914 3228 De
932 3199 1146 3228 MInutiorurn
1165 3197 1234 3226 sive
1265 3194 1417 3225 Minicio-

469 3256 540 3278 rum
558 3248 678 3277 familia
697 3247 856 3279 videndus
875 3248 993 3277 I'au'us
1014 3245 1190 3276 Galeardus
1204 3243 1419 3275 observatio-

476 3297 569 3327 num<
599 3296 637 3325 ad
664 3302 754 3326 vetus
786 3306 928 3327 marmor
948 3298 1142 3327 ilrixicnse:
1167 3293 1337 3325 Giornale
1362 3292 1418 3321 (lei

471 3346 623 3377 tenerare·
640 3346 674 3374 d·
691 3347 795 3375 ltalia
815 3351 895 3376 tom.
911 3347 988 3375 xxx
1004 3354 1077 3384 pag.
1094 3344 1144 3376 21.
1161 3352 1253 3383 seqq.
1267 3341 1418 3374 Nouvel-

1326 226 1555 264 FELIX

1476 297 1696 344 discimus,
1727 299 1891 349 insignis
1919 298 2166 347 cuuSIdicuS,
2191 301 2346 348 praeter
2374 298 2418 337 li-

1475 359 1589 397 brum
1619 357 1665 397 de
1683 356 1765 410 fato
1791 361 1824 408 a)
1858 360 2053 400 adversus
2089 359 2386 399 Mathematicos
2404 390 2415 408 ,

1475 422 1540 471 qui
1565 420 1716 471 pridem
1747 421 1972 470 intercidit,
1997 423 2153 473 scripsit
2179 419 2385 460 Octavium
2407 449 2416 470 ,

1475 484 1560 521 sive
1584 483 1787 531 'Dialogum
1826 483 1980 521 Caecilii
1999 484 2171 530 Natalis,
2210 483 2418 533 Cyrtensis

1474 545 1631 583 Ethnici
1655 555 1746 583 cum
1769 545 1952 583 Januario
1974 544 2138 584 Octav10
2163 545 2388 585 Christiano
2403 575 2414 593 ,

1472 606 1605 646 Ostiae
1641 607 1689 645 dc
1723 606 1908 657 religione
1937 605 2187 656 disputantis.
2214 609 2417 658 Leguntur

1473 669 1666 719 quaedam
1696 668 1834 707 eadem
1852 669 1889 706 in
1908 668 1946 707 S.
1965 668 2149 718 Cypriani
2165 669 2261 707 libro
2278 667 2419 708 adver—

1474 730 1746 769 susidolorum
1760 731 2094 780 vanitatem‚quae
2117 731 2416 770 nonMinucium

1474 805 1495 831 a
1524 794 1720 843 Cypriano
1745 797 1802 842 (ut
1823 793 2029 830 Franciseo
2054 790 2242 830 Balduino
2271 791 2417 840 visum)

1475 855 1545 893 sed
1569 855 1810 906 Cyprianum
1833 857 2060 893 mutuatum
2080 863 2170 892 esse
2194 864 2214 892 a
2237 854 2416 903 Minucio,

1474 919 1621 956 rectius
1639 919 1675 955 ni
1692 916 2021 967 f31101=,judicabat
2042 915 2246 966 Rigaltius.
2267 915 2314 955 Si
2330 916 2419 954 Ter-

1475 978 1714 1025 tullianicis,
1740 979 1867 1029 inquit
1899 977 2094 1028 Rigaltius
2109 1008 2119 1026 ,
2144 980 2420 1029 comparentur

1473 1041 1714 1089 Minuciana.
1739 1040 1872 1079 statim
1903 1037 2112 1092 apparebit
2130 1038 2346 1079 Minucium
2368 1038 2419 1078 ab

1480 1102 1719 1142 Tertulliano
1740 1106 1777 1142 et
1793 1104 2030 1153 arqumenta
2053 1105 2091 1141 et
2111 1100 2332 1140 disserendi
2358 1113 2421 1140 or-

1475 1166 1627 1216 dinem,
1652 1169 1770 1217 atque
1794 1166 1879 1218 ipsa
1893 1163 2129 1216 plerumque
2151 1161 2277 1202 verba
2314 1174 2420 1204 sum-

1473 1229 1595 1268 sisse:
1623 1228 1868 1280 Cyprianum
1900 1238 1994 1267 vero
2019 1225 2059 1264 in
2086 1225 2151 1266 illo
2181 1226 2422 1278 praesertim

1474 1303 1588 1343 opere
1604 1323 1613 1339 ,
1636 1302 1710 1342 quo
1733 1290 1945 1330 vanitatem
1968 1288 2168 1328 Idolorum
2186 1287 2419 1340 redaryuit‚

1474 1353 1711 1393 ttlz'nueianis
1740 1351 1872 1392 verbis
1905 1355 1942 1390 et
1972 1351 2169 1391 sententiis
2201 1362 2318 1390 usum
2339 1361 2422 1390 esse

1473 1421 1675 1468 tamquam
1712 1415 1809 1464 suis,
1845 1418 1891 1454 ut
1921 1413 2094 1466 yloriari
2119 1417 2250 1453 tamen
2285 1411 2423 1452 debeat

1474 1478 1673 1518 Minucius
1703 1490 1749 1516 ea
1778 1476 1857 1517 sibi
1884 1477 1924 1516 in
1944 1480 2108 1516 mentem
2131 1475 2296 1526 venisse,
2319 1486 2422 1527 quae

1475 1542 1699 1594 Cyprianus
1721 1539 1952 1592 usurpando
1988 1539 2187 1579 sanoeerit.
2227 1539 2308 1578 Hoc
2341 1548 2424 1576 am—

1468 1603 1576 1654 ptius
1593 1635 1602 1652 ,
1624 1615 1671 1641 ne
1695 1601 1853 1654 quidem
1873 1600 1994 1642 semel
2021 1613 2048 1639 a
2069 1599 2268 1653 Cypriam
2292 1599 2422 1639 Minu-

1472 1666 1576 1704 cium
1611 1676 1694 1704 esse
1730 1664 1983 1711 nominatum,
2023 1674 2148 1715 neque
2192 1674 2218 1700 a
2253 1661 2423 1702 Minucio

1474 1727 1729 1779 Septimium:
1761 1725 1985 1765 rationibus
2016 1724 2234 1776 utriunque
2248 1754 2259 1772 ‚
2282 1725 2328 1761 ut
2343 1733 2426 1773 par

1477 1794 1532 1828 est
1555 1789 1738 1839 credere⁷
1769 1788 1877 1827 haud
1908 1785 2190 1839 improbandis.
2225 1784 2425 1824 Johannes

1476 1851 1662 1890 Dallaeus
1702 1850 1887 1901 Apologia
1922 1854 2059 1888 contra
2090 1847 2303 1888 Cottibium
2338 1857 2424 1898 pag.

1478 1913 1552 1953 187
1576 1913 1781 1952 contendit
1806 1913 2015 1952 Minutium
2053 1915 2144 1950 ante
2182 1910 2391 1949 Irenaeum
2414 1938 2422 1956 ‚

1479 1976 1729 2014 Clementem
1741 1974 1853 2012 Alex.
1871 1979 1910 2013 et
1925 1971 2425 2022 Tertullianumscripsisse

1482 2038 1556 2077 sub
1581 2037 1791 2075 Antoninis
1813 2065 1821 2084 ,
1843 2037 1935 2086 quia
1955 2035 2003 2074 de
2024 2035 2217 2073 Frontone
2239 2033 2424 2084 Cyrtensi

1481 2100 1644 2137 Oratore
1664 2109 1747 2147 cap.
1779 2099 1801 2134 9
1827 2101 1867 2135 et
1892 2097 1932 2136 31
1981 2101 2169 2146 tanquam
2206 2096 2291 2133 viro
2329 2105 2424 2134 suae

1484 2162 1624 2200 aetatis
1657 2160 1834 2209 loquitur
1855 2189 1863 2208 ,
1884 2163 1924 2197 et
1947 2159 2073 2197 amico
2099 2156 2282 2205 Caecilii,
2308 2167 2431 2207 quem

1484 2223 1632 2261 illinutii
1677 2222 1869 2260 Octavius
1910 2220 1959 2258 ad
2003 2219 2214 2260 CHristum
2257 2217 2431 2258 adducit.

1486 2285 1588 2323 Sane
1602 2283 1761 2333 quidem
1784 2284 1820 2320 in
1838 2282 2027 2321 Antonini
2049 2281 2277 2332 Mongitoris
2291 2280 2432 2319 Biblio-

1486 2346 1625 2384 thecae
1653 2345 1782 2383 Sicula
1803 2348 1882 2382 tom
1915 2345 1951 2383 2.
1971 2354 2057 2394 pag.
2076 2342 2152 2382 222
2169 2353 2239 2393 per
2258 2352 2431 2381 errorem

1486 2407 1654 2446 traditur
1678 2407 1867 2445 minutius
1891 2406 2000 2444 FelIx
2024 2405 2144 2444 citare
2169 2404 2430 2453 Lactantium,

1489 2470 1748 2518 Svetonium‘
1787 2467 2053 2506 Plutarchum.
2093 2465 2272 2505 Laudant
2306 2466 2432 2505 Minu-

1486 2532 1590 2569 cium
1613 2531 1731 2569 ctiam
1773 2529 2004 2568 Lactantius
2027 2528 2090 2567 lib.
2132 2529 2167 2567 1.
2202 2538 2286 2579 cap.
2312 2529 2352 2567 11
2392 2530 2432 2566 et

1479 2645 1530 2676 les
1556 2645 1766 2676 Litteraires
1790 2647 1872 2675 tom.
1903 2643 1935 2675 X
1960 2649 2036 2682 pag.
2062 2639 2135 2673 281.
2163 2647 2254 2681 seqq.
2273 2641 2310 2671 In
2325 2639 2435 2680 Ephe·
2492 2618 2494 2624 .

1481 2695 1664 2726 meridibus
1695 2693 1912 2725 Eruditorum
1929 2692 2066 2723 Parisiis
2084 2689 2175 2722 1692.
2193 2697 2268 2730 pag.
2290 2688 2361 2722 161.
2378 2689 2436 2721 ubi

1479 2745 1519 2776 de
1547 2748 1629 2776 tom.
1656 2744 1803 2776 secundo
1820 2744 1903 2773 llist.
1921 2741 2045 2773 Eccles.
2067 2738 2197 2771 Claudii
2218 2737 2360 2778 Fleury:
2384 2738 2438 2770 On

1479 2800 1598 2826 trouve
1617 2793 1718 2824 aussi
1735 2793 1760 2823 l'
1778 2791 1913 2822 extruit
1931 2792 1970 2822 de
1988 2789 2166 2824 Minatius
2183 2788 2287 2821 Felix
2299 2812 2310 2828 ‚
2333 2787 2394 2829 qui
2414 2795 2437 2818 α

1484 2845 1559 2876 ceta
1578 2844 1619 2874 de
1637 2842 1870 2883 particulier,
1902 2840 1999 2880 qu'it
2025 2842 2194 2880 rapporaee
2225 2837 2347 2869 micum
2373 2844 2437 2877 que

1481 2895 1543 2925 nul
1562 2898 1664 2924 autre
1681 2893 1731 2924 les
1754 2891 1950 2930 objections
1969 2891 2030 2922 des
2047 2889 2200 2929 Payem.

1539 2944 1572 2984 a)
1587 2945 1721 2974 Hieron.
1739 2941 1778 2973 dc
1797 2943 1827 2972 S.
1839 2943 1877 2972 E.
1896 2949 1924 2972 c.
1943 2939 1996 2972 58.
2012 2940 2093 2971 etin
2106 2939 2211 2980 Epist.
2228 2936 2268 2969 ad
2282 2939 2436 2974 Magnum

1483 2997 1668 3026 Oratorem.
1683 2993 1782 3023 Miror
1799 2990 2061 3028 Tillemontium,
2077 2991 2134 3029 qui
2153 2989 2193 3020 de
2208 2989 2352 3020 Minucio
2365 2987 2433 3026 eju-

1479 3051 1560 3084 sque
1582 3041 1721 3080 Dialogo
1738 3040 1866 3072 erudite
1880 3040 2045 3071 disserens
2070 3041 2151 3070 tom.
2167 3037 2186 3069 5
2199 3036 2434 3069 memoriarum

1480 3096 1561 3124 nist.
1588 3091 1711 3124 Ecclcs.
1735 3097 1809 3129 pag.
1828 3089 1898 3120 167.
1920 3089 1989 3120 edit
2006 3089 2111 3120 Paris.
2137 3086 2230 3119 addit
2255 3084 2376 3117 librum
2391 3082 2432 3114 de

1477 3143 1540 3173 sato
1554 3141 1717 3174 tributum
1731 3141 1875 3171 Minucio
1893 3138 1956 3178 legi
1972 3138 2058 3178 typis
2074 3134 2277 3175 exscriptum
2296 3134 2330 3164 in
2347 3140 2434 3172 qua-

1477 3192 1553 3222 dam
1571 3190 1707 3222 Arnobii
1727 3189 1887 3221 editione.
1911 3188 1964 3219 On
1982 3187 2042 3226 luy
2071 3195 2093 3217 a
2110 3195 2152 3216 en
2173 3181 2249 3223 effet
2274 3181 2428 3214 attribue

1476 3251 1525 3271 un
1552 3240 1638 3271 tiore
1661 3237 1801 3271 intitule‘
1818 3239 1862 3270 du
1877 3237 1984 3269 destIn
2000 3259 2009 3274 ,
2034 3243 2079 3266 ou
2100 3236 2212 3266 contre
2236 3232 2280 3264 les
2305 3232 2432 3264 Mathe-

1479 3292 1652 3322 maticicns
1665 3312 1674 3327 ‚
1697 3289 1756 3328 qai
1779 3297 1814 3319 se
1832 3292 1951 3318 trouve
1966 3281 2131 3324 imprime
2145 3283 2235 3314 dans
2258 3291 2325 3314 une
2355 3282 2432 3314 edi-

1478 3340 1552 3370 tion
1575 3340 1611 3369 ‹1'
1627 3337 1773 3370 Arnobe.
