2500 3841
835 219 1307 261 FRANCISCUS

92 288 243 330 nardus
292 285 367 323 Pez
416 285 453 321 in
513 283 776 324 Bibliothecae
833 287 1038 327 Asceticae

95 357 192 390 tom.
223 350 291 389 IX.
320 358 408 399 pag.
440 343 515 385 479
544 345 677 396 illique
706 358 794 398 pag.
829 349 905 388 247
948 351 1040 389 sub-

83 413 222 466 junxit
236 407 428 461 Ejusdem
448 405 621 445 libellum
641 407 903 458 Epistolarem
912 413 1040 460 Quae-

88 475 259 515 stionum
282 469 542 522 Reyularium
564 468 611 507 de
643 469 730 508 Vita
752 472 1038 511 Sanctimonia-

91 536 186 576 lium
229 532 461 585 Viryinum‚
490 531 536 570 ad
566 532 798 582 Magistrum
835 535 1037 574 Nicolaum

88 599 264 639 Prolvin.

79 674 82 678 ’
142 659 453 700 FRANCISCUS
481 657 644 705 Bautis,
677 657 938 698 Castitioneus
976 672 1040 699 su-

88 735 158 776 pra
186 728 280 762 tom.
314 724 348 762 4.
379 732 467 772 pag.
498 720 591 759 334.

139 784 452 825 FRANCISCUS
461 780 672 821 Delbenz'us
682 783 923 823 Veronensis
935 787 1039 824 circa

92 847 253 888 Annum
287 846 402 887 4500.
431 844 548 896 cujus
576 854 676 895 opus
704 843 752 882 de
782 845 937 885 familiis
966 849 1039 886 Vc-

89 910 327 950 ronensibus
344 920 367 947 a
389 908 530 948 Vossio
549 918 635 958 pag.
667 905 743 945 674
773 908 1005 948 celebratur.

142 970 456 1013 FRANCISCUS
474 968 710 1020 Eoeimenez‚
725 969 885 1010 Ordinis
904 974 1036 1012 Minor.

94 1036 194 1075 infra
213 1064 221 1084 ,
244 1034 483 1074 XIMENEZ.

141 1096 454 1138 FRANCISCUS
503 1093 796 1134 Fabrianensis
826 1126 834 1145 ⁷
882 1097 1041 1137 Ordinis

89 1160 281 1199 Minorum
299 1188 308 1206 ⁷
333 1160 399 1210 qui
428 1157 501 1197 An.
527 1158 629 1198 4322
653 1157 757 1197 diem
788 1158 908 1208 obiit,
947 1161 1041 1198 scri-

89 1223 249 1274 psitque
266 1226 424 1273 praeter
438 1222 647 1261 Sermones
664 1221 813 1260 multos
828 1221 1041 1273 Artemque

89 1283 426 1332 Praedicantium,
449 1285 680 1322 Tractatum
705 1282 751 1322 de
774 1283 905 1336 Officio
928 1287 962 1322 et
985 1283 1042 1322 cli-

85 1345 234 1397 9nitate
273 1345 455 1385 Praelati
475 1349 514 1384 et
534 1344 762 1386 Sacerdotis
787 1345 1041 1397 Evanqelici,

90 1414 130 1448 et
149 1410 269 1449 alium
295 1408 341 1448 de
363 1408 531 1448 veritate
567 1412 605 1447 et
642 1407 879 1448 eoecellentia
917 1408 1044 1448 inclut-

87 1471 244 1523 9entiae
268 1472 308 1511 S.
334 1471 489 1511 Mariae
505 1470 552 1510 de
572 1471 844 1510 Portiuncula.

143 1534 385 1574 FRANCISC
394 1533 750 1584 USFerrariensis7
761 1534 921 1572 Ordinis
930 1535 1044 1573 Prae-

89 1597 335 1644 dicatorum⁷
377 1597 479 1635 circa
515 1596 677 1636 Annum
723 1596 840 1636 4500.
878 1597 1044 1647 Scripsit

91 1659 217 1698 Vitam
248 1660 292 1698 B.
342 1659 524 1698 Osannae
556 1661 792 1699 Mantuanae
831 1659 940 1698 libris
979 1660 1040 1698 VI.

87 1723 292 1763 Mediolani
308 1723 425 1763 4543.
442 1724 618 1773 itemque
636 1722 711 1761 alia
729 1723 767 1760 in
787 1721 978 1759 Thomam
1003 1725 1042 1759 et

88 1787 128 1825 in
155 1785 424 1826 Aristotelem.
453 1784 550 1824 Vide
578 1785 766 1823 Vossium
795 1795 881 1834 pag.
914 1782 1003 1821 676.
1069 1821 1073 1824 ,

141 1847 163 1871 *
191 1849 321 1888 Vitam
336 1849 378 1886 B.
396 1847 584 1885 Osannae
601 1848 838 1885 Mantuanae
854 1846 1012 1895 scripsit
1031 1857 1039 1891 ς

90 1910 160 1950 sed
189 1921 290 1961 opus
319 1909 418 1948 illud
445 1907 803 1948 Mediolanensibus
824 1908 932 1958 typis
956 1918 1042 1957 pro—

88 1973 160 2011 diit
178 1983 240 2011 an.
263 1972 378 2011 4505.
405 1975 449 2010 ut
472 1981 543 2021 ego
567 1970 749 2008 oculatus
774 1971 889 2008 testis
915 1970 1045 2019 inspe-

91 2038 155 2073 cto
184 2033 328 2074 Codice
357 2033 513 2085 agnovi.

141 2094 449 2135 FRANCISCUS
473 2095 506 2132 F
509 2093 727 2132 lorentinus
745 2123 752 2141 ⁷
777 2097 1043 2143 cognomento

89 2158 337 2206 Paduanus,
374 2157 533 2197 Ordinis
567 2158 791 2205 Minorum,
831 2159 921 2206 post
960 2167 1044 2193 me-

89 2222 199 2261 dium
223 2221 378 2260 Saeculi
401 2221 499 2268 XV,
524 2231 547 2258 a
569 2219 727 2258 Nicolao
752 2220 783 2257 V
805 2248 813 2266 ,
838 2229 967 2268 usque
991 2216 1039 2256 ad

92 2285 192 2324 Sixti
216 2285 291 2334 lV,
314 2287 493 2334 tempora
516 2283 673 2331 floruit,
712 2286 752 2320 et
785 2285 889 2320 teste
923 2279 1045 2319 Wad-

90 2346 207 2397 dingo
229 2357 317 2398 pag.
343 2346 418 2385 448
448 2349 489 2384 et
511 2345 615 2384 Julio
645 2345 762 2394 Nigro
804 2344 842 2381 in
880 2343 1044 2381 historia

94 2410 275 2460 scriptor.
298 2408 616 2447 Florentinorum
637 2419 674 2458 p.
700 2405 777 2445 207
796 2405 1043 2456 composuit:

146 2470 473 2513 Christianarum
497 2468 785 2509 institutionum
808 2466 955 2506 librum
993 2465 1047 2504 ad

93 2534 306 2574 Braccium
343 2531 587 2573 Martellium
609 2561 617 2580 ,
656 2531 928 2570 Florentinum
950 2557 957 2576 ‚
1004 2529 1041 2566 in

94 2600 162 2637 XL
181 2627 189 2646 ,
219 2598 347 2648 capita
370 2596 619 2634 distinctum.

150 2660 206 2698 De
229 2657 463 2697 eoecellentia
487 2655 717 2696 conditionis
738 2654 946 2692 humanae.

146 2723 203 2761 De
225 2720 378 2760 Divinis
396 2720 485 2759 item
503 2717 700 2772 operibus.

149 2785 205 2824 De
229 2783 345 2836 lapsu
360 2782 538 2822 hominis.
557 2781 746 2820 Praefatio
762 2778 924 2828 incipit:
948 2777 1042 2816 Coc—

91 2858 261 2900 peram,
286 2845 555 2885 amantissime
578 2841 733 2882 Bracci.

152 2909 311 2949 Librum
336 2907 382 2947 de
396 2906 694 2957 Astroloyorum
705 2900 1040 2955 parvipendemus

89 2971 281 3025 judiciis,
305 2981 353 3009 ac
375 2969 422 3009 de
445 2965 759 3009 incantatoribus
775 2996 784 3013 ‚
816 2967 853 3002 et
891 2962 1044 3002 divina-

100 3032 253 3074 toribus
272 3032 378 3073 nullo
401 3032 513 3071 modo
535 3028 710 3083 ferendis
725 3059 735 3075 ,
760 3026 807 3065 ad
834 3026 1043 3075 Inquisito-

101 3107 166 3136 res
182 3095 403 3135 haereticae
418 3094 640 3146 pravitatis,
660 3095 700 3129 et
717 3089 765 3128 ad
783 3087 984 3127 Nicolaum
1001 3088 1044 3125 V.

102 3158 330 3199 Pontificem
356 3159 583 3198 Maximum.

98 3254 101 3256 .
154 3219 476 3272 Breviloquzum,
502 3229 549 3255 ac
578 3215 624 3254 cle
647 3211 853 3264 Epidemia
888 3210 942 3248 acl
976 3211 1045 3248 Pe-

104 3287 210 3322 trum
234 3282 369 3324 Cosmi
385 3280 510 3333 silium
531 3278 733 3318 Medicem.

158 3345 212 3384 De
237 3344 436 3384 insensata
460 3353 559 3380 cura
585 3336 809 3377 mortalium
831 3334 883 3373 aa
914 3333 1047 3372 illusos

1979 228 2054 267 599

1111 289 1230 342 hujus
1244 292 1348 331 vitae
1356 296 1566 332 amatores.
1579 294 1805 345 Proponens
1820 295 1956 334 decem
1975 296 2061 335 illu-

1113 354 1258 392 siones.
1270 355 1430 406 Incipit:
1448 356 1547 395 Cum
1564 355 1735 408 quotidie
1752 367 1906 395 mecum.
1921 357 2058 408 coquo.

1165 417 1372 455 Tractatus
1382 416 1428 454 (Ic
1441 417 1752 469 floccipendendo
1768 418 1897 470 vul90,
1916 423 1957 458 et
1974 431 2062 458 con-

1113 478 1326 517 temnendis
1362 480 1448 530 ejus
1488 480 1642 532 ineptiis
1662 513 1672 530 ,
1706 480 1811 519 etde
1841 481 2060 533 quidditate

1110 539 1308 590 fortunae.

1166 604 1392 642 Tractatum
1429 604 1475 643 de
1503 606 1546 643 B.
1587 606 1830 654 Francich
1864 606 2060 646 ,issisiace

1165 666 1316 703 Extant
1340 665 1520 715 ejusdcm
1549 667 1746 719 Epistolae
1772 668 2062 719 yratulatoriae

1111 726 1165 764 ad
1186 726 1350 765 Sioetum
1375 728 1396 765 I
1400 729 1438 776 V,
1464 729 1569 767 etad
1591 731 1752 767 Petrum
1776 730 1974 770 JIeclicem.
1998 732 2061 769 ln-

1112 790 1262 839 cipiunt
1284 802 1291 826 :
1318 788 1559 828 Felicissime
1584 792 1740 829 Pastor.

1167 852 1373 889 Praeterea
1395 851 1600 890 Orationes
1619 863 1749 891 coram
1767 854 1942 892 Summis
1963 856 2062 893 Pon-

1113 912 1284 951 tificibus
1309 913 1478 952 habitae.

1166 976 1270 1013 Haec
1312 977 1470 1025 omnia,
1512 978 1614 1016 Julio
1643 979 1757 1028 Nigro
1786 982 1916 1025 teste,
1955 980 2059 1018 MSta

1114 1038 1153 1075 in
1177 1037 1417 1076 Bibliotheca
1447 1040 1708 1078 Franciscana
1749 1039 1985 1078 Conventus
2019 1041 2058 1080 S.

1115 1100 1254 1139 Crucis
1284 1100 1510 1138 Florentini.

1167 1162 1478 1202 FRANCISCUS
1511 1163 1730 1214 Georgsz'us,
1761 1164 1963 1212 Venetus,
2008 1166 2064 1202 in-

1116 1224 1173 1263 fra
1201 1224 1466 1264 GEORGIUS.

1168 1287 1476 1327 FRANCISCUS
1501 1286 1660 1333 Gothus,
1679 1287 1838 1327 Ordinis
1854 1288 2061 1336 Minorum,

1116 1350 1347 1400 'l'heologiae
1367 1350 1580 1400 Professor,
1601 1350 1760 1400 scripsit
1785 1348 2064 1400 Compendium

1115 1409 1321 1456 Biblicum‚
1353 1412 1507 1462 singula
1532 1413 1659 1463 capita
1683 1412 1916 1450 Divinorum
1948 1411 2065 1450 libro-

1117 1484 1206 1511 rum
1230 1475 1435 1523 quaternis
1458 1473 1637 1512 dimetris
1661 1474 1848 1512 Jambicis
1874 1474 2065 1523 perstrin—

1118 1547 1240 1586 gens,
1264 1547 1433 1586 quorum
1469 1536 1541 1574 hoc
1578 1538 1778 1587 ‘specimen
1812 1535 1915 1586 apud
1941 1534 2062 1574 Wad-

1119 1598 1284 1648 dingum
1309 1609 1395 1650 pag.
1428 1598 1519 1637 420.

1292 1680 1377 1709 Ante
1403 1678 1463 1716 fit,
1488 1677 1543 1709 lux
1566 1677 1784 1718 producitur,

1293 1727 1451 1759 Dividens
1474 1736 1575 1767 aquas
1600 1732 1777 1766 congregat
1797 1750 1806 1764 ‚

1293 1779 1438 1809 Ornatus
1461 1777 1557 1809 sactis
1580 1777 1713 1808 additur

1292 1826 1456 1858 producta
1484 1827 1570 1858 Adae
1595 1827 1788 1866 subjungat.

1171 1897 1190 1919 ’Ὦ
1219 1897 1507 1947 Compendium
1530 1895 1625 1933 illud
1650 1896 1841 1934 Bibiicum
1865 1896 1980 1934 cuius
2003 1894 2066 1932 hic

1118 1960 1297 1997 meminit
1325 1959 1526 1997 Fabricius
1570 1957 1644 1996 sub
1682 1958 1839 1995 nomine
1870 1958 2066 1995 Francisci

1116 2022 1249 2060 Gotthi
1279 2032 1473 2060 excusum
1490 2022 1528 2058 in
1545 2019 1705 2058 exordio
1720 2019 1943 2058 Bibliorum.
1966 2021 2067 2069 Lug-

1116 2084 1211 2123 duni
1241 2096 1303 2123 an.
1336 2085 1437 2123 4515
1467 2084 1504 2120 in
1536 2084 1572 2120 8.

1170 2145 1477 2185 FRANCISCIJS
1522 2145 1760 2190 Gravanus,
1805 2143 2059 2188 (Viennensis,

1117 2209 1343 2257 (Possevino
1364 2213 1404 2246 et
1427 2208 1575 2257 Gangio
1599 2209 1785 2255 corrupte
1812 2203 2066 2251 Gratianus.)

1116 2270 1275 2308 Ordinis
1298 2269 1616 2308 Praedicatorum
1640 2269 1743 2306 circa
1766 2266 1927 2305 Annum
1950 2266 2063 2304 4342.

1118 2333 1234 2383 cujus
1274 2335 1546 2371 memorantur
1576 2331 1735 2370 Postilla
1763 2334 1803 2367 et
1827 2329 2066 2369 Collationes

1119 2396 1159 2434 in
1180 2393 1442 2445 Evanyelium
1466 2394 1606 2440 Lucae,
1632 2394 1841 2432 Sermones
1866 2392 1904 2428 in
1937 2391 2071 2428 Domi-

1118 2460 1252 2503 nicae„
1281 2457 1635 2506 Quadragesimam
1660 2459 1700 2492 et
1724 2454 1772 2492 de
1798 2453 1968 2500 Sanctis,
1996 2462 2068 2489 nec

1119 2532 1195 2558 non
1240 2517 1439 2571 Opuscula
1475 2518 1560 2556 alia.
1598 2516 1693 2554 Vide
1717 2515 1904 2553 ,iacobum
1936 2514 2072 2558 Quetif

1124 2588 1219 2621 tom.
1246 2584 1281 2621 4.
1306 2593 1391 2632 pag.
1419 2578 1510 2619 547.

1171 2645 1260 2694 (445
1283 2641 1591 2682 FRANCISCUS
1616 2637 1817 2689 Griffolini
1844 2636 2065 2681 Arretinus,

1115 2708 1181 2758 qui
1195 2706 1324 2745 adhuc
1336 2705 1497 2755 juvenis
1506 2702 1662 2753 Neapoli
1677 2701 1943 2739 infelicissime
1959 2699 2066 2746 obiit,

1117 2771 1236 2808 vertit
1255 2768 1453 2820 Epistolas
1474 2766 1668 2815 Diogenis,
1685 2764 1747 2802 cui
1766 2760 1963 2812 praecedit.
1978 2761 2067 2799 Ele-

1116 2833 1176 2882 gia
1201 2830 1248 2870 ad
1273 2832 1383 2869 Pium
1406 2830 1452 2868 ΙΙ.
1477 2828 1694 2866 Florentiae
1718 2836 1780 2863 an.
1802 2826 1815 2862 4
1829 2822 1915 2861 487.
1948 2823 1968 2859 4
1986 2822 2068 2860 cdi-

1116 2900 1178 2933 tas
1201 2923 1208 2941 7
1235 2897 1280 2932 ut
1309 2892 1356 2931 ab
1386 2891 1520 2930 Attilio
1551 2890 1676 2928 Alcssi
1703 2886 1837 2926 scoria
1870 2883 2066 2922 d'Arezzo

1117 2957 1308 2995 docemur
1332 2965 1450 3006 prope
1469 2953 1647 2991 Lamiam
1670 2961 1757 3000 pag.
1776 2949 1837 2987 48.
1858 2946 1980 2986 Catal.
2006 2947 2067 2984 Bi-

1117 3019 1253 3057 blioth.
1285 3016 1602 3062 Riccardianac.)

1172 3079 1431 3119 FRANCISCI
1454 3077 1500 3115 (Ic
1525 3074 1721 3114 Luclianis
1746 3073 1886 3111 librum
1912 3069 1958 3108 de
1994 3071 2066 3108 ,Ιιι-

1119 3142 1236 3182 stitiis
1280 3142 1431 3180 MStum
1471 3139 1621 3177 evolvit
1661 3136 1834 3183 (langius
1860 3135 1896 3170 in
1923 3132 2066 3172 Codice

1119 3207 1237 3254 Regio
1264 3206 1277 3242 4
1290 3202 1378 3240 837.

1176 3264 1483 3305 FltANCisCUs
1525 3263 1570 3300 (le
1610 3259 1790 3298 Mat-chia
1819 3289 1826 3303 -.
1871 3260 2038 3297 Picenus
2058 3291 2064 3297 .

1124 3333 1210 3378 (non
1244 3329 1435 3375 Pisanus7
1467 3331 1509 3363 nt
1543 3325 1649 3373 legas
1688 3320 1791 3372 apud
1815 3320 2002 3360 jacobum
2033 3322 2065 3358 Ιι·
