2500 4009
440 197 515 238 156

440 271 530 308 (lum
559 268 605 306 (le
632 266 792 305 Perusia
831 262 913 301 Cin.
953 259 1189 299 Perusinum
1214 259 1243 298 Ι.
1274 260 1312 298 V.
1337 259 1382 298 D.

443 333 480 370 in
507 329 613 382 felici
639 327 793 365 civitate.
822 321 1134 362 FLORENTHE
1163 320 1305 371 leqente
1323 332 1386 359 or-

440 393 593 431 dinarie
626 391 690 427 Ins
723 383 871 426 Civile.
896 395 996 436 quae
1026 382 1136 422 ultra
1164 394 1293 423 omnes
1318 383 1388 434 slo-

442 459 503 493 ret
530 451 668 491 Italiae
685 481 693 491 ,
717 459 764 486 ac
789 447 955 499 imperat
970 444 1136 498 feliciter
1163 449 1201 484 et
1223 445 1384 497 juyiter.

441 517 571 561 Amen.
589 513 727 550 :letum
763 510 863 548 1415
889 508 951 546 hic
972 508 1011 546 in
1033 507 1140 546 dicta
1161 508 1320 568 civitate
1335 507 1389 547 ad

443 577 621 613 honorem
650 575 687 610 et
710 570 840 622 plor-ia
868 569 1004 621 Μαρια·
1023 569 1180 608 Domini
1194 573 1231 608 et
1249 568 1388 610 Salva-

442 636 535 674 toris
551 633 678 673 nostri
688 634 721 671 J.
741 633 782 672 C.
800 631 1042 683 etyloriosae
1062 644 1159 671 suae
1171 631 1386 683 militricis,

443 702 557 748 atque
580 697 655 735 BB.
674 695 836 734 ,loannis
864 695 1067 746 Baptistae
1086 698 1122 733 et
1138 695 1169 732 Z
1175 692 1303 732 enobii
1326 705 1390 732 re-

437 763 606 812 paratae
643 757 865 796 Florentiae
888 756 1119 810 movinciae
1163 754 1390 808 specialium

439 825 715 872 protectorum.
731 820 765 857 E
769 818 890 870 tquia
909 818 1099 870 scriptum
1115 817 1219 870 quod
1235 830 1273 856 ιη
1292 817 1391 855 mul—

443 883 597 935 tiloquio
625 893 741 921 error
769 893 845 919 non
872 880 997 919 deerit
1014 913 1023 928 v.
1054 884 1090 919 et
1117 892 1184 932 eqo
1213 891 1391 918 maxume

443 946 565 985 multa
591 945 740 983 loeutus
769 955 855 982 sum
873 973 881 990 ,
902 954 948 981 ne
968 943 1189 981 aristimem
1208 946 1392 994 proterve

442 1009 594 1048 (titisse
622 1019 722 1059 qnae
751 1006 844 1045 dimi
864 1005 1098 1044 correctioni
1119 1016 1290 1056 suppono
1314 1015 1392 1041 om-

442 1073 550 1111 w'um
567 1070 713 1109 rectius
727 1068 972 1108 sentientium
997 1071 1034 1106 et
1045 1067 1288 1119 praecipuae
1307 1077 1392 1104 cor-

443 1133 607 1173 rectioni
630 1131 883 1171 Dominarum
917 1128 1280 1169 excellentissimor.
1307 1127 1394 1168 Col-

444 1196 534 1247 Ieyii
568 1193 784 1233 Florentiae·
815 1193 947 1232 Amen.
985 1193 1086 1230 llaec
1130 1190 1393 1229 disertissima

444 1258 562 1296 verba
580 1287 586 1293 .
605 1268 704 1307 quae
719 1257 785 1293 vix
804 1255 923 1294 ullam
939 1254 1234 1303 ambiguitatem
1252 1251 1391 1291 admit-

444 1325 526 1357 tere
555 1322 720 1369 possunt
741 1318 819 1355 fero
842 1315 891 1355 ad
915 1326 1081 1354 sensum
1121 1313 1395 1353 demonstrant

445 1380 693 1432 Epitaphium
717 1378 824 1417 Baldi
850 1377 1058 1428 sepulchro
1082 1377 1312 1426 impositum
1337 1387 1396 1414 rc-

445 1444 600 1480 centius
614 1452 702 1479 esse
719 1445 756 1479 et
774 1440 821 1478 ab
839 1439 1001 1478 authore
1016 1449 1088 1476 nec
1106 1438 1223 1488 plane
1240 1448 1395 1484 coaevo,

448 1515 518 1541 nec
548 1504 644 1541 satis
668 1513 802 1540 rerum
842 1512 864 1539 a
900 1499 1019 1538 Baldo
1056 1504 1255 1549 gestarum
1278 1510 1397 1549 gnaro

447 1565 648 1603 ‹lic-tatum.
673 1564 768 1602 Nam
800 1563 837 1599 in
862 1561 1056 1612 epitaphio
1081 1561 1143 1599 illo
1166 1561 1308 1599 obiisse
1331 1572 1398 1599 ex-

450 1628 629 1677 primitur
666 1636 726 1663 an.
770 1625 881 1663 4400.
913 1625 987 1662 Diu
1013 1623 1171 1673 quidem
1209 1623 1397 1665 multum-

448 1699 524 1737 que
548 1688 653 1725 linesi
690 1686 832 1724 dubius
867 1697 962 1723 num
984 1686 1173 1734 scriptum
1199 1683 1271 1722 hoc
1293 1693 1315 1721 a
1335 1694 1395 1720 me

450 1749 642 1800 prolatum
660 1747 706 1786 ad
725 1747 887 1786 Balduin
902 1746 950 1784 de
966 1746 1170 1784 Bartolinis
1188 1774 1194 1791 ‚
1212 1745 1278 1794 qui
1297 1744 1397 1794 pari-

449 1818 518 1849 ter.
532 1810 631 1860 juris
646 1810 772 1847 civilis
795 1809 957 1846 scicntia
976 1807 1128 1854 claruit,
1145 1805 1394 1844 referendum

449 1877 566 1910 esset.
585 1871 660 1910 Sed
683 1882 773 1909 cum
793 1871 828 1907 in
846 1869 1014 1907 Fabritio
1037 1867 1099 1906 hic
1115 1867 1292 1917 legamus
1311 1865 1398 1904 Bal-

449 1934 541 1972 dum
567 1933 671 1971 hunc
690 1932 886 1983 juniorem
911 1931 1054 1969 obiisse
1074 1931 1172 1969 Pisis
1191 1941 1253 1969 an.
1281 1928 1394 1968 4490.

449 1997 515 2033 vix
547 1994 627 2033 sieri
652 1995 778 2044 potuit
801 2004 862 2031 an.
892 1993 992 2032 4443
1016 1992 1111 2030 adeo
1135 1992 1297 2030 scientia
1330 2001 1399 2028 ex-

451 2057 632 2094 celluisse
654 2061 696 2094 ut
716 2055 1017 2105 praelectionem
1056 2054 1160 2092 illam
1197 2053 1394 2091 scriberet.

508 2118 581 2166 (⁶23
597 2118 678 2156 Non
703 2118 842 2154 Petrus
862 2115 929 2152 sed
951 2114 1095 2153 Baldus
1123 2116 1314 2153 Francisci
1343 2115 1399 2154 di-

457 2179 617 2217 cendus.
639 2179 739 2215 Petri
763 2176 809 2213 de
840 2175 997 2214 t'baldis
1019 2181 1100 2213 tres
1123 2175 1398 2225 distinguendi.

453 2241 563 2278 (Ioni.
590 2237 826 2289 Vermiylioli
845 2237 1046 2287 Biossrafia
1064 2236 1166 2287 deyli
1178 2236 1308 2275 Scrilt.
1330 2239 1400 2276 Pe-

454 2301 597 2351 ruyini.
631 2300 801 2350 Perussia
832 2301 961 2346 4829,
988 2299 1020 2336 4.
1046 2299 1097 2338 At
1121 2299 1226 2338 Baldi
1249 2311 1398 2339 annum

454 2363 709 2402 emortualem
755 2362 960 2411 hucusque
1005 2364 1196 2400 incertum
1238 2365 1296 2400 tot
1322 2362 1399 2400 cla-

455 2427 639 2463 rissimor.
656 2425 828 2462 virorum
860 2424 973 2461 venia
1002 2423 1179 2461 dixerim.
1204 2424 1258 2461 De
1280 2425 1399 2474 Repe-

454 2487 582 2524 titione
612 2487 650 2524 in
672 2489 763 2523 mat.
786 2485 1011 2537 juramenti
1032 2485 1093 2523 hic
1115 2497 1136 2524 a
1160 2486 1306 2524 Mansio
1339 2498 1398 2525 re-

455 2550 540 2588 lata.
551 2559 621 2586 nec
638 2548 685 2586 de
699 2549 864 2586 Lucensi
882 2547 974 2586 (jod.
991 2544 1099 2585 ΜΞΝ
1114 2547 1397 2598 Vermigliolius

453 2612 547 2649 satis
556 2611 719 2648 curavit.
730 2610 789 2648 Ex
799 2609 1014 2648 coBaldum
1028 2609 1168 2659 legisse
1180 2610 1396 2649 Florentiae

456 2676 522 2710 (ut
542 2671 620 2722 jam
654 2673 702 2710 ab
731 2683 791 2709 an.
820 2671 921 2710 4364
946 2683 993 2708 ex
1019 2670 1256 2709 documento
1279 2683 1395 2723 prope

458 2735 487 2772 F
488 2734 695 2772 abrom'um
705 2734 800 2772 Hist.
811 2733 839 2772 ,4
847 2732 931 2771 cad.
943 2733 1117 2781 Pisanae,
1131 2735 1225 2772 certi
1244 2745 1395 2779 sumuS,

453 2809 499 2834 vx
525 2809 569 2834 eo
592 2798 718 2847 opinio
741 2796 964 2844 'l‘ritlwrnii‚
989 2796 1141 2834 Simleri
1167 2799 1206 2834 ct
1228 2796 1395 2834 Ricciolii

454 2870 551 2907 quae
583 2859 875 2908 inscriptionem
917 2857 1204 2909 sepulchralem
1241 2861 1395 2896 tantum

455 2925 586 2957 eontra
611 2931 652 2957 se
678 2920 816 2966 babet,
843 2920 1005 2958 Baldum
1029 2920 1170 2958 obiisse
1189 2930 1250 2958 an.
1282 2919 1393 2958 4423.

454 2983 595 3031 optime
620 2984 849 3019 sustinetur.
869 2996 876 3028 l

502 3044 668 3081 loannes
692 3044 882 3082 lutlitjs
898 3043 1157 3096 Sudovolgius
1175 3075 1183 3093 ,
1199 3045 1284 3082 sive
1308 3044 1396 3083 Suf-

456 3105 647 3142 toletensis
666 3105 816 3151 Anulus
837 3110 953 3143 natus
970 3107 1012 3143 A.
1032 3106 1286 3145 tt913deinde
1304 3107 1395 3157 Epi-

457 3176 593 3213 scopus
617 3167 659 3204 Α.
687 3167 787 3206 4552
814 3169 848 3205 in
881 3168 1058 3207 llibcrnia
1082 3169 1346 3217 Ossoricnsis,
1375 3169 1392 3190 '4

511 3250 520 3261 ⁴
545 3250 620 3282 Vide
643 3254 798 3286 'rhomam
823 3258 907 3296 Popc
930 3254 1044 3286 Blounl
1072 3257 1103 3287 ln
1131 3265 1267 3289 crusura
1296 3258 1394 3297 scrlp·

452 3304 557 3328 torum
582 3308 653 3337 pag.
679 3304 748 3334 0⁵12.

1278 187 1563 228 BALEUS

1458 260 1526 299 sod
1565 270 1655 300 mox
1687 261 1802 300 Maria
1838 271 2010 310 regnum
2029 259 2195 311 adepta,
2218 260 2404 310 quiallo-

1459 333 1573 361 mana
1595 323 1677 374 ipse
1692 333 1802 362 sacra
1818 324 1978 362 minime
1998 322 2183 374 probabat
2200 353 2208 372 ,
2228 321 2320 362 exul
2335 350 2342 370 ,
2357 332 2404 362 ao

1457 390 1546 436 post
1565 386 1880 437 quinquennium
1904 385 2064 424 demum
2085 384 2159 423 sub
2180 383 2406 430 Elisabetha

1460 449 1600 487 iterum
1625 459 1811 487 reversus
1835 449 1872 486 in
1901 447 2104 497 Angliam,
2126 450 2165 485 et
2187 445 2407 498 praebenda

1458 514 1674 549 contentus
1694 509 1966 549 Cantuariensi
1983 508 2085 547 diem
2101 509 2193 547 obiit
2215 508 2287 548 An.
2304 508 2406 552 4563

1460 581 1595 610 mense
1616 571 1838 620 Novembri,
1856 570 1996 608 aetatis
2020 570 2081 608 68.
2105 569 2353 610 Acerbiorcm
2369 571 2407 608 in

1459 633 1666 672 Pontifices
1701 633 1895 671 calamum
1919 632 2001 681 ipse
2032 634 2196 670 excusat
2226 631 2348 670 Praei.
2368 631 2406 669 in

1461 693 1559 734 Acta
1578 693 1808 732 Pontificum
1827 721 1835 741 ,
1852 697 2052 731 caeterum
2076 695 2121 731 ut
2139 691 2187 731 de
2203 702 2248 730 eo
2262 693 2410 732 Monta-

1462 757 1593 795 eutius
1609 766 1694 805 pag,
1713 756 1761 794 39
1777 757 2008 805 apparatus,
2025 752 2239 806 impotentis
2255 752 2409 804 linquae

1464 820 1498 855 et
1514 815 1660 854 calami
1674 814 1906 867 plerumque
1923 814 2112 867 scriptor,
2133 813 2174 854 in
2189 813 2320 855 multis
2335 827 2411 854 non

1463 878 1688 930 rejectitius.
1698 876 1796 928 Ejus
1813 877 2074 916 summarium
2088 875 2410 929 descriptoribus

1463 940 1627 993 majoris
1663 939 1892 978 Britanniae
1928 940 2080 979 editum
2108 940 2347 991 Gippeswici
2372 941 2409 977 in

1464 1003 1626 1053 Anglia,
1649 1002 1750 1042 4548
1775 997 1841 1039 4.“’
1869 1001 1947 1041 Sed
1983 1001 2097 1051 longe
2131 1001 2286 1052 plenius
2308 1001 2412 1040 locu-

1466 1065 1688 1115 pletiusque
1708 1063 1834 1102 lucem
1855 1063 1953 1102 vidit
1972 1063 2146 1102 Basileae
2165 1063 2266 1103 4557
2280 1063 2342 1102 fol.
2355 1067 2413 1102 at—

1466 1138 1542 1176 que
1567 1125 1791 1165 inscribitur
1826 1124 2073 1177 Scriptorum
2095 1123 2309 1164 illustrium
2331 1136 2413 1164 πεα-

1458 1187 1564 1240 joris
1603 1187 1859 1236 Britanniae,
1882 1198 2001 1239 quam
2035 1198 2138 1226 nunc
2168 1186 2349 1239 Angliam
2378 1191 2415 1226 et

1468 1250 1635 1290 Scotiam
1657 1253 1812 1298 vocant,
1832 1248 2060 1300 Cataloyus,
2075 1247 2190 1300 cujus
2208 1250 2311 1300 prior
2324 1260 2415 1301 pars

1468 1313 1676 1352 Centurias
1698 1323 1839 1350 novem
1859 1341 1866 1360 ,
1890 1312 2082 1362 posterior
2103 1310 2148 1350 Α.
2174 1312 2286 1351 4559.
2315 1312 2416 1352 Cen*

1470 1375 1612 1414 iuriam
1634 1375 1668 1413 X
1707 1375 1759 1413 Xl
1784 1375 1855 1413 Xll
1894 1374 1983 1413 Xlll
2008 1373 2096 1413 XIV
2129 1373 2411 1424 complectitur.

1471 1437 1644 1486 Utraque
1680 1436 1847 1485 effigiem
1879 1435 1983 1474 Balei
2021 1434 2139 1474 habet
2173 1435 2414 1487 praefixam,

1471 1510 1571 1549 quae.
1586 1503 1717 1536 exstat
1732 1499 1848 1537 etiam
1865 1497 1968 1548 apud
1980 1497 2168 1537 Jacobum
2182 1497 2414 1548 Verheyden
2484 1493 2487 1496 ’

1471 1572 1555 1611 pag.
1576 1560 1714 1600 447,1η
1732 1560 1804 1598 hoc
1820 1560 2004 1610 catalogo
2021 1559 2152 1598 itidem
2169 1560 2314 1599 inserta
2328 1570 2417 1611 pas-

1471 1623 1545 1660 sim
1568 1620 1667 1660 Acta
1691 1621 1938 1673 Pontificum,
1963 1632 2064 1672 quae
2091 1620 2232 1660 deinde
2259 1631 2414 1673 separa-

1470 1684 1541 1722 tim
1565 1694 1712 1723 excusa
1734 1695 1825 1722 cum
1847 1683 2001 1722 Roberti
2026 1684 2151 1722 Barns
2172 1683 2266 1721 vitis
2289 1684 2417 1722 Ponti—

1471 1745 1588 1783 ficum
1606 1775 1614 1793 ,
1637 1749 1799 1784 curante
1821 1746 1969 1783 Joanne
1992 1745 2155 1783 Martino
2175 1743 2321 1795 Lydio,
2341 1745 2416 1784 Lu-

1471 1807 1591 1858 gduni
1613 1809 1694 1846 Bat.
1721 1807 1849 1856 1645,
1872 1808 1896 1844 8
1929 1806 2032 1845 sicut
2067 1805 2229 1845 Baleum
2261 1817 2416 1858 quoque

1471 1874 1651 1908 secutum
1675 1880 1764 1908 esse
1787 1880 1830 1908 se
1853 1868 2059 1920 profitetur
2079 1867 2303 1920 Stephanus
2326 1869 2418 1918 Sze-

1469 1930 1662 1982 gedinus,
1685 1931 1909 1972 Pannonius
1938 1930 1976 1967 in
2004 1929 2163 1981 speculo
2190 1929 2415 1980 Pontificio,

1469 1991 1585 2042 cujus
1613 1996 1794 2043 quartam
1824 1991 2035 2030 editionem
2063 1990 2185 2030 habeo
2212 1991 2318 2042 typis
2350 2003 2417 2031 ex-

1470 2055 1654 2104 scriptam
1680 2055 1764 2091 sine
1788 2053 1858 2091 loci
1882 2056 1974 2091 nota
1995 2049 2040 2090 Α.
2071 2052 2171 2092 4602
2198 2052 2234 2090 8.
2267 2052 2315 2092 Ut
2342 2054 2417 2092 Ba·—

1471 2115 1556 2153 leus
1580 2115 1618 2152 in
1641 2114 1825 2163 Catalogo
1848 2114 2082 2164 scriptorum
2106 2113 2321 2153 Lelandum
2337 2144 2348 2163 ,
2364 2115 2418 2154 ita

1472 2177 1631 2215 Baleum
1648 2180 1810 2215 secutus
1825 2180 1887 2215 est
1902 2177 2069 2226 PitseuS,
2084 2175 2180 2215 licet
2194 2175 2269 2225 hic,
2283 2179 2418 2228 utpote

1472 2239 1593 2277 sacris
1616 2239 1799 2277 Romanis
1829 2237 2033 2286 addictus,
2057 2242 2220 2277 strenue
2251 2239 2288 2276 in
2326 2250 2418 2278 eum

1472 2300 1680 2339 invehitur.
1705 2301 1867 2340 Caetera
1891 2311 1962 2340 sua
1990 2300 2160 2351 scripta,
2182 2299 2251 2339 sed
2276 2300 2420 2340 inedita

1470 2362 1680 2413 pleraque,
1704 2363 1786 2414 ipse
1809 2363 1928 2401 refert
1950 2362 2117 2411 Baleus,
2142 2372 2246 2412 quae
2273 2362 2419 2401 rectius

1470 2425 1703 2475 pleniusque
1724 2424 1827 2476 apud
1851 2424 2022 2463 eundem
2041 2424 2206 2464 Centur.
2233 2423 2318 2463 V111
2343 2424 2417 2463 400

1470 2498 1554 2538 pag.
1575 2485 1792 2538 703.quam
1814 2486 1917 2537 apud
1942 2485 2246 2526 Ilendreichium
2270 2485 2308 2523 in
2323 2485 2421 2524 Pan-

1469 2549 1593 2588 dectis
1616 2561 1701 2600 pag.
1726 2550 1801 2588 389
1826 2549 1947 2588 lector
1969 2548 2035 2588 ubi
2057 2548 2164 2588 volet
2197 2546 2330 2586 videre
2352 2557 2419 2598 po-

1470 2613 1573 2649 terit.

1520 2673 1711 2712 Robertus
1727 2671 1922 2712 BALEUS
1936 2672 2060 2713 sotus
2075 2700 2084 2721 ,
2101 2672 2204 2711 circa
2223 2669 2297 2711 An.
2317 2654 2427 2712 μεθ’

1469 2736 1534 2785 qui
1550 2736 1706 2786 scripsit
1720 2733 1981 2786 Alphabetum
1996 2736 2225 2774 sanctorum
2241 2730 2416 2783 Anyliae,

1472 2796 1689 2837 Chronicon
1731 2794 1847 2835 Urbis
1885 2795 2138 2836 Londinensis
2151 2826 2164 2846 ,
2193 2805 2238 2834 ac
2271 2793 2420 2833 instru-

1469 2862 1597 2898 menta
1633 2857 1825 2898 libertatis
1862 2858 1948 2910 ejus
1991 2855 2107 2897 Urbis
2128 2888 2140 2908 ,
2173 2856 2301 2908 deque
2331 2853 2419 2906 ejus

1470 2920 1684 2974 Praefectis
1703 2924 1741 2960 et
1777 2918 2015 2960 Consulibus
2040 2920 2089 2959 ab
2115 2918 2230 2959 Anno
2250 2918 2350 2958 4489
2370 2917 2419 2956 ad

1470 2984 1561 3023 4464
1592 2987 1632 3021 et
1651 2985 1762 3034 qesta
1781 2981 1896 3032 Reqis
1918 2980 2111 3020 Eduardi
2130 2980 2204 3020 III.
2227 2979 2323 3020 Vide
2348 2980 2420 3019 Ba-

1468 3046 1571 3085 leum
1596 3045 1648 3084 XI
1673 3045 1722 3083 58
1742 3047 1782 3082 ct
1804 3045 1979 3082 pitseum
2003 3055 2089 3094 pag.
2114 3043 2203 3082 654.

1518 3105 1709 3146 Robertus
1723 3104 1849 3144 BALE
1858 3104 1915 3143 US
1932 3105 2182 3144 Norvicensis
2194 3132 2203 3150 ,
2219 3102 2308 3141 Ord.
2325 3103 2416 3142 Car-

1465 3169 1585 3208 molit.
1609 3169 1715 3207 Prior
1729 3166 2059 3207 Burnhemiensis
2074 3165 2285 3204 defunctus
2303 3162 2416 3203 Anno

1465 3232 1565 3271 4503
1581 3232 1746 3282 scriptor
1761 3226 1972 3267 Annalium
1991 3226 2150 3266 Ordinis
2167 3225 2253 3275 sui,
2273 3230 2317 3265 ut
2331 3224 2416 3276 ejus

1463 3294 1661 3333 historiam
1687 3290 1796 3330 Eleae
1819 3289 2034 3342 Prophe-tao
2053 3318 2060 3340 ,
2085 3294 2126 3330 et
2148 3289 2329 3329 Officium
2352 3288 2414 3328 Si-
