2500 4009
696 296 798 328 Quem
816 288 905 318 dedit
925 287 1093 316 nativita«.

660 344 692 371 U
711 338 844 379 superni
868 334 1016 366 membra
1033 334 1129 372 Regis

703 389 773 418 miii
789 387 904 417 tendas
918 386 1042 422 stipite,

665 438 736 468 Sola
751 436 852 475 digna
869 438 905 464 tu
923 433 1013 464 suisti

699 489 795 517 Ferre
812 485 959 524 pretium
980 481 1105 513 saeculi
1122 505 1130 519 ,

654 540 759 574 Atque
778 538 911 574 portum
930 540 1032 572 praep
1055 539 1129 563 rare

681 588 786 616 Nauna
805 582 931 614 mundo
951 582 1114 621 naufrago
1131 607 1140 618 ,

661 638 765 674 Quem
783 641 877 665 sacer
895 640 995 664 cruor
1015 633 1169 671 perunxit

688 687 795 716 Fusus
809 684 888 723 agni
909 689 1062 722 corpore.

651 737 696 766 Sit
714 736 804 765 Patri
822 758 830 770 ‚
851 735 1002 772 ‘satoque
1019 738 1150 763 summo

695 786 828 815 Gratiae
847 791 924 814 curn
944 783 1072 821 Spiritu
1089 804 1098 817 ‚

652 837 879 875 sempiternae
905 833 1061 863 Trinitati

695 888 780 916 Laus
798 907 807 921 ‚
826 882 916 914 salus
933 886 963 912 et
983 881 1089 920 gloria
1108 894 1114 910 2

648 940 738 973 Quae
755 935 880 965 creavit
897 956 906 969 ‚
923 940 1008 971 quae
1023 930 1160 961 redemit
1182 955 1189 965 ,

687 988 850 1023 Quaeque
867 991 926 1013 nos
950 981 1134 1013 illuminat.

476 1106 494 1122 ’
523 1096 734 1138 l'enctnti’us
765 1095 1023 1132 Fortunatus.
1051 1090 1300 1130 Parcendum
1326 1094 1389 1128 est

420 1162 594 1202 Fabricio
633 1155 847 1195 eterodoxo
881 1154 1096 1204 scriptori,
1123 1154 1153 1190 si
1177 1164 1222 1191 ea
1239 1183 1249 1199 ‚
1287 1163 1388 1201 quae

420 1238 468 1263 ex
495 1222 694 1263 Breviario
735 1220 910 1257 Romano
936 1216 1143 1253 notissima
1167 1218 1263 1252 sunt
1287 1218 1388 1251 orto-

423 1287 536 1325 doxis
553 1316 563 1332 ,
591 1293 694 1321 nova
720 1280 792 1318 sibi
818 1277 1026 1325 accidant,
1047 1281 1088 1315 et
1113 1277 1247 1327 ignota
1270 1286 1315 1314 ac
1335 1274 1392 1313 di-

422 1348 612 1396 gnissima
634 1341 901 1394 judicaverit,
920 1350 1022 1389 quae
1044 1349 1115 1377 sua
1139 1348 1258 1389 opera
1282 1337 1389 1388 typis

426 1395 680 1448 recudantur.
708 1406 892 1454 Hymnus
924 1402 986 1440 ille
1007 1415 1012 1438 :
1042 1401 1162 1440 Cruoe
1182 1398 1310 1451 fidelis
1332 1398 1389 1436 in-

423 1478 482 1511 ter
506 1479 636 1508 omnes
653 1500 662 1516 ,
688 1468 750 1505 cui
781 1477 858 1503 non
894 1464 1086 1502 ortodoxo
1112 1467 1231 1501 notus
1255 1466 1317 1500 est
1341 1474 1390 1500 ex

423 1533 622 1574 Breviario
642 1531 817 1568 Romano
834 1525 853 1564 ‘?
873 1526 975 1572 Quin
1004 1530 1111 1563 etex
1136 1525 1279 1563 libellis
1303 1524 1389 1563 aliis

425 1604 629 1634 sacrarum
654 1591 952 1642 praecationum
976 1617 983 1635 ‚
1008 1599 1109 1637 quos
1131 1587 1192 1637 pia
1215 1586 1389 1624 fidelium

423 1658 557 1707 religio
582 1655 723 1692 diurna
750 1656 1025 1700 nocturnaque
1048 1660 1170 1687 manu
1194 1646 1366 1686 versat?

476 1714 809 1757 FORTCNATL'S
847 1711 1114 1751 Manichacus
1138 1740 1146 1759 ,
1176 1711 1392 1759 Presbyter

422 1780 714 1832 Hipponensis,
737 1787 827 1814 cum
854 1786 933 1825 quo
959 1773 1059 1812 Acta
1085 1773 1171 1811 sive
1201 1773 1389 1821 Disputa-

421 1849 473 1883 tio
490 1846 526 1883 S.
552 1840 768 1891 Augustini
796 1837 927 1876 adbuc
945 1835 1173 1885 Presbyteri
1196 1845 1266 1884 per
1288 1833 1388 1871 duos

421 1907 506 1945 dies
531 1904 661 1942 habita
702 1902 877 1951 Hippone
902 1908 1005 1936 circa
1031 1895 1195 1935 Annum
1233 1896 1385 1934 Cllristi

421 1969 496 2006 392
518 1977 635 2016 saepe
652 1963 797 2015 prodiit
817 1963 919 1999 inter
941 1959 1062 2009 hujus
1086 1969 1210 2009 opera
1229 1962 1270 1995 et
1287 1962 1382 1996 tom.

422 2032 495 2075 Vl.
521 2028 707 2067 editionis
731 2023 978 2063 Benedictin.
1006 2033 1092 2072 pag.
1122 2020 1186 2059 67.

477 2087 761 2130 FORTL'NIL'S
783 2085 1033 2124 Tubursicus
1054 2085 1090 2120 in
1109 2083 1243 2121 Africa
1258 2083 1386 2119 Dona-

424 2153 557 2190 tianae
595 2151 723 2200 partis
754 2149 1002 2197 Episcopus,
1033 2145 1095 2182 cui
1121 2155 1213 2182 cum
1239 2142 1380 2181 eodem

430 2215 468 2252 S.
495 2212 720 2261 Augustino
761 2209 989 2245 intercessit
1027 2206 1244 2255 disputatio
1281 2208 1384 2241 eirea

428 2275 590 2312 Annum
633 2272 708 2309 397
749 2270 797 2307 de.
839 2268 956 2319 cujus
995 2267 1105 2306 Actis
1148 2266 1239 2303 vide
1265 2264 1385 2314 hujus

430 2335 646 2385 Epistolarn
684 2332 758 2371 473
789 2330 835 2369 ad
880 2330 1087 2369 Eleusium
1132 2328 1309 2366 Glorium
1346 2331 1381 2364 et

428 2397 576 2435 Felices
597 2426 607 2443 ,
635 2394 829 2432 'editionis
852 2403 978 2429 novae
1003 2391 1149 2439 XLIV.)

481 2456 666 2508 AEqzdz'us
691 2454 1094 2503 FOSClffiRARlL‘s,
1130 2450 1385 2490 Bononiensis

430 2530 550 2570 supra
577 2521 613 2556 in
636 2517 826 2556 AEGIDIO
852 2520 944 2553 tom.
970 2517 1004 2554 4.
1028 2526 1113 2565 pag.
1141 2515 1203 2553 48.

486 2580 658 2620 FOSSAE
682 2579 834 2618 NOVAE
855 2575 1076 2617 Chronicon
1100 2576 1148 2614 ab
1163 2575 1237 2613 An.
1257 2576 1383 2626 primo

430 2648 587 2681 nostrae
613 2642 763 2681 Salutis
788 2651 916 2689 usque
933 2638 980 2677 ad
1006 2638 1167 2677 Annum
1190 2638 1293 2677 4247
1317 2649 1386 2676 au—

427 2710 534 2743 ctore
559 2714 780 2753 anonymo⁷
807 2702 959 2741 editum
985 2713 1031 2739 cx
1053 2701 1163 2739 MSto
1196 2699 1383 2738 Coenobii

426 2767 571 2804 Fossae
613 2776 738 2803 novae
781 2775 802 2802 a
839 2762 1087 2801 Ferdinando
1114 2762 1278 2813 Ughello
1309 2760 1383 2799 sub

432 2829 527 2866 falso
553 2829 713 2865 nomine
743 2827 906 2864 Joannis
927 2824 975 2862 de
998 2824 1233 2863 CECCANO
1256 2853 1263 2866 .
1288 2828 1382 2861 tom.

433 2891 461 2927 i.
490 2890 623 2928 ltaliae
656 2890 800 2927 Sacrae
838 2888 912 2926 An.
947 2887 1048 2926 4644
1091 2888 1127 2923 in
1164 2885 1380 2936 appendice

427 2964 513 3002 pag.
537 2953 609 2990 450
636 2956 676 2988 et
701 2950 886 2988 editionis
908 2960 1034 2987 novae
1057 2946 1131 2986 An.
1160 2946 1262 2985 4722
1284 2951 1378 2984 tom.

427 3013 590 3056 decimo.
618 3012 681 3051 ubi
709 3013 811 3049 inter
835 3010 1026 3049 anecdota
1053 3009 1286 3059 Ughelliana
1310 3008 1382 3046 du-

425 3076 477 3111 cit
504 3075 705 3112 familiam.
725 3074 951 3112 Novissime
973 3070 1226 3110 emendatius
1244 3070 1381 3120 vulga-

430 3138 486 3172 vit
504 3135 787 3174 celeberrimus
803 3135 1041 3173 Muratorius
1062 3137 1157 3171 tom.
1177 3133 1259 3182 vll,
1286 3133 1381 3170 scri-

429 3203 584 3246 ptorum
613 3209 743 3235 rerum
771 3197 996 3235 Italicarum
1023 3206 1108 3245 pag.
1131 3195 1221 3233 854.

483 3256 714 3295 Ger-hardus
739 3257 783 3295 cle
811 3257 1073 3295 FRACllETO
1092 3287 1101 3304 ‚
1124 3256 1381 3294 Lemovicen-

429 3319 482 3354 sis
506 3317 663 3354 Ordinis
689 3318 1007 3357 Praedicatorum
1031 3347 1037 3363 .
1064 3318 1279 3356 defunctus
1302 3317 1376 3355 An.

1128 213 1688 260 ,Ι-ὈΙὶἸῚῙΝΑΤῦὸ

1465 283 1561 322 4274
1598 284 1770 334 scriptor
1796 284 1987 324 Chronici
2007 285 2042 336 a)
2067 287 2116 326 ab
2147 288 2256 326 initio
2287 288 2419 327 Mundi

1464 355 1593 393 usque
1617 343 1666 382 ad
1690 347 1986 386 coronationem
2010 348 2143 387 Caroli
2171 349 2350 388 Francici
2365 351 2421 387 'in

1464 407 1610 455 Regem
1642 406 1797 444 Siciliae
1825 405 1900 445 An.
1933 409 2046 448 4265.
2091 412 2169 450 MS.
2217 412 2252 448 in
2297 411 2421 450 variis

1464 466 1718 505 Bibliothecis
1743 466 1892 506 Galliae
1931 473 1972 507 et
2009 471 2157 511 italiae.
2178 471 2275 511 vide
2299 461 2444 512 Oudi!

1466 539 1560 566 num
1584 532 1680 565 tom.
1707 528 1742 566 3.
1768 539 1855 578 pag.
1883 529 1959 567 493
1993 535 2034 569 et
2061 533 2252 574 Jacobum
2286 534 2424 580 Quetif

1466 595 1558 627 tom.
1583 591 1618 627 4.
1645 599 1731 640 pag.
1757 590 1834 628 260
1856 591 1921 629 ubi
1939 592 2059 630 etiam
2080 593 2129 632 de
2143 595 2323 635 Fracheti
2347 595 2421 634 hu-

1459 651 1528 701 jus
1558 650 1651 690 Vitis
1675 652 1874 690 Fratrum
1900 651 2063 693 Ordinis
2089 656 2420 696 praedicatorum
2470 676 2473 682 ·

1464 713 1624 763 scriptis
1644 712 1764 763 jussu
1789 715 1994 753 Humberti
2013 745 2023 763 ‚
2046 716 2220 767 Magistri
2244 719 2417 766 Ordinis,

1465 773 1665 824 editisque
1681 776 1804 814 Duaci
1833 776 1933 816 4649
1951 805 1960 824 ,
1983 777 2017 816 4.
2040 781 2080 816 et
2100 778 2304 820 Valentiae
2325 780 2420 820 Ara<

1464 847 1612 886 gonum
1640 837 1769 887 4657,
1796 839 1831 876 4.

1519 897 1709 938 Nz'colaus
1746 898 1793 938 de
1829 901 2127 947 FRACTURA‚
2159 903 2418 944 Decretorum

1461 961 1604 998 Doctor
1640 965 1680 999 et
1709 972 1758 1000 ex
1788 963 1980 1002 Monacho
2019 965 2251 1004 cassinensi
2288 964 2420 1005 Abbas

1462 1022 1500 1058 S.
1529 1023 1725 1062 Vincentii
1760 1024 1809 1063 de
1834 1026 2032 1064 Vulturno
2054 1027 2090 1064 in
2115 1027 2226 1065 ltalia
2250 1027 2420 1066 absolvit

1463 1083 1536 1121 An.
1571 1085 1687 1124 4299.
1724 1085 2063 1126 Commentarzum
2088 1086 2129 1126 in
2161 1087 2353 1139 Reyulam
2378 1090 2419 1128 S.

1464 1145 1665 1185 Benedicti
1686 1147 1734 1186 ad
1756 1147 1933 1188 Abbates
1950 1151 2191 1200 Fratresque
2207 1151 2419 1190 Monachos

1467 1208 1559 1246 illus
1582 1208 1769 1258 Ordinis,
1794 1223 1915 1261 quem
1939 1211 2093 1250 MStum
2121 1213 2157 1249 in
2177 1212 2418 1251 Bibliotheca

1466 1270 1806 1322 Sangermanensi
1829 1274 1952 1312 Paris.
1969 1273 2211 1312 evolverunt
2230 1274 2417 1324 Gangius,

1463 1336 1503 1369 et
1529 1333 1712 1373 Oudinus
1740 1339 1836 1374 tom.
1857 1337 1892 1375 3.
1918 1346 2005 1387 pag.
2031 1335 2106 1374 649
2141 1337 2209 1386 qui
2246 1337 2285 1374 in
2310 1336 2419 1375 calco

1463 1394 1622 1434 Codicis
1651 1396 1725 1435 hos
1749 1409 1895 1437 versus
1919 1399 2085 1448 reperit:

1456 1466 1515 1496 uic
1541 1465 1624 1497 liber
1648 1470 1698 1498 est
1721 1469 1880 1507 scriptus,
1901 1475 2071 1508 exponens
2094 1469 2139 1500 sit
2160 1467 2383 1500 benedictus:

1456 1515 1495 1544 Ut
1519 1523 1593 1546 rosa
1619 1514 1680 1547 ssos
1703 1515 1838 1556 florum,
1862 1519 1911 1548 sic
1933 1521 1984 1549 est
2008 1517 2092 1549 liber
2117 1519 2181 1550 iste
2202 1518 2380 1550 librorum.

1517 1571 1720 1624 Rudolpus
1753 1573 1799 1612 de
1824 1573 2251 1624 FRAMEYNSBERG,
2275 1575 2390 1613 miles
2407 1605 2416 1621 ,

1463 1635 1548 1673 sive
1571 1635 1711 1674 nobilis
1735 1636 1928 1684 Bavarus‚
1959 1637 2118 1687 scripsit
2150 1635 2417 1687 investiyatc'o-

1463 1709 1549 1735 nem
1573 1700 1610 1736 et
1633 1696 1807 1736 locorum
1825 1696 2112 1737 distinctionem
2126 1730 2137 1748 ,
2159 1700 2245 1738 sive
2269 1696 2419 1740 descri-

1456 1760 1630 1812 ptionem
1659 1759 1813 1799 itineris
1852 1760 2083 1800 Landshuta
2113 1760 2187 1800 An.
2216 1761 2345 1807 4346,
2380 1761 2416 1809 b)

1464 1823 1641 1873 suseepti
1679 1822 1932 1873 absolut-ique
1967 1823 2005 1860 in
2043 1823 2307 1862 Palaestinam
2329 1852 2339 1870 ,
2369 1822 2418 1862 ad

1464 1889 1643 1922 montem
1671 1885 1778 1924 Sinai
1800 1889 1840 1923 et
1865 1886 1904 1923 in
1929 1884 2169 1936 AEgyptum:
2193 1884 2329 1924 Edidit
2349 1883 2419 1923 sed

1459 1950 1640 1984 extrema
1671 1950 1783 1997 parte
1806 1946 1988 1985 mutilam
2013 1947 2209 1986 Henricus
2234 1947 2418 1986 Canisius

1460 2011 1555 2045 tom.
1583 2008 1605 2045 6
1630 2009 1818 2058 antiquae
1844 2008 2043 2046 Lectionis
2066 2020 2103 2059 p.
2125 2008 2202 2048 320
2225 2008 2421 2058 (editionis

1460 2080 1586 2106 novae
1608 2071 1878 2120 Basnagianae
1896 2073 1992 2108 tom.
2014 2071 2077 2109 IV.
2102 2081 2189 2121 pag.
2215 2069 2414 2117 358-360.)

1508 2129 1699 2169 Johamzis
1723 2130 1885 2181 Georqii
1902 2130 2121 2170 ECCARDI
2144 2132 2177 2180 o)
2199 2132 2416 2171 Commen-

1458 2194 1544 2231 tarii
1567 2193 1616 2230 de
1641 2192 1761 2230 rebus
1790 2192 2026 2232 FRANCIAE
2056 2194 2301 2243 Orientalis,
2327 2195 2414 2232 sive

1460 2255 1733 2303 Germanicae,
1758 2258 1798 2291 et
1822 2254 2088 2305 Episcopatus
2108 2255 2416 2305 Wirceburgen-

1460 2318 1516 2352 sis
1556 2326 1683 2365 usque
1723 2315 1771 2354 ad
1812 2317 1969 2355 Henrici
2003 2316 2181 2368 Aucupis
2204 2321 2383 2368 tempora
2402 2349 2411 2366 ,

1462 2377 1709 2426 wirceburgi
1730 2377 1926 2425 4729,101.
1949 2377 2105 2417 duobus
2134 2378 2214 2417 vol.
2244 2389 2413 2429 quorum

1458 2440 1617 2489 utrique
1662 2438 1876 2489 subjuncta
1916 2441 2027 2479 varia
2060 2441 2224 2491 antiqua
2275 2451 2415 2479 monu-

1459 2505 1592 2538 menta
1615 2532 1624 2548 ,
1652 2505 1762 2539 tomo
1783 2502 1902 2551 priori
1927 2502 2088 2552 quidem
2132 2502 2166 2541 4.
2201 2501 2413 2540 Annotatio

1459 2562 1646 2614 temporis
1665 2566 1824 2602 vetusta
1847 2574 1903 2602 eac
1928 2563 2069 2603 Codice
2090 2565 2200 2604 MSto
2222 2563 2414 2603 Homilia-

1456 2636 1549 2663 rum
1580 2626 1620 2664 S.
1639 2624 1874 2664 Burchardz'
1899 2625 2177 2677 antzquissimo
2198 2625 2413 2678 depromta,

1458 2698 1544 2737 pag.
1572 2687 1649 2725 803
1677 2688 1714 2725 2.
1737 2685 1912 2726 Annales
1936 2685 2076 2726 breves
2100 2699 2156 2727 ex
2180 2687 2321 2728 Codice
2345 2688 2413 2726 Se-

1457 2747 1540 2785 culz'
1560 2748 1664 2797 noni,
1690 2760 1781 2799 pag.
1812 2749 1889 2787 804
1915 2749 1952 2786 3.
1979 2747 2155 2787 Annales
2179 2746 2316 2788 breves
2338 2748 2410 2786 An.

1458 2811 1535 2849 846
1559 2809 1788 2861 conscripti,
1803 2811 1895 2862 pag.
1917 2810 1997 2850 805
2020 2810 2290 2850 &Chronicon
2307 2810 2413 2851 Wir-

1507 2978 1541 3017 a)
1561 2980 1628 3009 Hoc
1646 2981 1695 3009 est
1710 2975 1800 3017 quod
1821 2976 2023 3009 Chronicon
2041 2976 2284 3008 Lemonia-ense
2299 2985 2317 3008 a
2331 2978 2418 3009 Can-

1446 3029 1501 3066 gio
1527 3027 1729 3067 appellatur.

1506 3076 1542 3116 b)
1564 3078 1634 3108 Non
1660 3076 1751 3109 1556.
1771 3080 1809 3107 ut
1825 3079 1980 3116 typorum
2003 3083 2117 3107 errore
2133 3075 2222 3116 apud
2244 3075 2412 3108 oudinum

1446 3129 1526 3157 tom.
1554 3127 1573 3157 5
1597 3134 1675 3166 pag.
1697 3125 1771 3158 914.

1511 3176 1543 3216 c)
1566 3179 1646 3207 Acta
1663 3175 1881 3207 Eruditorum
1898 3177 1958 3206 An.
1984 3173 2076 3206 1752.
2102 3182 2177 3214 pag.
2197 3173 2266 3205 145.
2291 3177 2323 3205 et
2341 3173 2414 3206 249.

1450 3230 1652 3258 immortuus
1674 3224 1841 3256 Eccardus
1865 3225 1916 3256 vir
1951 3225 2068 3256 doctus
2091 3223 2170 3254 huic
2203 3223 2320 3262 operi,
2349 3224 2418 3253 Wi-

1446 3277 1600 3314 rceburgi
1623 3281 1680 3305 An.
1708 3274 1800 3305 1750.
1825 3281 1938 3306 mense
1961 3272 2153 3303 Februario.
2175 3270 2257 3304 Bibl.
2283 3274 2416 3303 Germa-

1446 3328 1548 3365 nique
1573 3329 1655 3356 tom.
1678 3325 1744 3354 xxi
1772 3331 1804 3361 p.
1827 3323 1899 3353 ⁶224.
