2500 4009
390 185 468 225 2'4'4

391 256 491 294 dieis
508 253 712 292 collatione
723 246 901 293 resultat,
913 243 1246 292 ambiguum-esse
1264 250 1346 278 ma-

394 320 510 357 xime.
524 328 615 354 euni
636 310 849 351 Brixiensis
864 305 986 345 codex
1007 315 1165 356 purum,
1180 313 1344 354 purum-

393 392 472 431 que
502 388 601 428 opus
626 372 833 412 bonizonis
862 371 1162 420 repraesentet,
1199 375 1342 416 quam-

392 452 509 491 quam
543 439 699 476 constat
724 434 856 483 aliqua
884 433 972 470 eius
1008 430 1224 469 continere.
1257 428 1342 466 Duo

391 503 539 553 priores
553 497 770 537 Brixiensis
789 494 874 533 cod.
900 494 986 532 libri
1007 491 1129 531 additi
1143 489 1345 539 videntur,

391 574 480 601 eum
506 559 786 599 verosimiliter
800 556 906 596 credi
926 556 1051 607 possit
1067 553 1266 593 Bonitium
1287 552 1345 590 in—

390 625 542 674 cepisse
567 633 589 660 a
613 621 806 660 Chronico
830 617 1092 664 Pontificum,
1117 620 1162 654 ut
1190 626 1232 653 re
1262 615 1346 665 ipsa

390 686 526 735 incipit
547 685 584 722 in
610 682 704 723 Cod.
727 680 1020 721 vindobonensi
1048 678 1246 717 indicante
1275 676 1348 715 hoc

391 748 652 786 l‘raefatione.
673 756 774 797 quae
799 743 1009 793 utrobique
1032 741 1210 780 recurrit.
1235 740 1350 778 Forte

393 811 511 859 igitur
538 808 682 848 author
717 806 864 847 codicis
893 805 1108 844 Brixiensis
1141 801 1301 841 decreto
1328 811 1351 839 a

393 873 590 911 Bonizone
605 871 769 909 collecto
789 868 983 920 quaedam
1001 878 1023 905 a
1040 877 1083 905 se
1101 866 1193 904 11100
1208 868 1247 903 01
1261 863 1351 901 1000

391 938 619 985 comparata
641 933 797 982 adiecit,
821 931 1069 981 confecitque.
1088 939 1189 980 opus
1215 926 1354 965 decem

395 998 601 1036 librorum.
625 1008 717 1034 cum
738 993 897 1033 aliunde
921 994 1122 1031 sincerum
1147 989 1356 1029 Bonizonis

397 1061 552 1098 nonnisi
574 1062 597 1096 8
620 1058 685 1096 vei
710 1058 809 1095 forte
829 1058 851 1094 9
872 1058 1086 1094 constaret.
1106 1053 1256 1092 Novem
1276 1050 1357 1088 dixi

396 1124 428 1159 si
455 1122 552 1160 forte
576 1121 720 1159 Bonizo
743 1123 903 1157 tantum
926 1117 993 1154 otii
1019 1114 1192 1154 nancisci
1210 1113 1357 1164 potuit,

395 1190 440 1223 ut
463 1183 671 1221 eonsilium
693 1192 812 1220 suum
833 1180 1028 1230 impleret.
1043 1177 1086 1216 ld
1109 1181 1245 1215 tamen
1261 1174 1356 1213 mihi

397 1246 681 1297 perobscurum
702 1248 764 1281 est
787 1248 826 1281 et
849 1241 1080 1291 ambiguum
1100 1239 1196 1289 quin
1219 1241 1260 1276 et
1279 1248 1358 1275 non

397 1309 576 1347 additum
601 1308 650 1345 ab
673 1318 718 1345 eo
743 1315 892 1344 nonum
917 1303 1062 1342 librum
1087 1300 1248 1340 credere
1278 1311 1362 1338 ma-

401 1372 566 1417 luerim,
587 1381 678 1408 cum
705 1368 768 1407 ille
796 1366 871 1405 sub
902 1364 1057 1404 Urbano
1095 1364 1128 1402 11
1166 1362 1363 1400 001100110-

400 1445 492 1471 nem
504 1432 850 1480 Vindoboncnsem
867 1426 1021 1466 dederit
1039 1425 1102 1464 vel
1119 1425 1261 1463 saltem
1277 1423 1361 1462 cod.

400 1496 449 1534 ab
472 1507 517 1535 eo
537 1496 731 1545 scriptum
755 1491 830 1531 sub
854 1490 1011 1529 Urbano
1031 1489 1064 1527 II
1086 1486 1364 1526 vindobonen-

396 1561 454 1596 sis
477 1558 605 1597 scriba
645 1557 974 1606 repraesentaret.
999 1550 1197 1590 Prioribus
1225 1552 1360 1587 autem

401 1622 544 1660 [erani
568 1621 601 1659 11
622 1619 738 1658 annis
757 1617 902 1655 Bonizo
925 1615 1049 1653 cessit
1071 1624 1093 1651 0
1117 1612 1211 1650 ν110.

453 1683 625 1722 Libellus
660 1680 706 1719 cle
726 1675 1000 1719 Sacramenlis
1023 1673 1078 1714 ad
1109 1671 1361 1712 Gualterium

399 1744 606 1785 leonensis
637 1738 823 1783 Coenobit'
842 1742 850 1789 ζ
868 1741 907 1777 10
930 1739 1116 1777 Brixiano
1147 1745 1239 1785 agro
1264 1734 1328 1772 siti
1349 1733 1358 1781 )

397 1807 631 1848 Monachum
659 1809 697 1843 et
714 1803 908 1849 Priorem,
931 1812 957 1838 a
975 1797 1173 1838 Bonizone
1197 1796 1358 1835 Sutrino

396 1873 590 1922 Episcopo
610 1868 762 1907 editum
786 1877 837 1903 ex
855 1863 1038 1902 Ambros.
1062 1859 1245 1900 Biblioth.
1267 1858 1355 1909 plu-

394 1937 449 1973 tei
474 1935 512 1971 in
536 1933 667 1971 lucem
691 1928 865 1969 extraxit
900 1924 1138 1965 Muratorius
1162 1923 1201 1960 in
1230 1921 1352 1970 antiq.

398 1996 496 2036 Med.
523 1994 621 2033 Aevi
645 1993 710 2031 111.
733 1990 826 2029 599.

450 2055 738 2096 BONOMlNUS
761 2052 951 2091 Clusinus
978 2047 1257 2098 Bergomensis
1278 2047 1358 2084 Me-

397 2121 510 2159 dicus
536 2117 704 2155 celebris
725 2115 829 2151 circa
856 2112 1018 2150 Annum
1047 2111 1148 2149 4350
1173 2107 1289 2157 cujus
1313 2108 1358 2145 li-

400 2182 515 2219 brum
539 2179 588 2216 de
611 2177 779 2214 venenis
802 2179 843 2211 et
871 2173 1152 2223 quaestionum
1181 2171 1358 2208 diversa-

401 2253 489 2280 rum
515 2239 648 2278 laudat
670 2237 914 2275 'l‘ritliemius
937 2246 1020 2285 cap.
1044 2234 1133 2271 635.

452 2300 619 2342 Mieliavl
646 2300 692 2338 (le
722 2297 966 2343 RONONlA,
991 2294 1220 2345 .-lnyrianus
1243 2294 1356 2341 aliis,

401 2367 462 2404 vel
488 2363 734 2416 Λῃῃνίαηηε,
760 2362 908 2398 rectius
931 2358 1170 2409 .·ly(sv(mus,
1196 2356 1356 2395 Ordinis

400 2428 600 2466 (Iarrnelit.
624 2424 846 2463 Generalis.
873 2422 1086 2460 defunctus
1111 2420 1183 2458 An.
1208 2420 1303 2458 1101
1330 2419 1356 2467 †

401 2490 461 2539 viij
469 2502 516 2529 us
524 2487 778 2537 Quaestiones
794 2485 1018 2536 disputatae
1033 2483 1096 2522 inl
1102 2481 1149 2522 Vl
1152 2481 1258 2520 {bros
1267 2482 1362 2536 Sen-

399 2553 635 2599 tentiarum,
666 2549 870 2589 Mediolani
902 2548 997 2585 1:5¹0
1029 2546 1091 2584 sol.
1116 2550 1157 2583 et
1185 2556 1235 2582 ex
1264 2546 1359 2582 Leo-

401 2617 461 2654 nis
477 2615 587 2653 Prioli
604 2613 851 2659 recensione,
868 2610 1044 2648 venetiis
1061 2607 1239 2647 1623101.
1261 2605 1358 2645 Vide

399 2678 601 2716 Oudinum
622 2680 727 2713 tomo
749 2674 824 2720 111,
845 2683 932 2722 pag.
954 2671 1066 2710 1036.
1084 2668 1279 2719 Ejusdem
1296 2672 1359 2706 est

400 2752 477 2778 non
501 2736 791 2777 cotemnendus
831 2731 1149 2773 Commentarius
1174 2730 1214 2770 in
1247 2729 1360 2768 Psal-

399 2813 482 2840 mos
511 2801 559 2839 ab
594 2800 681 2838 aliis
710 2800 826 2836 Petro
860 2794 1075 2835 Berchorz'o
1104 2794 1124 2816 ’ἤ
1152 2804 1359 2844 perperam

403 2864 575 2902 tributus
591 2894 601 2911 ,
626 2866 667 2899 et
689 2860 764 2899 sub
793 2857 987 2909 Ineossnz'ti
1017 2858 1175 2895 nominc
1203 2855 1362 2906 saepius

436 2959 459 2999 †
482 2958 696 2999 Epitaphium
711 2958 882 2988 Bononiae
897 2957 929 2986 in
943 2954 1092 2986 Ecclesia
1109 2951 1374 2985 carmelitarum:

416 3009 567 3040 michar!
584 3009 717 3039 noceor
735 3007 790 3036 hie
809 3010 873 3042 est,
889 3007 1059 3045 ,111-(100710
1074 3004 1258 3036 Bononia-5
1272 3002 1373 3033 illum

418 3059 533 3097 Seii-ps
553 3059 632 3095 dut,
650 3057 805 3089 Carmeli
822 3064 922 3095 quem
939 3056 1020 3086 tulit
1041 3055 1155 3092 ordo,
1173 3057 1280 3094 eaput

416 3107 458 3137 In
469 3108 583 3137 David
593 3106 670 3144 ejus
685 3111 766 3137 ovat
783 3106 955 3142 calamus,
968 3109 1092 3143 stupor
1103 3108 1222 3143 estque
1231 3102 1372 3134 Latinis

418 3156 461 3185 Et
491 3156 606 3186 Gallis
629 3157 743 3187 virtus
766 3155 1016 3194 inuentumque
1036 3154 1145 3184 sedis.

419 3204 481 3234 Ins
497 3207 739 3244 septinyentos
758 3207 877 3236 Annos
895 3209 991 3244 putet
1012 3213 1087 3234 ecee
1102 3202 1329 3236 Nouembrem
1346 3227 1356 3243 ‚

418 3253 526 3290 Aeque
546 3253 596 3283 bis
616 3260 760 3285 octonos
778 3255 998 3294 explicuisse
1015 3255 1119 3287 diem.

440 3301 454 3315 ’
477 3303 520 3332 De
543 3301 603 3334 hoc
628 3303 710 3334 infra
726 3328 734 3341 ,
752 3305 917 3336 PE'ritcs.

1169 166 1606 209 BONOMINUS

1419 238 1564 288 editus,
1579 238 1777 289 Compluti
1801 238 1915 279 4524.
1933 236 2112 288 Lugduni
2139 237 2254 287 1581,
2278 239 2380 278 1588

1416 301 1586 341 011602
1608 300 1679 340 sed
1707 301 1782 340 sub
1818 312 1913 340 vero
1948 300 2148 339 Michaelis
2183 300 2379 352 Aygviani

1416 364 1591 412 nomine,
1606 364 1783 403 Venetiis
1800 364 1918 412 1603,
1937 364 2040 403 1608
2057 362 2237 414 Lugduni
2254 365 2357 404 1632
2371 393 2379 413 ,

1418 424 1518 464 1673
1546 427 1582 463 10
1609 426 1709 465 folio.
1736 426 1881 465 Confer
1899 426 2093 465 Johannis
2116 437 2138 464 a
2163 425 2202 464 S.
2227 424 2379 477 Angelo

1415 486 1736 526 dissertationem
1767 488 2049 539 apologeticam
2077 499 2147 538 pro
2176 488 2379 539 Incognito

1417 561 1487 600 per
1516 561 1559 589 50
1586 551 1768 601 cognito,
1792 555 1930 589 contra
1954 550 2154 590 Michaelis
2187 551 2382 590 Ximenez

1420 614 1614 652 Barranco
1623 613 1943 651 dissertationem
1955 613 2278 663 comparativam,
2291 614 2385 652 Ber-

1420 675 1554 714 chorio
1577 676 1683 714 illam
1706 675 1993 725 expositionem
2023 674 2247 715 tribuentis.
2274 676 2386 715 Utra-

1424 748 1502 787 que
1522 737 1651 776 lucem
1675 735 1775 774 vidit
1794 735 1946 775 Madriti
1963 735 2064 776 4720
2081 737 2117 775 8.
2142 737 2250 783 Quae
2274 749 2386 788 prao-

1424 803 1530 837 terea
1554 810 1578 837 a
1610 798 1827 837 Trithemio
1846 808 1930 848 cap.
1969 797 2045 837 674
2065 803 2106 837 et
2130 799 2167 837 in
2203 799 2385 850 paradiso

1425 861 1663 901 Carmelitici
1678 860 1832 899 decoris
1844 859 1894 899 ab
1909 859 2066 911 Alegrio
2081 871 2118 910 p.
2131 861 2206 900 316
2217 861 2265 900 ad
2280 861 2387 901 hunc

1426 924 1655 964 Michaelem
1679 923 1918 970 referuntur,
1935 925 2045 961 sunt:
2061 922 2118 960 De
2135 922 2389 974 Conceptione

1429 988 1469 1025 S.
1480 985 1646 1026 Mariae.
1659 984 1916 1034 Quaestiones
1923 983 2227 1025 Sententiarum.
2241 984 2391 1026 Tabula

1431 1047 1736 1088 Sententiarum.
1746 1047 1800 1086 .In
1813 1047 1850 1085 E
1850 1045 2078 1097 vanqelium
2085 1047 2233 1086 Lucae..
2240 1046 2392 1088 Tabula

1429 1109 1642 1150 Moralium
1657 1109 1852 1161 Greyoriz'.
1871 1099 2196 1148 TabulaDecreti.
2206 1109 2393 1160 Quadra-

1428 1172 1627 1225 yestmale.
1650 1174 1782 1213 Etiam
1806 1171 1847 1211 in
1868 1171 2088 1212 Michaeam
2110 1176 2153 1211 et
2172 1171 2214 1211 in
2247 1172 2393 1212 lohan-

1432 1248 1520 1274 nem
1564 1239 1758 1274 memorat
1799 1234 2026 1274 Ludovicus
2068 1235 2240 1276 Jacobus
2288 1248 2311 1276 a
2352 1238 2391 1276 S.

1434 1298 1573 1337 Carolo
1610 1299 1649 1336 in
1688 1297 1931 1337 Bibliotheca
1966 1298 2258 1343 Carmelitana„
2274 1301 2393 1340 Porro

1435 1360 1679 1400 Trithemius
1709 1361 1853 1399 etiam:
1886 1359 1925 1398 in
1952 1358 2137 1398 Ethicam
2150 1359 2392 1410 Aristotelzs,

1437 1427 1477 1462 01
1510 1421 1709 1462 Valerium
1751 1421 1994 1472 Maoeimum,
2036 1425 2077 1461 et
2104 1421 2394 1466 Dictionarium

1441 1486 1472 1523 Τ
1469 1484 1709 1536 heoloqz'cum
1723 1515 1734 1533 ,
1753 1484 1822 1523 sed
1843 1484 1949 1534 quod
1973 1484 2101 1524 tribus
2124 1485 2401 1526 voluminibus

1436 1552 1593 1587 tantum
1613 1548 1662 1586 ab
1681 1547 1715 1586 Λ
1734 1558 1863 1598 usque
1883 1546 1932 1586 ad
1952 1547 2125 1586 litteram
2145 1547 2174 1587 C
2194 1547 2393 1599 perduxit.

1434 1610 1584 1649 Omitto
1597 1609 1701 1661 quod
1719 1610 1768 1649 ab
1782 1609 1921 1648 eodem
1942 1609 2100 1660 Alegrio
2115 1621 2202 1661 pag.
2220 1611 2295 1651 413
2313 1622 2395 1650 me-

1434 1677 1612 1711 moratur
1632 1673 1736 1711 alius
1757 1671 1921 1711 Michaei
1941 1670 1990 1710 de
2012 1671 2233 1711 BONONIA
2241 1672 2391 1722 junior,

1434 1735 1501 1783 qui
1517 1738 1558 1772 01
1574 1735 1656 1785 ipse
1672 1734 1971 1785 paraphrastica
1981 1734 2275 1774 Commentaria
2291 1735 2328 1773 in
2344 1736 2393 1775 lV

1433 1795 1553 1834 libros
1583 1796 1766 1834 Sentent.
1794 1797 1977 1847 scripsit,
2006 1796 2182 1847 obiitque
2201 1795 2248 1836 A.
2276 1796 2392 1837 4575.

1480 1857 1914 1898 BONSEMBLANTES
1932 1857 2155 1901 Baduarius
2170 1857 2219 1898 de
2233 1859 2393 1910 Peraga,

1427 1921 1658 1969 Patavinus,
1676 1921 1898 1972 'theologus
1915 1919 2252 1971 Augustinianus,
2271 1921 2391 1971 cujus

1430 1986 1474 2022 ut
1493 1983 1670 2033 aequalis
1691 1984 1751 2021 sui
1774 1984 1957 2022 meminit
1981 1984 2217 2022 Franciscus
2240 1985 2395 2022 Petrar-

1429 2044 1516 2082 cha.
1542 2044 1647 2082 Obiit
1668 2045 1844 2082 Venetiis
1867 2043 1983 2083 Anno
2013 2045 2114 2083 1369
2139 2049 2180 2083 et
2202 2056 2225 2084 a
2245 2046 2392 2087 Corne-

1432 2105 1480 2143 lio
1501 2106 1651 2155 Curtio,
1675 2105 1852 2155 Philippo
1870 2106 2001 2153 Elssio
2015 2106 2183 2156 aliisque
2197 2106 2390 2159 Augusti-

1431 2168 1639 2205 nianorum
1683 2168 1887 2206 llistoricis
1923 2167 2171 2217 celebratur,
2196 2179 2219 2207 a
2247 2170 2394 2220 quibus

1431 2230 1638 2279 scripsisse
1655 2229 1824 2268 traditur
1844 2235 2000 2281 praeter
2011 2230 2224 2270 Sermones
2239 2232 2288 2271 ad
2306 2233 2395 2271 Cle-

1431 2303 1519 2329 10111
1540 2296 1579 2330 et
1596 2293 1784 2331 Lecturus
1809 2294 1847 2330 in
1867 2294 1934 2339 l,Il
1958 2294 2066 2332 01111
2084 2294 2395 2344 Sententiarum,

1431 2353 1692 2399 Quaestiones
1731 2355 1912 2394 diversas
1958 2361 2038 2394 tam
2075 2356 2393 2407 philosophicas,

1432 2427 1551 2465 quam
1575 2417 1848 2466 'i'lieologicas,
1886 2421 1926 2456 01
1962 2419 2096 2457 nescio
2137 2418 2243 2469 quod
2262 2450 2271 2470 ,
2300 2419 2397 2458 utile

1433 2489 1532 2529 opus
1562 2479 1831 2519 studentibus.

1485 2539 1672 2581 filbertus
1688 2553 1710 2581 a
1727 2543 2038 2583 BONSTETEN.
2057 2553 2194 2595 supra,
2213 2542 2398 2583 ALBER—

1435 2605 1532 2642 TUS
1556 2616 1642 2655 pag.
1669 2606 1733 2644 38.

1485 2668 1580 2706 11οΝ
1589 2668 1783 2707 VISINUS
1805 2667 1855 2707 de
1877 2669 1975 2719 Ripa
2010 2669 2161 2708 citatur
2183 2679 2206 2708 a
2225 2667 2398 2708 Gualva-

1433 2740 1507 2767 neo
1531 2730 1724 2776 Flamma,
1749 2729 1797 2769 de
1822 2741 1901 2780 quo
1925 2741 1997 2769 suo
2021 2731 2117 2770 loco.

1488 2791 1507 2813 ³*
1529 2792 1570 2829 10
1596 2791 1836 2831 Bibliotheca
1855 2792 2108 2832 Riccardiana
2128 2796 2312 2843 superest
2327 2804 2396 2832 au-

1436 2855 1556 2892 ctoris
1585 2853 1704 2892 huius
1727 2854 1825 2893 liber
1864 2854 1970 2895 Vitae
2000 2853 2396 2895 Scholasticae.‘vide

1441 2917 1566 2955 eiusd.
1587 2917 1710 2956 Catal.
1734 2929 1770 2967 p.
1792 2918 1854 2955 80.

1493 2980 1666 3019 BONZO.
1693 2990 1831 3029 supra,
1857 2979 2082 3018 BONITUS.

1491 3042 1626 3081 Simon
1648 3040 1909 3081 BORASTON
1921 3070 1929 3090 ,
1943 3042 2029 3080 51νο
2048 3041 2098 3081 de
2118 3041 2398 3082 BURNESTO-

1440 3107 1528 3154 NE,
1553 3105 1724 3155 Anqus,
1754 3103 1913 3142 Ordinis
1947 3103 2263 3144 Praedicatorum
2291 3104 2397 3143 circa

1441 3168 1625 3207 Annuml
1638 3168 1724 3205 338.
1741 3165 1858 3216 cujus
1876 3165 2019 3205 inedita
2036 3169 2321 3206 memorantur:
2339 3166 2396 3204 De

1444 3229 1589 3269 Ordine
1600 3227 1821 3268 Judz'eiario
1836 3227 1946 3266 cirea
1959 3222 2129 3267 erimina
2141 3226 2390 3277 corriyenda.

1438 3293 1494 3332 De
1516 3292 1664 3334 unitate
1685 3294 1722 3334 et
1743 3290 1878 3332 ordine
1897 3289 2199 3336 Ecclesiastc‘cae
2221 3292 2397 3341 potesta-
