2500 3841
821 215 1355 257 BERNARDINUS

96 291 227 328 ctatus
248 287 325 326 duo
348 287 396 325 ad
425 286 713 326 Bernardinum
742 287 791 328 de
819 289 1046 341 Carvajalo‚

95 347 371 396 cardinalem,
402 349 536 399 scripti
565 348 610 387 A.
638 348 739 388 1497
768 350 941 402 editique
969 354 1048 392 Me-

94 410 235 449 diolani
271 410 399 458 1503,
430 410 492 448 fol.
523 414 564 449 et
592 421 684 450 cum
713 412 894 459 Rosari0‚
925 415 1048 465 Haga-

88 473 309 512 ’1101101518
329 476 370 510 et
390 473 492 510 inter
514 471 641 524 Opera
659 487 666 512 :
688 475 840 513 Brixiae
862 476 962 514 1588
983 477 1045 516 fol.

91 535 257 585 oppositi
278 532 437 574 Nicolai
453 534 624 573 Bariani
644 535 692 574 de
713 536 930 586 Placentia,
953 539 1048 576 Ere-

93 597 213 636 mitae
241 595 518 647 Augustiniani
548 598 693 648 scripto
716 597 917 637 Mediolan.
945 600 1046 639 1494

91 657 141 697 de
159 659 291 697 Monte
314 659 550 709 impietatis,
575 659 679 698 edito
703 661 920 700 Cremonae
945 662 1045 701 1496

93 724 134 758 01
160 731 253 759 011111
281 721 478 759 Francisci
502 722 718 772 Papafava,
748 723 925 761 Patavini
959 724 1044 763 JCti

92 783 239 833 scripto
274 782 454 833 ejusdem
493 785 715 834 argumenti
754 783 802 822 ad
833 784 1045 824 editionem

91 842 283 882 Venetam
317 844 479 883 Joannis
509 845 698 896 Gryphii,
723 857 862 885 recuso
893 847 1045 898 Lipsiae

91 906 213 955 1670,
245 906 267 945 4
305 917 397 946 cum
435 907 625 946 Theodori
658 906 838 957 Asciani,
877 910 962 947 sive
998 909 1041 947 D.

91 967 278 1007 Matthiae
307 969 638 1018 Zimmermanni,
670 969 1043 1020 Superintendentis

86 1031 322 1080 Misnensis‚
348 1031 444 1069 libro
474 1031 522 1070 de
556 1031 755 1071 Montibus
783 1033 944 1070 Pietatis
970 1032 1044 1069 Ro-

88 1093 356 1132 manensibus.

141 1154 356 1194 Rosarium
385 1157 617 1195 Sermonum
639 1168 710 1207 per
736 1160 864 1194 totum
891 1166 1041 1194 annum

86 1216 209 1266 Lugd.
236 1217 338 1257 1507
357 1222 397 1257 01
422 1218 526 1258 4527
544 1223 584 1258 et
607 1220 710 1256 inter
725 1219 872 1295 Opera,
887 1218 1040 1256 Brixiae

90 1281 192 1319 1588
216 1280 297 1319 fol.-

127 1341 147 1364 *
155 1340 262 1381 Prior
275 1342 392 1381 editio
400 1341 622 1394 Defensorii
630 1340 1041 1381 sacratissimiMontis

85 1402 248 1442 Pietatis
270 1404 394 1444 multo
418 1405 615 1454 antiquior
637 1408 700 1442 est
721 1415 841 1454 quam
860 1403 1039 1443 Mediola-

83 1465 220 1504 nensis
242 1466 334 1504 anni
367 1467 468 1505 4503
504 1466 567 1505 hic
601 1465 899 1512 indicata-,cum
922 1467 1038 1504 111Βί-

80 1525 275 1565 bliotheca
297 1526 420 1565 Felini
450 1539 539 1566 sese
577 1528 714 1566 offerat
748 1528 1036 1577 antiquissimis

80 1588 187 1638 typis
209 1588 359 1638 absque
387 1590 622 1640 ascriptione
645 1591 737 1628 anni
760 1594 800 1628 et
820 1589 892 1628 loci
918 1590 954 1627 in
983 1590 1017 1628 4.

131 1650 483 1690 BERNARDINUS
510 1651 558 1691 de
595 1651 819 1692 Caravaial
832 1681 839 1701 ,
876 1652 1036 1691 Placen—

79 1711 188 1751 tinus
211 1713 432 1764 HispanuS,
455 1715 676 1765 Episcopus
700 1715 916 1764 Ostiensis,
942 1715 1036 1753 Car-

80 1773 222 1813 dinalis
251 1775 299 1813 ab
322 1773 436 1814 Anno
467 1777 569 1815 1493
591 1776 640 1815 ad
671 1777 784 1817 4522.
810 1776 906 1816 Vide
927 1777 1036 1817 Ciac-

79 1837 237 1875 conium
258 1835 307 1874 de
327 1836 595 1876 Cardinalium
610 1839 709 1877 Vitis
728 1850 814 1889 pag.
833 1839 934 1878 4326
951 1850 1034 1889 seq.

82 1897 284 1936 Nicolaum
299 1896 517 1938 Antonium
550 1899 813 1939 Bibliothecae
841 1901 1034 1951 Hispanae

79 1964 185 1999 tomo
210 1961 349 2012 I,pag.
378 1961 452 2000 168
476 1965 516 1999 01
534 1962 747 2000 Henricum
766 1963 1032 2001 Warthonum

77 2022 127 2061 ad
151 2023 342 2062 Caveum.
368 2022 468 2073 Ejus
491 2022 717 2062 Orationem
739 2024 788 2062 ad
804 2024 1032 2064 Cardinales

68 2083 126 2134 ‘de
145 2083 317 2136 elzyendo
340 2086 500 2124 Summo
521 2085 704 2137 Pontifice
726 2085 842 2125 Anno
869 2087 969 2126 1492
993 2090 1033 2124 01

75 2146 192 2185 aliam
220 2145 373 2185 nomine
406 2145 654 2185 Ferdinandi
677 2150 717 2185 et
748 2145 999 2186 Elisabethae
1018 2179 1030 2197 ,

76 2209 193 2259 Regis
208 2213 249 2247 et
262 2209 433 2260 Reginae
444 2209 671 2261 Hispaniae,
687 2208 742 2248 ad
753 2208 1032 2248 Aleoeanclrum

81 2269 135 2308 VI
149 2271 303 2320 magnis
323 2270 505 2310 laudibus
518 2272 630 2310 effert
648 2272 792 2311 Lucius
810 2272 1032 2311 Marinaeus

76 2331 234 2370 Siculus
257 2332 355 2370 libro
390 2333 477 2372 VIII
499 2332 548 2371 de
582 2333 790 2384 Hispaniae
823 2333 1029 2382 laudibus,

74 2392 258 2432 Nicolaus
272 2392 470 2433 Antonius
485 2396 605 2434 etiam
621 2395 849 2434 Orationem
873 2394 922 2433 ad
938 2395 1031 2434 Car-

74 2454 226 2494 dinales
248 2455 295 2494 de
321 2456 452 2501 Baza,
484 2456 743 2495 Granatensis
776 2457 898 2507 Regni
928 2457 1030 2496 Urbe

73 2515 231 2554 Mauris
253 2514 325 2554 An.
352 2517 452 2556 1490
478 2520 624 2568 erepta.
643 2518 859 2568 Epistolam
884 2518 1031 2556 Conso-

75 2577 254 2616 latoriam
271 2577 308 2614 in
325 2577 435 2616 obitu
450 2579 640 2629 Principis
655 2579 846 2618 Johannis
862 2577 907 2617 A.
926 2578 1030 2618 1497

74 2637 124 2677 ad
146 2639 334 2677 Parentes
357 2638 652 2678 Ferdinandum
675 2641 822 2691 Regem
842 2644 882 2678 et
905 2640 1030 2678 Elisa-

75 2699 234 2738 betham
256 2700 457 2750 Reginam.

131 2760 294 2800 ³“Oratio
311 2761 360 2800 ab
375 2761 448 2800 hoc
464 2762 548 2799 viro
563 2765 647 2800 tum
658 2763 927 2813 Cartaginensi
938 2765 1029 2815 Epi-

76 2833 193 2874 scopo
216 2833 347 2861 coram
385 2821 609 2861 Alexandro
627 2823 676 2862 Vl
701 2835 804 2862 novo
837 2825 1023 2865 Pontifice

75 2886 232 2924 nomine
256 2883 491 2923 Ferdinandi
514 2888 554 2923 et
576 2885 828 2924 Elisabethae
857 2887 1026 2937 Reginae

76 2946 377 2997 Hispaniarum,
402 2946 531 2984 habita
565 2946 693 2984 lucem
718 2945 900 2996 adspexit
922 2949 1028 2998 typis

77 3008 275 3058 Romanis,
286 3013 330 3048 ut
345 3009 480 3060 opinor
502 3009 540 3046 in
558 3009 579 3046 4
596 3008 745 3059 absque
762 3008 844 3046 loco
859 3013 899 3046 et
913 3020 1027 3048 anno.

71 3140 277 3178 1101010τὶ00,
301 3142 447 3173 instituti
471 3150 489 3173 a
511 3142 614 3174 Paulo
640 3143 680 3174 ll.
707 3141 783 3173 inde
819 3149 836 3172 a
875 3143 963 3173 Sixto
993 3144 1033 3172 lv

74 3192 176 3228 atque
199 3197 218 3220 a
254 3192 394 3223 caeteris
431 3191 549 3224 deinde
582 3193 766 3224 confirmati
802 3191 1030 3223 Pontificlbus.

73 3236 162 3270 Adde
186 3238 372 3272 Concilium
394 3243 612 3274 Lateranense
633 3244 669 3274 Α.
695 3239 774 3271 1515
795 3242 940 3272 sessione
962 3242 986 3272 X
1002 3245 1035 3272 01

72 3285 242 3319 matthiam
284 3290 588 3324 Zimmermannum
625 3290 665 3322 de
700 3290 865 3323 Montibus
903 3292 1034 3330 pietalis

74 3343 148 3374 pag.
177 3335 237 3368 718
259 3345 328 3378 seq.

1996 220 2071 259 201

1173 290 1523 331 BERNARDINUS
1548 289 1721 331 Gadolus
1744 293 1963 331 Brixianus.
1996 292 2074 331 Ab-

1118 353 1188 392 bas
1205 351 1540 401 Camaldulensis,
1556 354 1659 392 circa
1670 352 1830 393 Annum
1847 355 1948 394 1446
1957 353 2073 405 cujus

1119 416 1229 465 Opus
1244 414 1554 454 Annotationum
1577 416 1613 453 in
1630 426 1782 454 sacram
1803 416 2067 467 Scripturam,

1119 476 1260 515 librum
1298 476 1347 515 de
1384 477 1568 527 fugiendo
1606 477 1763 516 saeculo
1803 481 1843 516 et
1881 478 2067 530 religione

1120 537 1421 588 amplectenda,
1446 539 1568 576 alium
1603 542 1739 577 contra
1776 540 2000 590 superbiam
2029 545 2071 579 et

1119 599 1390 637 ambitionem:
1412 600 1611 650 Epistolas
1641 602 1757 648 item,
1786 612 1831 640 ac
1859 601 2071 641 Sermones

1120 665 1352 699 memorant.
1378 660 1620 699 Possevinus
1643 666 1815 701 testatur
1835 674 1927 701 eum
1951 664 2071 702 etiam

1118 721 1167 760 de
1190 722 1228 760 S.
1253 722 1478 771 Hieronymi
1502 722 1686 772 operibus
1710 724 1748 760 in
1764 723 1940 762 ordinem
1964 726 2070 764 colli-

1118 783 1257 834 gendis
1279 784 1487 831 cogitasse

1171 843 1453 884 BERNARDIN
1462 845 1521 883 US
1561 843 1607 883 de
1647 847 1793 894 Roma,
1832 847 2068 898 Carmelita,

1116 907 1336 956 Episcopus
1374 904 1601 957 Sutrensis,
1626 906 1844 945 Cardinalis
1867 907 1939 946 An.
1966 911 2066 949 1324

1116 967 1275 1017 scripsit
1306 968 1344 1004 in
1381 968 1431 1006 IV
1459 967 1578 1006 libros
1614 970 1928 1018 sententiarum,
1953 976 1992 1008 et
2020 972 2067 1010 ad

1115 1029 1275 1068 Clerum
1311 1030 1532 1069 Romanum
1556 1030 1619 1069 lib.
1646 1031 1672 1068 I.
1710 1030 1806 1069 Vide
1828 1031 1875 1069 M.
1910 1031 2067 1070 Antonii

1113 1089 1255 1141 Alegre
1274 1091 1322 1129 de
1346 1092 1542 1131 Casanate
1566 1092 1793 1142 paradisum
1832 1093 2067 1132 Carmelitici

1114 1152 1266 1191 decoris
1286 1164 1371 1204 pag.
1397 1154 1474 1192 284
1505 1155 1571 1204 qui
1595 1153 1840 1193 Bernardum
1863 1167 1955 1194 cum
1979 1156 2067 1193 Pos—

1114 1215 1277 1264 sevino,
1300 1227 1375 1253 non
1400 1215 1688 1254 Bernardinum
1714 1222 1928 1268 nuncupat.

1165 1276 1513 1316 BERNARDINUS
1528 1277 1582 1316 du
1597 1278 1745 1327 Rosier,
1763 1279 1847 1317 sive
1861 1278 1907 1317 (le
1928 1281 2068 1318 Roser-

1109 1337 1198 1388 ylo,
1220 1350 1271 1377 ex
1293 1340 1488 1378 Canonico
1520 1340 1701 1390 Regulari
1735 1340 2065 1391 Archiepiscopus

1112 1400 1330 1438 Tolosanus
1349 1400 1397 1439 ab
1431 1401 1545 1440 Anno
1570 1402 1671 1440 4452
1695 1401 1742 1440 ad
1779 1402 1880 1441 1464
1901 1401 2069 1453 Scripsit

1111 1472 1232 1512 quam
1248 1460 1432 1512 plurima
1463 1462 1594 1513 Opera
1620 1462 1666 1500 cle
1685 1462 1793 1501 cultu
1816 1465 1854 1503 S.
1898 1464 2067 1514 Virqinis

1110 1527 1148 1562 et
1180 1524 1223 1561 Β.
1261 1523 1473 1576 Stephani:
1509 1526 1742 1564 Sermonum
1779 1525 2036 1564 collectionem
2051 1557 2060 1574 ,

1111 1585 1403 1625 Commentario
1418 1585 1458 1623 in
1471 1586 1692 1624 Decretales
1707 1587 1832 1634 Juris,
1845 1599 1924 1638 qua
1939 1587 2061 1625 scien-

1109 1647 1164 1685 tia
1176 1647 1394 1699 praecipue
1415 1647 1604 1699 insiynis:
1629 1648 1793 1700 (lenique
1813 1649 2063 1688 Dissertatio-

1107 1721 1176 1748 nes
1198 1709 1244 1748 de
1262 1710 1499 1750 auctoritate
1523 1711 1732 1762 Pontificio
1765 1712 1999 1762 Legatorum
2030 1715 2065 1748 et

1111 1771 1402 1811 Cardinalium.
1424 1771 1735 1811 Lucubrationes
1751 1772 1849 1811 istae
1864 1773 1905 1811 in
1922 1771 2065 1811 Biblio-

1109 1833 1224 1873 theca
1267 1833 1569 1885 Metropolitana
1605 1839 1819 1873 servantur
1841 1865 1849 1882 ,
1892 1847 2063 1886 quarum

1107 1896 1224 1934 etiam
1247 1895 1451 1935 elenchum
1473 1896 1583 1948 apud
1607 1897 1874 1935 Bertrandum
1898 1899 1917 1918 '³⁶
1937 1896 2063 1947 leyere

1107 1957 1204 1996 licet.
1221 1956 1449 1997 Publicavit
1468 1962 1505 1996 et
1517 1958 1818 1997 accuratissime
1833 1962 1924 1996 acta
1944 1959 2063 2007 Leya-

1106 2019 1220 2059 tionis
1243 2020 1356 2058 Petri
1377 2019 1608 2060 Cardinalis
1632 2021 1665 2058 F
1668 2020 1834 2059 umensis
1859 2020 1898 2058 in
1920 2020 2062 2071 Hispa-

1105 2082 1242 2131 niam,
1276 2082 1437 2133 ejusque
1471 2082 1656 2120 mandato
1688 2081 1734 2120 cle
1764 2081 2061 2132 antiquitatibus

1110 2143 1308 2183 Tolosanis
1325 2142 1498 2182 libellum
1518 2143 1737 2195 Stephanus
1753 2144 1799 2182 cle
1817 2144 1970 2192 Ganno,
1989 2144 2063 2182 Mi·-

1104 2205 1236 2244 norita
1259 2205 1297 2244 ei
1312 2204 1428 2244 dicat.
1449 2208 1552 2245 Haec
1575 2206 1869 2246 Sammarthani
1887 2208 1924 2244 in
1941 2206 2063 2245 Gallia

1105 2268 1331 2308 Christiana
1351 2272 1444 2306 tom.
1470 2269 1508 2316 I,
1532 2279 1618 2319 pag.
1644 2268 1733 2306 700.

1156 2330 1507 2370 BERNARDINUS
1526 2330 1730 2379 Senensis,
1749 2330 1907 2368 Ordinis
1926 2331 2058 2368 Minor.

1103 2391 1177 2432 An.
1204 2393 1318 2432 1450.
1342 2397 1454 2431 sexto
1478 2397 1567 2444 post
1599 2392 1748 2431 obitum
1776 2403 1877 2431 anno
1907 2391 2062 2430 Sanctis

1103 2454 1327 2504 adscriptus
1347 2483 1355 2502 ,
1373 2454 1421 2493 de
1437 2466 1514 2504 quo
1529 2454 1628 2493 Acta
1644 2455 1877 2493 Sanctorum
1899 2453 1946 2491 ΞΟ
1970 2451 2058 2501 Maji

1105 2519 1211 2553 101110
1227 2516 1272 2554 V.
1286 2516 1350 2554 ubi
1366 2516 1453 2554 Vita
1469 2516 1614 2566 scripta
1633 2526 1654 2553 a
1676 2513 1956 2554 BARIN'ABAEO
1972 2523 2056 2563 pag.

1102 2576 1178 2616 277
1202 2581 1242 2615 et
1279 2581 1384 2615 tomo
1405 2578 1495 2623 Vll,
1521 2588 1606 2626 pag.
1638 2576 1706 2614 821
1735 2586 1816 2624 seq.
1847 2575 1911 2613 ubi
1936 2576 2055 2612 etiam

1102 2640 1251 2690 effigies
1270 2638 1462 2688 corporis,
1487 2642 1531 2676 ut
1559 2636 1672 2686 ajunt
1692 2637 1928 2686 incorrupti,
1953 2640 1991 2673 et
2016 2637 2054 2672 in

1101 2702 1228 2740 Diario
1245 2700 1475 2749 Theologico
1490 2698 1701 2736 Dresdensi
1718 2696 1959 2747 (Sammlunq
1981 2708 2056 2735 von

1100 2761 1213 2801 Alcen
1230 2759 1313 2798 und
1334 2760 1490 2807 Neuen)
1511 2759 1585 2797 An.
1620 2758 1721 2797 4727
1745 2764 1832 2808 post
1853 2769 1937 2808 pag.
1964 2759 2051 2797 512.

1100 2825 1156 2863 De
1176 2823 1332 2873 scriptis
1355 2819 1457 2871 ejus,
1478 2823 1515 2858 in
1539 2820 1682 2870 quibus
1706 2821 1824 2857 etiam
1855 2820 2054 2858 Commen-

1101 2884 1229 2923 tarius
1246 2883 1285 2921 in
1298 2881 1569 2933 Apocalypsin,
1579 2886 1618 2919 et
1631 2880 1676 2919 de
1693 2881 1916 2931 Praeceptis
1930 2883 2052 2931 Requ-

1103 2946 1162 2985 lae
1181 2945 1389 2992 Minorum,
1408 2955 1484 2982 non
1502 2943 1635 2992 haben,
1649 2943 1896 2993 quaeaddam
1912 2943 2052 2981 Labbei

1104 3008 1344 3053 industriae,
1370 3007 1436 3055 qui
1461 3009 1553 3043 tom.
1580 3006 1593 3043 1
1615 3005 1662 3043 de
1687 3006 1723 3044 S.
1750 3006 1793 3044 li.
1810 3016 1895 3056 pag.
1923 3006 1996 3043 186
2013 3009 2052 3043 01

1103 3069 1313 3108 editionem
1329 3068 1518 3105 Venetam
1533 3066 1605 3105 An.
1632 3068 1723 3105 1591
1749 3067 1850 3104 Petri
1869 3065 2050 3112 Rudoliii,

1103 3135 1270 3181 quatuor
1292 3128 1564 3168 voluminibus
1587 3130 1624 3166 in
1647 3125 1712 3166 4.¹⁰
1732 3133 1769 3167 et
1792 3129 2049 3167 parisiensem

1158 3289 1174 3304 ⁴
1189 3291 1258 3322 Nic.
1286 3288 1500 3322 Beni-andum
1521 3291 1553 3321 ’111
1571 3297 1668 3329 opero
1684 3289 1724 3320 do
1743 3287 1978 3321 Tolosunorum
1997 3296 2058 3328 ge-

1100 3342 1169 3371 stis.
1189 3338 1322 3371 Tolosae
1345 3337 1421 3370 1515
1441 3339 1492 3370 fol.

1651 3408 1699 3444 ⁴243
