2500 4009
407 232 483 272 314

405 313 595 354 gnomen,
611 301 713 339 Patri
734 309 782 336 ex
799 296 941 345 Majore
957 295 1118 341 domus,
1136 299 1224 344 post
1245 306 1367 333 exau-

406 369 602 402 ctoratum
624 364 667 400 Α.
695 359 769 397 7ὅέ
794 356 1060 396 childericum
1084 356 1179 407 Regi
1198 357 1368 394 Franco-

407 437 495 465 rum
512 456 519 464 .
539 422 730 462 successit
746 419 789 456 A.
808 418 896 455 768.
918 417 1054 455 relicta
1079 417 1186 456 fratri
1206 416 1368 457 Carolo-

406 497 548 524 manno
567 488 676 534 parte
700 482 822 519 altera
844 480 972 529 regni,
999 480 1062 517 cui
1088 484 1256 529 patruus
1291 480 1368 520 Ca-

405 538 659 585 rolom‘cnmus
679 542 915 592 praefuerat,
931 540 1056 579 donec
1071 541 1259 580 defuncto
1275 546 1364 592 post

406 609 606 646 biennium
631 605 748 642 fratre
765 605 884 641 etiam
902 603 1007 641 illam
1028 603 1214 651 obtinuit,
1231 608 1276 642 ac
1295 603 1364 642 de-

406 669 496 706 inde
520 668 633 706 Anno
657 666 732 704 800
757 677 778 704 a
799 668 928 704 Leone
944 666 995 703 lll
1014 665 1200 704 Pontilice
1215 667 1361 704 Romae

404 733 614 768 coronatus
649 733 710 766 est
734 729 969 777 Imperator,
996 728 1108 778 isque
1132 732 1172 766 et
1191 727 1361 777 Augusti

407 802 549 828 nomen
575 791 741 839 accepit:
768 788 887 827 rebus
918 800 1010 826 vcro
1047 789 1232 828 humanis
1255 790 1364 828 vale-

404 853 504 890 dixit
527 851 600 890 An.
627 852 703 890 814
730 852 884 901 Imperii
905 851 965 889 114.
988 852 1097 901 regni
1130 851 1189 888 46.
1220 852 1362 890 aetatis

405 914 468 954 72.
493 913 601 959 Quae
622 913 839 964 prudenter
863 911 965 950 domi
991 923 1035 951 ac
1056 913 1138 963 pie,
1160 924 1261 964 quae
1285 914 1361 952 for-

403 977 496 1013 titer
521 985 661 1025 magna
685 975 852 1023 gesserit
872 974 1068 1014 adversus
1085 975 1360 1026 Longobardos

403 1038 443 1074 in
467 1036 592 1081 ltalia,
618 1047 786 1086 qnorum
809 1047 974 1086 regnum
999 1037 1073 1075 An.
1099 1037 1176 1075 774
1200 1037 1362 1086 delevit,

402 1097 597 1136 adversus
640 1098 856 1135 Saracenos
895 1099 934 1135 in
965 1100 1165 1149 Hispania:
1206 1103 1292 1137 tum
1323 1101 1360 1136 in

403 1159 681 1205 Hunnavarcs,
717 1159 919 1205 Saxones⁷
957 1163 997 1197 et
1041 1171 1179 1199 corum
1221 1160 1363 1199 (lucem

404 1220 664 1258 fortissimum
686 1219 981 1268 Witekindum,
1006 1233 1126 1272 quem
1147 1223 1195 1261 ad
1213 1224 1366 1262 Cllristi

405 1291 517 1319 sacra
545 1280 727 1326 adduxit,
771 1282 808 1318 in
851 1282 992 1320 Slavos
1033 1284 1152 1322 etiam
1190 1285 1367 1335 aliasque

405 1342 572 1389 Gentes,
597 1347 774 1392 praestat
798 1343 915 1381 silere
939 1355 1059 1393 quam
1083 1356 1205 1394 pauca
1221 1345 1367 1384 dicere:

406 1414 485 1442 non
510 1406 644 1443 minus
667 1404 715 1442 de
740 1405 930 1455 singulari
945 1405 1033 1455 ejus
1056 1418 1100 1444 ac
1119 1407 1218 1445 felici
1239 1408 1370 1446 studio

407 1465 615 1512 colendae,
640 1466 866 1504 suadendae
880 1472 919 1504 et
942 1468 1241 1517 amplificandae
1257 1470 1371 1507 Chri-

408 1527 560 1565 stianae
583 1526 811 1576 Religionis,
834 1527 938 1565 unde
964 1529 1120 1567 Sanctis
1155 1535 1243 1580 post
1268 1543 1370 1569 mor-

407 1594 488 1626 tem
516 1587 742 1638 adscriptus
772 1594 834 1626 est
869 1589 914 1627 Α.
943 1591 1059 1628 1166.
1096 1592 1367 1631 Ecclesiarum

406 1648 720 1698 condendarum,
752 1650 976 1689 scholarum
1004 1653 1364 1702 instituendarum,

406 1711 556 1759 Legum
594 1711 944 1750 saluberrimarum
980 1718 1118 1751 auctor
1151 1714 1291 1752 nobilis
1321 1727 1365 1753 ac

406 1770 573 1809 vindex:
599 1772 819 1811 litterarum
837 1785 994 1823 quoque
1013 1776 1264 1823 instaurator,
1284 1777 1366 1826 ipse

404 1842 541 1870 earum
562 1834 722 1871 minime
746 1834 973 1883 imperitus,
989 1840 1028 1873 et
1045 1836 1200 1886 linguae
1217 1837 1366 1887 patriae

405 1893 644 1932 excolendae
656 1905 822 1943 magnus
831 1905 972 1933 suasor
985 1901 1105 1947 atque
1121 1898 1363 1948 exemplum.

405 1953 509 1991 Erat
529 1954 746 2006 eloquentia
769 1956 950 2006 copiosus
984 1959 1021 2006 a)
1047 1962 1084 1996 et
1105 1957 1362 2009 exuberans,

399 2019 633 2067 poteratque
663 2017 853 2067 quicquid
880 2018 995 2056 vellet
1011 2020 1261 2070 apertissime
1290 2033 1363 2059 eae-

400 2076 591 2126 ].r1'mere.
609 2077 687 2115 Nec
699 2078 831 2127 patrio
850 2082 1000 2116 tantum
1019 2090 1197 2118 sermone
1212 2085 1365 2119 conten-

407 2138 484 2173 tus.
505 2137 573 2174 sed
589 2141 627 2174 et
638 2138 866 2187 peregrinis
886 2139 1030 2189 linquis
1045 2140 1261 2179 ediscendis
1277 2153 1364 2191 ope-

407 2207 497 2233 ram
516 2198 718 2248 impendit:
738 2198 934 2249 inquibus
951 2202 1131 2239 Latinam
1149 2202 1203 2239 ita
1218 2201 1363 2249 didicit,

417 2261 464 2294 ut
478 2269 600 2308 aeque
619 2258 685 2295 illa
705 2270 752 2296 ac
767 2260 907 2310 patria
926 2260 1061 2311 linqua
1076 2274 1195 2300 orare
1211 2263 1263 2301 sit
1277 2262 1366 2301 soli—

413 2324 489 2356 tus:
509 2319 705 2356 Graecam
726 2332 818 2358 vero
840 2321 979 2361 melius
1004 2323 1217 2373 intelliqere
1242 2335 1363 2375 quam

404 2381 677 2430 pronunciare
712 2386 879 2433 poterat.
914 2383 1019 2421 Adeo
1049 2385 1204 2436 quidem
1225 2386 1364 2437 facun-

408 2440 482 2479 dus
500 2445 598 2488 erat,
610 2446 655 2480 ut
671 2444 788 2481 etiam
811 2444 1009 2483 didascali
1028 2457 1171 2485 niunus
1195 2446 1364 2486 subiisse

406 2507 631 2552 appareret.
656 2503 774 2543 Artes
793 2504 976 2545 liberales
997 2507 1282 2546 studiosissime
1302 2520 1363 2547 co-

408 2562 480 2600 luit
498 2594 506 2610 ,
529 2575 747 2615 earumque
771 2565 948 2605 doctores
958 2567 1179 2618 plurimum
1199 2581 1365 2608 venera-

409 2625 630 2675 tus,maqni
649 2626 848 2678 afficiebat
862 2627 1088 2668 honoribus.
1113 2631 1159 2668 In
1178 2630 1365 2670 discenda

407 2685 677 2725 Grammatica
702 2689 858 2727 Petrum
878 2691 1062 2729 Pisanum
1079 2692 1286 2732 diaconum
1303 2706 1363 2733 se-

403 2758 492 2784 nem
509 2748 679 2796 audivit,
699 2749 737 2786 in
753 2751 919 2789 caeteris
938 2752 1157 2803 disciplinis
1173 2755 1360 2795 Albinum

404 2813 648 2857 coqnomento
682 2810 892 2849 Alcuinum
913 2844 921 2861 ,
945 2813 1034 2852 item
1062 2815 1283 2855 Diaconum
1314 2817 1361 2856 de

403 2869 828 2917 Britannia,Sa.1conici
837 2875 995 2922 {fencris
1013 2875 1215 2927 hominem,
1227 2879 1360 2917 virum

402 2930 659 2982 undecunque
705 2932 996 2985 doctissimum,
1034 2944 1330 2990 praeceptorem
1345 2969 1357 2988 ,

404 2988 554 3028 habuit:
575 2992 684 3042 apud
702 3004 816 3043 quem
856 2999 893 3032 et
919 2997 1148 3038 Rhetoricae
1171 3005 1208 3038 et
1229 3001 1359 3039 Diale-

404 3050 542 3098 cticae,
563 3053 780 3105 praecipue
810 3058 940 3094 tamen
976 3058 1251 3100 Astronomiae
1279 3062 1358 3101 ecli-

401 3111 564 3150 scendae
587 3113 808 3164 plurimum
842 3121 878 3154 et
915 3121 1099 3172 temporis
1135 3127 1173 3161 et
1207 3122 1357 3163 laboris

404 3169 596 3220 impendit.
620 3175 807 3216 Discebat
825 3181 864 3217 et
883 3184 1011 3220 artem
1034 3185 1296 3236 computandi,
1322 3190 1358 3225 et

461 3306 488 3336 a,
516 3300 602 3332 hlvm
627 3307 832 3344 Eglnliurdus
856 3319 926 3349 cop.
950 3312 1002 3345 25.

1159 225 1525 283 'GAROLUS
1575 227 1626 265 M.

1438 295 1645 334 intentione
1663 297 1804 348 sayaci
1822 296 2009 349 syderum
2029 309 2192 338 cursum
2209 297 2401 337 curiosis-

1439 357 1535 396 sime
1563 356 1804 397 rimabatur.
1839 357 2027 398 Tentabat
2055 362 2094 399 et
2118 358 2315 403 scribere.
2343 359 2397 407 b)

1440 417 1674 470 tabulasque
1691 423 1728 458 et
1740 418 1936 458 codicillos
1954 420 2009 460 ad
2027 420 2096 460 lioc
2116 421 2155 460 in
2164 420 2303 460 lectulo
2323 420 2398 460 sub

1440 478 1703 519 cervicalibus
1737 480 2000 533 circumferre
2040 481 2208 531 solebat,
2234 486 2282 521 ut
2306 494 2400 521 cum·

1437 553 1611 580 vacuum
1648 545 1799 593 tempus
1831 545 1946 591 esset⁷
1985 555 2146 582 manum
2180 543 2400 598 efflyiandis

1435 602 1576 643 litteris
1598 603 1882 656 assuefaceret.
1921 604 2000 644 Sed
2016 617 2167 656 parum
2202 616 2398 658 prospere

1434 666 1625 704 successit
1643 664 1758 704 labor
1776 670 2081 718 praeposterus,
2099 679 2148 706 ac
2161 678 2250 706 sero
2265 666 2398 706 incho-

1434 729 1538 765 atus.
1576 727 1684 766 Idem
1709 728 1979 778 Eginhardus:
2017 730 2054 777 c)
2095 729 2211 768 Inter
2233 740 2401 767 coenan-

1434 788 1527 826 dum
1559 792 1632 826 aut
1659 788 1821 840 aliquod
1853 801 2064 841 acroama,
2108 794 2179 829 aut
2218 789 2400 829 lectorem

1432 849 1632 889 audiebat.
1647 849 1895 901 Leqebantur
1910 852 1947 890 ei
1959 851 2147 891 historiae
2167 856 2205 890 et
2217 851 2401 903 antiquo-

1433 924 1524 950 rum
1540 923 1605 951 res
1617 916 1762 963 qestae.
1781 912 2063 952 Delectabatur
2079 917 2116 952 et
2135 912 2297 967 librisS.
2315 912 2397 951 Au-

1431 974 1596 1025 yustini,
1616 975 1831 1027 praecipue
1849 975 1917 1024 iis,
1942 976 2014 1027 qui
2030 975 2076 1014 de
2102 974 2271 1015 Civitate
2300 973 2397 1012 DEI

1430 1036 1803 1088 praetitulatisimt.
1838 1038 1890 1076 Et
1919 1038 1993 1075 alio
2027 1038 2126 1076 loco:
2147 1036 2185 1085 d)
2226 1035 2398 1086 Leyendz·

1436 1103 1556 1149 atque
1587 1098 1787 1150 psallendi
1812 1098 2063 1150 disciplinam
2099 1096 2397 1148 dilzyentissime

1439 1160 1680 1209 emendavit,
1702 1164 1792 1199 erat
1812 1160 1914 1199 enim
1937 1160 2150 1212 utriusque
2188 1157 2401 1198 admodum

1438 1222 1640 1271 eruditus,
1667 1234 1897 1274 quanquam
1926 1223 2008 1273 ipse
2030 1233 2100 1261 nec
2117 1218 2276 1274 publice
2305 1219 2403 1272 leye-

1498 1353 1534 1394 b)
1557 1354 1755 1385 incredibile
1776 1355 1909 1386 videtur
1941 1355 2081 1385 omnino
2104 1353 2273 1386 scribendi
2298 1355 2403 1394 impe-

1437 1405 1538 1434 ritum
1563 1403 1664 1435 fuisse
1700 1404 1856 1435 cai-olum
1872 1427 1881 1441 ‚
1906 1405 1970 1435 nisi
1994 1405 2071 1443 quis
2104 1403 2185 1435 velit
2213 1403 2302 1443 apud
2328 1404 2410 1443 Egi-

1439 1452 1604 1483 nhardum
1622 1460 1696 1492 cap.
1716 1453 1769 1484 ⁶29.
1794 1453 2057 1492 Antiquissima
2072 1452 2235 1485 carmina
2247 1476 2258 1492 ,
2283 1451 2408 1492 quibus

1439 1506 1593 1533 veterum
1612 1504 1743 1542 lteqnm
1758 1507 1860 1533 actus
1873 1507 1906 1534 et
1920 1501 2012 1533 betta
2030 1499 2264 1541 canebantur,
2279 1501 2402 1534 SCRI-

1437 1552 1543 1583 PSlT
1562 1556 1595 1581 et
1618 1552 1809 1582 memoriae
1845 1551 2056 1590 mandavit,
2083 1550 2222 1582 verbum
2259 1550 2409 1590 scripsit

1437 1602 1670 1639 interpretrari
1701 1600 1812 1631 scribi
1833 1601 1929 1640 fecit.
1964 1599 2025 1632 Sed
2049 1607 2115 1630 non
2141 1599 2279 1639 perinde
2313 1598 2409 1630 facile

1435 1653 1484 1680 est
1507 1648 1639 1680 eludere
1663 1650 1771 1681 locum
1788 1650 1929 1683 Concilii
1947 1649 2035 1689 apud
2057 1651 2086 1680 S.
2111 1650 2255 1680 Macram
2273 1651 2310 1680 Α.
2333 1648 2408 1680 881.

1435 1698 1564 1735 habiti,
1587 1698 1675 1738 apud
1698 1699 1912 1730 Sirmondum
1948 1702 2032 1729 tom.
2056 1698 2099 1727 ΙΙΙ
2123 1696 2251 1728 concil.
2279 1696 2405 1728 Galliae

1438 1754 1511 1786 pag.
1534 1747 1607 1778 514.
1629 1748 1726 1779 Sicut
1748 1748 1893 1786 quidam
1915 1751 2078 1777 nostrum
2094 1745 2231 1776 abillis
2250 1745 2403 1783 audivit,

1434 1796 1494 1834 qui
1515 1796 1779 1836 interfuerunt,
1803 1797 1864 1836 qui
1886 1805 2035 1836 regnum
2067 1795 2289 1826 Francorum
2312 1793 2410 1825 nobi-

1436 1845 1519 1875 liter
1536 1846 1722 1885 ampliauit
1740 1870 1749 1884 ,
1774 1850 1807 1875 et
1831 1853 1894 1884 per
1917 1852 2034 1875 annos
2051 1844 2161 1875 XLVI
2177 1842 2332 1883 feliciter
2347 1852 2405 1874 re-

1434 1894 1492 1924 :rit
1505 1917 1514 1931 ,
1540 1899 1572 1925 et
1591 1895 1773 1934 sapientia
1793 1898 1867 1925 tam
1884 1894 1923 1924 in
1937 1893 2075 1924 sanctis
2090 1893 2287 1933 Scripturis
2303 1901 2409 1933 quam

1433 1949 1467 1975 ct
1502 1945 1541 1976 in
1575 1945 1711 1985 leqibus
1750 1945 2022 1977 Ecclesiasticis
2046 1948 2080 1975 et
2103 1943 2270 1975 humanis
2303 1952 2406 1985 reyes

1430 1994 1649 2025 Francorum
1671 1995 1892 2034 praecessit,
1917 1994 2017 2025 nullo
2054 2002 2211 2033 unquam
2246 1997 2403 2034 tempore

1431 2044 1509 2074 sine
1530 2043 1643 2074 tribus
1665 2045 1707 2074 de
1730 2043 2012 2084 sapientioribus
2035 2047 2068 2074 et
2104 2042 2400 2074 eminentioribus

1436 2093 1670 2123 consiliariis
1694 2093 1770 2122 suis
1804 2101 1881 2123 esse
1902 2091 2131 2131 patiebatur,
2156 2092 2219 2122 sed
2241 2092 2403 2123 vicissim

1430 2149 1493 2179 per
1520 2141 1783 2178 successiones,
1812 2145 1851 2171 ut
1876 2142 1928 2171 eis
1949 2140 2121 2180 possibile
2143 2139 2236 2180 foret
2251 2164 2262 2179 ‚
2286 2149 2404 2176 secum

1432 2188 1599 2228 habebat,
1625 2194 1658 2220 et
1689 2190 1736 2220 ml
1758 2190 1931 2230 capitium
1954 2190 2037 2221 lecti
2074 2190 2130 2220 sui
2159 2189 2302 2223 tabulas
2325 2199 2403 2221 cum

1434 2239 1585 2278 yraphi'o
1614 2238 1781 2277 habebat,
1808 2244 1840 2270 et
1868 2248 1957 2278 quoe
1992 2240 2065 2270 sive
2087 2239 2126 2270 in
2153 2239 2231 2276 die,
2269 2239 2404 2270 sivein

1437 2292 1536 2317 nocte
1558 2289 1600 2318 (Ie
1622 2289 1779 2319 utilitate
1803 2293 1949 2319 sanctae
1972 2288 2155 2319 Ecclesiae
2169 2312 2180 2328 ,
2205 2292 2239 2319 et
2256 2288 2298 2319 de
2319 2297 2406 2328 pro-

1439 2336 1531 2375 sectu
1550 2346 1592 2367 ac
1612 2337 1797 2368 soliditate
1818 2338 1922 2378 reqni
1938 2337 2199 2376 meditabatur,
2216 2337 2256 2368 in
2273 2337 2406 2368 eisdem

1432 2385 1564 2416 tabulis
1591 2386 1811 2425 adnotabat,
1837 2392 1869 2418 et
1893 2396 1970 2418 cum
1993 2388 2127 2418 eisdem
2155 2386 2403 2424 Consiliariis‚

1433 2443 1519 2474 quos
1543 2444 1658 2466 secum
1681 2436 1854 2468 habebat.-
1892 2440 1925 2467 et
1959 2436 2100 2476 quando
2135 2436 2182 2466 ad
2222 2434 2403 2467 Placitum

1431 2493 1531 2514 suum
1555 2485 1736 2524 veniebat,
1764 2487 1884 2516 omnia
1908 2485 2088 2517 subtiliter
2107 2488 2266 2517 tractata
2286 2484 2405 2525 pleni-

1430 2534 1548 2563 tudini
1575 2535 1876 2566 consiliariorum
1911 2544 2057 2566 suorum
2094 2533 2344 2572 monstrabat,
2366 2538 2400 2565 ct

1433 2584 1608 2614 communi
1639 2584 1798 2615 Consilio
1832 2585 1899 2616 illa
1932 2586 1980 2616 ad
2017 2582 2176 2624 effectum
2204 2584 2397 2624 perducere

1430 2632 1656 2672 procurabat.
1679 2633 1835 2665 Libenter
1860 2637 1974 2666 autem
1997 2634 2120 2673 fateor,
2146 2642 2221 2665 cum
2248 2635 2398 2665 virorum

1427 2682 1605 2713 doctorum
1630 2682 1870 2714 liariolationes
1893 2692 1994 2723 super
2024 2683 2086 2715 hoc
2111 2681 2297 2722 Eginharli
2326 2681 2398 2713 loco

1432 2729 1628 2768 considero,
1655 2740 1720 2761 non
1752 2740 1822 2762 esse
1853 2733 1885 2762 in
1915 2732 2000 2770 illis,
2024 2740 2111 2772 quae
2147 2739 2186 2762 ex
2222 2738 2293 2762 asse
2317 2731 2399 2762 mihi

1429 2778 1610 2810 satisticiat
1629 2804 1638 2817 ,
1662 2781 1784 2820 quibus
1807 2781 1967 2819 seribere,
1989 2782 2043 2812 vel
2068 2781 2214 2820 pinqere
2235 2783 2296 2817 est,
2315 2787 2401 2819 quae

1428 2827 1610 2859 naudeloiii
1650 2834 1700 2860 est
1738 2832 1931 2867 sententia,
1965 2833 2001 2861 ut
2040 2831 2173 2862 Graecis
2207 2825 2392 2877 γράφειν,

1427 2878 1494 2912 vel,
1520 2882 1556 2908 ut
1579 2887 1655 2909 cum
1692 2879 1867 2910 Lambecio
1891 2879 2102 2911 Clarissimus
2139 2881 2396 2920 schminckius,

1427 2927 1693 2966 Calliqrapliiae
1716 2928 1802 2958 dare
1826 2937 1992 2968 operam,
2019 2929 2092 2967 vel,
2117 2934 2154 2961 ut
2177 2933 2321 2962 Joannes
2339 2933 2399 2962 Jo-

1426 2975 1578 3006 achimus
1599 2978 1770 3007 Frantzius
1793 2977 1963 3017 malebat,
1986 2978 2144 3009 siderum
2168 2988 2310 3010 cursum
2333 2979 2396 3010 de-

1375 3053 1380 3057 .
1425 3024 1601 3064 scribere,
1625 3025 1664 3056 de
1687 3033 1753 3064 quo
1778 3028 1928 3065 proxime
1945 3027 2075 3058 scilicet
2092 3028 2304 3066 Eginhardus
2321 3031 2394 3059 erat

1427 3075 1578 3105 locutus:
1607 3074 1655 3105 vel
1673 3076 1793 3105 Graece
1811 3076 1975 3113 scribere,
1995 3080 2031 3107 ut
2047 3076 2219 3108 Albericus
2238 3077 2271 3107 in
2290 3075 2393 3107 Chro-

1428 3126 1505 3155 nico
1529 3133 1561 3163 p.
1585 3123 1644 3154 124
1668 3123 1717 3154 vel
1738 3123 1883 3162 denique
1922 3126 2086 3163 Operibus
2120 3123 2309 3165 scribendis
2343 3125 2391 3155 ire

1428 3181 1485 3212 per
1506 3181 1563 3204 ora
1587 3175 1716 3209 virum,
1743 3173 1830 3211 quod
1853 3174 2036 3206 novissime
2058 3172 2276 3206 celeberrimo
2299 3174 2392 3205 Heu·

1428 3229 1551 3252 manno
1573 3223 1607 3252 in
1633 3225 1776 3252 mentem
1800 3223 1903 3253 venit.

1485 3271 1518 3307 c)
1543 3271 1664 3310 Eginh.
1688 3279 1738 3302 ca.
1760 3269 1813 3301 ΕΜ.

1485 3318 1520 3357 (Ι),
1543 3319 1589 3350 ld.
1615 3329 1685 3359 cap.
1708 3319 1758 3350 ²26.

2497 1851 2500 1932 l

2496 1990 2500 2067 i
