2500 3841
837 182 1327 226 ALPHONSINA
2027 185 2077 225 69

107 255 256 306 gensis:
281 252 470 304 Georgius
497 252 780 301 Peurbachius,
804 255 919 294 Basil.
952 256 1053 296 4553

110 316 171 355 fol.
188 316 603 367 Jo.RegiomontanuS,
620 316 715 355 Tub.
735 316 835 355 4539
855 318 887 355 4.
907 318 1052 357 Witeb.

109 378 210 417 4584
231 379 266 416 4.
303 377 526 417 Bernardus
563 377 794 417 Waltherus
836 379 1056 418 Norimber-

112 450 200 489 gae:
235 440 461 479 Dominicus
488 440 626 488 Maria,
647 441 860 490 Bononiae,
890 441 1055 492 ejusque

104 501 325 554 discipulus
347 503 527 542 Nicolaus
550 503 800 553 Copernicus.

164 563 353 615 Georqius
374 563 600 603 Joachimus
621 563 801 604 Rheticus
825 565 926 616 Lips.
953 565 1053 605 4570

113 621 193 664 4.²⁰.

162 687 330 727 Tabulae
349 689 584 728 Prutenicae
605 690 760 729 Erasmi
774 689 989 737 Reinholdi,
1009 694 1055 729 ut

106 748 294 789 Rheticus
317 750 425 801 fecit,
442 752 701 803 Copernicum
722 754 864 801 secuti,
878 753 1056 792 Pruteni-

102 821 199 850 cum
222 812 306 851 sive
328 813 536 865 Prussum,
558 814 721 865 Tubing.
753 816 869 864 4554,
892 814 984 854 4574
1019 814 1053 852 4.

114 873 259 912 Witeb.
285 875 387 914 4585
411 876 446 914 4.

159 936 218 974 Jo.
244 935 403 976 Antonii
425 939 582 989 Magini,
603 939 741 979 Venet.
767 939 869 978 4585
894 939 928 977 4.

158 997 340 1038 Frisicae
362 1001 495 1039 Lunae
516 1001 663 1040 solares
682 1011 705 1039 a
722 1000 875 1054 Nicolao
896 999 1053 1048 Mulero,

105 1058 324 1100 Alcmariae
347 1062 440 1102 4644
469 1063 503 1101 4.

158 1122 330 1162 Tabulae
357 1123 642 1175 Rudolpliinae,
670 1124 854 1175 auspiciis
882 1124 1054 1174 Impera-

105 1185 203 1223 toris
214 1183 409 1236 Rudolphi
425 1186 458 1224 II
473 1197 495 1224 a
510 1185 694 1236 Tychone
708 1185 834 1224 Brahe
849 1189 889 1223 et
905 1185 925 1223 J
929 1196 1054 1223 oanne

106 1246 291 1298 Keplero,
315 1247 452 1287 Ulmae
473 1246 576 1287 4627
595 1247 657 1292 fol.

158 1309 241 1348 Illis
263 1310 493 1348 insistentes
515 1310 684 1349 Tabulae
702 1308 882 1348 Andreae
901 1307 1031 1359 Argoli
1048 1339 1057 1359 ,

95 1370 301 1410 ..Iohannis
323 1372 631 1421 Longomontani
651 1372 690 1409 in
713 1370 962 1410 Astronomia
984 1371 1059 1409 Da—

108 1434 215 1481 nica,
237 1433 379 1472 Mariae
401 1434 581 1477 Cunitiae
604 1434 643 1472 in
667 1444 740 1472 sua
763 1433 922 1481 Urania,
942 1433 1059 1471 Joan-

106 1495 171 1533 nis
192 1495 391 1546 Baptistae
412 1496 549 1534 Morini
571 1499 645 1534 etc.

165 1555 336 1596 Tabulae
357 1556 553 1597 Mediceae
573 1558 768 1597 Vincentii
794 1558 953 1607 Reneri,
972 1557 1057 1596 Flo-

104 1622 207 1657 rent.
233 1619 354 1667 4633,
378 1618 477 1658 4647
500 1620 563 1660 fol.

158 1679 330 1733 Philippi
341 1679 575 1733 Lansberqii
589 1682 760 1721 Tabulae
775 1686 954 1721 motuum
969 1693 1055 1720 coe-

103 1741 266 1780 lestium
283 1747 515 1794 perpetuae,
530 1743 579 1781 ab
595 1755 640 1782 eo
657 1743 784 1782 editae
799 1755 900 1782 anno
915 1744 1055 1782 aetatis

105 1802 168 1842 74.
192 1802 446 1855 Middelburg.
475 1804 574 1844 4632
598 1805 659 1844 fol.
683 1806 753 1844 Hic
771 1803 1055 1856 Alphonsinam

101 1864 335 1905 methodum
363 1867 521 1904 unicam
553 1877 642 1906 esse
669 1868 866 1918 agnoscit,
891 1878 991 1917 quae
1014 1868 1053 1905 in

103 1927 264 1967 Tabulis
282 1927 505 1978 aequalium
535 1932 715 1968 motuum
738 1929 965 1980 usurpanda
988 1930 1050 1968 sit.

142 1988 326 2041 ¹Tabulae
357 1987 608 2042 Rickeli'anae
644 2001 667 2028 a
700 1990 826 2029 Natali
860 1992 1050 2039 Durreto‚

100 2051 223 2090 Paris.
248 2049 350 2090 4637
373 2050 436 2089 fol.

160 2110 331 2151 Tabulae
367 2111 606 2152 Philolaicae
644 2114 824 2154 {smaelis
846 2115 1050 2166 Bullialdi,

104 2175 262 2214 Parisiis
286 2176 388 2215 4645
411 2175 474 2214 fol.

153 2236 315 2276 Joannis
332 2237 535 2289 Baptistae
556 2236 719 2278 Riccioli
730 2268 738 2287 ,
759 2239 797 2278 S.
818 2240 851 2278 J.
876 2240 915 2278 in
931 2239 1051 2279 alma-

102 2302 213 2349 gesto
236 2310 355 2348 novo,
377 2301 573 2339 Bononiae
597 2301 690 2340 4654
724 2301 786 2340 fol.

153 2360 344 2401 Johannis
365 2363 568 2412 Newtoni,
593 2361 695 2402 4657
715 2367 788 2402 etc.

152 2421 410 2462 Britannicae
427 2424 621 2463 Vincentii
639 2425 777 2476 Wing,
793 2424 911 2463 Lond.
935 2425 1046 2464 4669.

153 2483 342 2524 Jobannis
364 2484 538 2535 Hevelii,
563 2487 602 2524 in
629 2486 836 2537 prodromo
862 2485 1051 2525 Astrono-

98 2544 200 2582 miae
219 2549 260 2583 et
278 2546 460 2596 Catalogo
483 2547 670 2595 fixarum,
686 2547 835 2586 Gedani
859 2548 959 2587 4690
984 2549 1045 2587 fol.

159 2603 328 2644 Tabulae
352 2606 562 2647 Carolinae
583 2609 753 2647 Thomae
777 2609 948 2657 Streete,
968 2608 1048 2647 An-

104 2667 168 2718 gli.

151 2728 312 2780 Philippi
347 2729 399 2768 de
434 2730 471 2768 la
505 2731 595 2769 Hire
622 2729 791 2770 Tabulae
818 2731 1047 2771 Ludovicia-

98 2800 199 2841 nae,
223 2791 342 2830 Paris.
369 2790 482 2830 4702.

149 2852 311 2892 Joannis
336 2853 495 2893 Cass-ini
514 2853 641 2893 adhuc
661 2853 839 2893 ineditae.

150 2915 403 2954 Plenissimae
443 2916 837 2966 accuratissimaeque
883 2917 1044 2956 Joannis

99 2975 345 3026 Flamstedii‚
369 2976 505 3027 Angli,
530 2978 568 3016 in
593 2977 753 3016 historia
784 2977 942 3017 coelesti
979 2991 1045 3030 po-

97 3042 231 3078 stuma
254 3038 372 3078 Lond.
400 3038 500 3079 4726
525 3040 586 3078 fol.
612 3040 635 3078 3
654 3040 735 3079 Vol.

152 3101 210 3139 De
232 3101 317 3140 aliis
338 3101 530 3152 Alphonsi
543 3102 659 3152 Regis
682 3102 849 3152 scriptis,
863 3113 964 3152 quae
979 3103 1042 3142 vel

95 3162 301 3212 Hispanica
329 3163 461 3213 lingua
483 3165 701 3214 composuit
731 3165 816 3202 sive
844 3165 1039 3214 carmine,

96 3223 183 3262 sive
196 3233 327 3274 prosa,
344 3227 546 3276 speciatim
562 3227 709 3277 Legum
723 3226 907 3277 Corpore,
924 3238 1042 3278 expe-

97 3283 288 3325 ditionum
304 3286 573 3329 Cruciatarum
590 3288 773 3337 Historia,
788 3291 827 3326 et
850 3289 1039 3328 Historiae

1125 259 1355 310 Hispanicac
1375 259 1567 311 generalis
1589 259 1767 311 partibus
1786 257 1941 297 duabus
1959 269 2038 296 una
2053 269 2077 296 a

1126 320 1264 360 Gentis
1283 322 1496 371 originibus
1520 332 1648 372 usque
1670 321 1720 360 ad
1742 320 1903 360 Annum
1924 320 2075 360 CHristi

1129 383 1205 420 893
1238 387 1278 422 et
1299 384 1423 422 altera
1446 395 1573 434 usque
1596 382 1646 422 ad
1667 381 1829 422 Annum
1851 382 1953 422 4252
1970 411 1979 429 ,
2003 392 2077 420 nec

1127 456 1205 483 non
1224 445 1272 484 de
1296 446 1468 497 scriptis,
1489 457 1589 496 quae
1612 457 1662 484 ex
1689 444 1853 484 Arabico
1873 443 1994 495 jussit
2012 444 2078 483 vel

1127 509 1166 546 in
1182 509 1372 555 Latinam,
1388 508 1452 546 vel
1468 509 1506 546 in
1522 509 1955 559 Hispanicamlinguam
1970 510 2079 548 tran-

1128 570 1240 608 sferri
1259 599 1267 618 ,
1289 570 1386 608 satis
1419 569 1514 607 mihi
1537 570 1711 618 videtur,
1731 570 1917 609 lectorem
1944 569 2079 607 remit-

1127 636 1209 670 tere
1223 631 1272 671 ad
1287 632 1427 670 Nicolai
1444 630 1603 670 Antonii
1618 632 1681 670 lib.
1697 633 1796 671 VIII.
1814 631 2074 671 Bibliothecae

1127 695 1274 733 veteris
1296 694 1490 743 Hispanae
1510 704 1593 743 cap.
1618 694 1653 732 5.

1183 754 1386 794 Ordinatio
1401 753 1712 794 ALPHONSINA
1728 755 1776 794 ab
1791 754 1991 806 Alphonso
2006 756 2079 794 Co-

1127 818 1221 856 mite
1237 817 1472 856 Pictaviensi
1495 822 1535 856 et
1549 817 1738 856 Tolosano
1757 829 1945 856 concessa
1963 817 2077 857 Anno

1130 878 1244 918 4270.
1268 879 1390 918 Villae
1410 880 1545 918 Riomo
1564 879 1762 918 Dioecesis
1782 880 1822 916 in
1845 879 1968 918 Gallia
1991 879 2079 918 Cla-

1130 942 1415 990 romontensis,
1445 945 1576 980 exstat
1609 941 1755 980 Gallice
1788 945 1828 980 et
1860 942 1995 980 Latine
2030 941 2079 980 ad

1127 1003 1275 1041 calcem
1289 1004 1310 1041 J
1314 1005 1396 1043 uris
1415 1004 1760 1044 Consuetudinarii
1775 1005 1884 1055 regni
1903 1005 2080 1042 Hieroso-

1127 1064 1308 1115 lymitani
1327 1065 1401 1105 An.
1424 1067 1525 1106 4099
1550 1065 1654 1117 quod
1674 1067 1748 1106 sub
1768 1066 1899 1105 titulo:
1919 1065 2078 1106 Assises

1127 1131 1167 1165 et
1191 1124 1286 1167 bons
1308 1139 1451 1180 usaqes
1472 1127 1527 1168 du
1549 1131 1746 1180 Royaume
1765 1128 1812 1166 de
1833 1127 2078 1177 Jerusalem,

1127 1188 1272 1228 Gallice
1293 1191 1420 1229 lucem
1440 1190 1539 1230 vidit
1561 1192 1701 1242 Burgis
1720 1191 1821 1230 4690
1835 1190 1897 1229 fol.
1914 1195 2079 1230 curante

1128 1251 1245 1302 Gasp.
1257 1252 1497 1292 Thavmasio
1512 1253 1560 1292 de
1576 1254 1867 1302 Thavmasiere‚
1878 1255 1945 1304 qui
1959 1255 2078 1292 etiam

1129 1313 1448 1354 Consvetudines
1483 1316 1785 1355 Bellovacenses
1819 1315 2079 1366 Philipphide

1128 1377 1387 1415 Beaumanoir
1400 1375 1473 1416 An.
1492 1378 1606 1417 4283.
1622 1378 1772 1417 Gallice
1792 1377 1991 1429 adjunxit,
2011 1389 2080 1416 no—

1128 1438 1258 1488 tisque
1277 1443 1317 1477 ct
1339 1439 1526 1489 glossario
1550 1441 1773 1478 illustravit.

1180 1498 1471 1540 ALPHONSUS
1488 1502 1638 1553 Vargas
1660 1502 1896 1552 Toletanus,
1920 1502 2078 1542 Ordinis

1124 1562 1393 1603 Eremitarum
1431 1564 1469 1603 S.
1509 1563 1741 1615 Augustini,
1768 1565 1986 1616 Episcopus
2007 1565 2078 1604 Hi-

1127 1624 1334 1677 spalensis,
1343 1626 1555 1666 defunctus
1568 1626 1683 1666 Anno
1694 1629 1708 1666 4
1719 1627 1807 1666 359.
1823 1626 1947 1678 Cujus
1963 1628 2078 1666 Com-

1128 1689 1365 1726 mentarium
1390 1689 1429 1726 in
1458 1689 1684 1728 Sententias
1713 1694 1905 1729 memorat
1925 1689 2078 1729 Trithe-

1127 1749 1231 1788 mius
1253 1759 1336 1800 cap.
1359 1750 1447 1789 644.
1471 1751 1520 1788 Ιη
1544 1749 1691 1789 librum
1713 1751 1892 1802 primum
1919 1752 2077 1791 Senten-

1129 1810 1298 1860 tiarum,
1321 1823 1440 1862 quem
1473 1811 1547 1852 An.
1583 1814 1685 1852 4345
1718 1813 1961 1853 auditoribus
1993 1815 2076 1853 suis

1130 1873 1347 1913 dictaverat
1359 1875 1527 1923 Parisiis,
1543 1875 1671 1915 lucem
1679 1875 1778 1914 vidit
1789 1876 1964 1914 Venetiis
1974 1877 1988 1915 4
2000 1876 2074 1914 490

1127 1935 1189 1974 fol.
1213 1936 1258 1974 In
1285 1934 1537 1975 Aristotelem
1560 1936 1608 1976 de
1635 1938 1766 1976 anima
1798 1939 2048 1988 quaestiones
2064 1967 2073 1981 ,

1125 1998 1353 2037 Vincentiae
1387 1999 1489 2038 4508
1508 2003 1548 2038 et
1582 1999 1758 2037 Venetiis
1794 2001 1895 2039 4565
1932 1999 1993 2038 fol.
2031 2005 2075 2039 ut

1126 2059 1273 2098 inedita
1286 2061 1325 2097 in
1335 2060 1507 2110 reliquos
1520 2061 1815 2099 Sententiarum
1832 2061 1949 2100 libros
1964 2064 2078 2101 omit-

1124 2125 1219 2160 tam.
1243 2121 1340 2160 Vide
1362 2122 1562 2161 Nicolaum
1580 2115 1798 2162 Antonium
1827 2127 1921 2162 tom.
1944 2124 1990 2163 II.
2014 2125 2077 2163 Bi-

1122 2182 1339 2223 bliothecae
1362 2186 1509 2224 veteris
1531 2185 1725 2236 Hispanae
1752 2197 1838 2237 pag.
1864 2186 1952 2225 443.

1174 2243 1467 2285 ALPHONSUS
1503 2247 1532 2285 I.
1565 2246 1794 2286 Lusitaniae
1824 2248 1925 2296 Rex,
1961 2247 2076 2299 cujus

1124 2306 1426 2347 Constitutiones
1443 2307 1612 2347 militum
1630 2310 1670 2349 S.
1688 2308 1906 2359 Michaelis,
1929 2311 2013 2349 sive
2030 2310 2077 2349 de

1120 2367 1197 2407 Ala
1216 2368 1290 2408 An.
1314 2371 1415 2410 4466
1449 2371 1719 2422 promulgatae
1756 2376 1916 2410 exstant
1934 2373 1973 2410 in
1997 2373 2078 2410 Pri-

1076 2476 1079 2477 7
1119 2432 1273 2482 vilegiis
1310 2432 1468 2471 Ordinis
1500 2434 1793 2482 Cisterciensis,
1817 2433 2073 2484 Ant-werpiae

1125 2494 1238 2532 4630.

1173 2552 1417 2594 ALPHONSI
1454 2557 1500 2594 II.
1533 2554 1713 2606 Epistola
1745 2556 1794 2595 ad
1824 2557 1988 2595 Lucium
2025 2558 2070 2596 II.

1119 2616 1262 2665 Papam
1285 2616 1376 2655 data
1398 2616 1512 2656 Anno
1538 2618 1639 2657 4480
1660 2629 1738 2668 qua
1762 2630 1927 2668 regnum
1952 2629 2071 2658 suum

1118 2676 1314 2716 Romanae
1338 2679 1537 2716 Ecclesiae
1561 2679 1810 2717 tributarium
1837 2682 2068 2726 constituit,

1119 2749 1210 2776 cum
1230 2739 1337 2777 Lucii
1354 2749 1541 2788 responso
1562 2739 1667 2790 apud
1682 2740 1886 2779 Baluzium
1906 2746 1999 2780 tom.
2022 2743 2066 2781 II.

1122 2799 1279 2837 Miscell.
1304 2810 1388 2849 pag.
1412 2800 1486 2838 220
1509 2811 1589 2850 seq.

1167 2860 1458 2900 ALPHONSUS
1488 2861 1533 2900 de
1568 2864 1607 2902 S.
1653 2865 1811 2914 Maria,
1848 2866 2067 2917 Episcopus

1117 2924 1349 2973 BurgensiS,
1366 2925 1432 2972 qui
1452 2922 1567 2962 Anno
1585 2925 1685 2964 4456
1705 2926 1809 2965 diem
1833 2927 1936 2965 obiit.
1955 2929 2068 2967 Prae-

1115 2989 1176 3023 ter
1199 2985 1343 3034 scripta
1378 2986 1600 3035 Hispanico,
1621 2986 1973 3040 Defensoriumque
2000 2992 2031 3029 F
2034 2991 2063 3029 i-

1116 3045 1192 3093 dei,
1213 3051 1252 3083 et
1275 3046 1347 3085 alia
1374 3047 1534 3096 inedita,
1551 3059 1651 3098 quae
1675 3061 1696 3088 a
1720 3051 1873 3090 Nicolao
1896 3052 2065 3092 Antonio

1116 3112 1221 3145 tomo
1235 3108 1280 3146 11.
1300 3108 1560 3149 Bibliothecae
1576 3111 1805 3161 Hispanicac
1815 3115 1963 3153 veteris
1976 3127 2061 3167 pag.

1119 3168 1193 3207 473
1228 3175 1501 3219 recensentur,
1526 3173 1661 3228 Latine
1684 3176 1904 3225 composuit
1924 3187 2065 3216 anace-

1106 3229 1342 3281 phalaeosin
1376 3233 1527 3284 Regum
1556 3235 1779 3286 Hispaniae,
1798 3237 2062 3278 Romanorum

1111 3293 1413 3345 Imperatorum,
1439 3298 1695 3338 Summorum
1729 3299 1987 3349 Pontificum,
2012 3313 2059 3340 ex
