2500 3841
872 197 1374 243 BERTHOLDUS
2045 219 2126 259 223

125 260 226 298 bunt
248 258 484 297 Ratisbonae
508 261 780 310 septendecim
799 263 1086 306 voluminibus.

126 321 148 343 ’Κ
161 321 251 359 Iam
274 319 399 357 lucem
416 317 620 370 publicam
643 322 834 362 viderunt
853 337 916 364 an.
943 330 1059 367 1739.

176 381 510 420 BERTHOLDUS
533 383 748 423 Monachus
771 386 811 424 S.
838 387 953 436 Galli,
970 389 1087 439 cujus

122 441 325 480 annotatio
345 440 392 479 de
413 440 636 482 Abbatibus
655 446 891 486 monasterie
916 451 956 488 S.
983 450 1091 489 Galli

123 504 174 542 ab
196 502 311 541 Anno
336 503 439 542 1199
459 503 507 541 ad
530 505 633 544 1292
656 507 760 556 apud
776 509 1010 549 Goldastum
1031 516 1090 549 to-

80 591 82 593 -
123 575 189 603 mo
209 565 337 615 primo
375 575 510 603 rerum
534 565 884 608 Alemannicarum
908 582 994 621 pag.
1025 573 1087 610 92.

122 626 213 664 Fuit
236 629 277 664 et
296 625 429 664 Abbas
454 627 494 665 S.
517 627 619 666 Galli
655 629 892 670 Bertkoldus
926 632 974 671 de
1004 633 1091 672 Fal-

121 686 347 736 ckenstein,
373 689 444 727 sed
467 691 499 727 is
518 687 601 739 jam
630 688 705 729 An.
732 692 835 731 1272
859 693 964 732 diem
994 694 1088 732 obiit-

122 753 167 787 ut
181 748 286 800 apud
303 750 477 790 eundem
493 752 728 792 Goldastum
745 754 879 793 videre
895 759 969 793 est.
980 756 1087 805 p.93.

173 811 212 849 S.
236 811 570 852 BERTHOLDUS
593 814 726 853 Abbas
745 815 999 855 Garsthensis
1021 817 1090 855 de-

119 871 283 911 functus
293 872 367 912 An.
386 876 503 913 1130.
523 874 640 925 cujus
660 878 743 915 vita
759 877 865 916 edita
885 878 934 916 ab
948 877 1088 916 eodem

118 933 308 974 Gretscro
323 946 415 974 cum
431 941 603 986 quatuor
619 938 856 976 S.Bernardi
873 938 1088 989 opusculis.

118 995 348 1045 Ingolstadii
398 998 526 1047 1617,
559 1000 579 1037 4
610 1004 650 1038 et
679 1001 717 1037 in
753 999 866 1039 Actis
909 1000 1091 1038 Sanctor.

118 1055 170 1096 27
199 1058 277 1096 Jul.

169 1120 806 1170 BERTHOLDUSchaisberch,
825 1122 968 1160 vitiose
984 1118 1090 1170 apud

118 1181 140 1218 J
143 1183 338 1220 amesium
347 1182 512 1222 BEREA
519 1185 647 1222 LDUS
656 1183 830 1222 :Ordinis
842 1181 1089 1221 Praedicato-

117 1253 225 1291 rum,
250 1243 474 1295 Theologus
497 1249 538 1284 et
554 1245 819 1296 Philosophus
834 1245 966 1283 clarus
981 1245 1086 1282 circa

117 1302 399 1345 Annum4454
422 1308 520 1356 (non
539 1307 641 1345 1320
665 1310 711 1345 31
735 1307 909 1356 Gangius
926 1317 976 1345 ex
992 1307 1086 1344 Pos-

118 1366 277 1404 sevino:
316 1378 390 1406 nec
434 1370 538 1407 4355
580 1372 626 1407 ut
670 1367 894 1415 Altamura)
925 1368 1085 1418 scripsit

118 1427 325 1466 Summam
351 1427 595 1480 Theoloyiae,
634 1433 676 1468 et
713 1429 754 1467 in
792 1427 1084 1479 Philosophiam

121 1487 316 1528 Platonis:
347 1494 388 1528 et
434 1490 731 1530 Commentaria
762 1490 801 1528 in
825 1489 973 1529 librum
995 1489 1086 1528 Ele-

120 1553 345 1589 mentorum
367 1551 389 1574 *
409 1551 557 1600 Procli,
579 1553 688 1591 MSta
704 1553 881 1592 Oxoniae
901 1553 940 1590 in
959 1552 1086 1591 Colle-

117 1613 180 1663 gio
202 1613 445 1652 Balliolensi:
464 1618 505 1652 et
525 1613 566 1652 in
585 1617 665 1654 tres
683 1613 807 1653 libros
821 1615 1084 1653 Meteororam

120 1672 361 1724 Aristotelis,
386 1675 453 1714 ubi
488 1675 536 1714 cle
566 1675 658 1727 polo
682 1676 816 1725 iridis,
851 1676 937 1714 sive
967 1686 1084 1714 arcus

120 1736 305 1775 coelestis
327 1741 478 1776 centro.
501 1738 600 1777 Vide
628 1739 819 1778 Jacobum
856 1736 1084 1776 Echardum

120 1798 253 1836 tom.21
277 1791 365 1848 pag]
390 1800 461 1839 811
490 1811 602 1850 seqq.

173 1859 508 1900 BERTHOLDUS
551 1861 768 1900 Monachus
806 1858 1082 1909 Micc‘acen'sz’s,

121 1919 280 1959 Ordinis
301 1922 522 1971 Benedicti,
540 1924 580 1961 in
604 1924 809 1962 Provincia
826 1922 1081 1973 Lugdunensi

121 1983 282 2033 scripsit
307 1983 434 2022 Vitam
456 1986 496 2024 S.
518 1983 750 2033 Maximini,
767 1984 933 2023 Abbatis
955 1984 1086 2022 Micia-

119 2045 252 2083 censis
268 2075 278 2095 ,
301 2056 394 2084 cum
424 2048 599 2086 carmine
626 2043 846 2098 praemisso
865 2045 913 2084 ad
942 2046 1085 2084 Jonam

119 2105 450 2146 Aurelianensem
475 2108 525 2147 ab
552 2107 667 2147 Anno
705 2109 775 2147 821
803 2107 852 2146 ad
877 2107 953 2145 843
992 2108 1086 2157 Epi-

120 2179 298 2220 scopum.
322 2170 457 2209 Edidit
483 2171 732 2209 Mabillonius
754 2169 842 2208 Act.
867 2169 936 2208 SS.
962 2170 1087 2207 Bene-

120 2231 255 2270 dictin.
280 2236 374 2270 tom.
399 2234 428 2271 I.
449 2243 536 2283 pag.
561 2233 650 2271 5921.

173 2294 509 2334 BERTHOLDUS
541 2294 935 2345 Reginoburgensis,
973 2294 1083 2340 sive,

119 2353 416 2395 Racisbonensis
431 2368 510 2394 non
525 2356 686 2395 Ordinis
702 2355 1021 2394 Praedicatorum
1040 2358 1084 2392 ut

119 2418 265 2456 Bzovio
295 2419 431 2456 visum
460 2417 509 2455 ad
544 2416 707 2457 Annum
743 2417 844 2456 1253
879 2427 988 2455 num.
1014 2416 1084 2453 XI.

122 2478 192 2516 sed
212 2479 501 2517 Franciscanus
525 2477 569 2501 ἦ*
591 2479 676 2517 sive
696 2478 855 2516 Ordinis
887 2479 1080 2515 Minorum

121 2538 336 2578 defunctus
359 2540 398 2577 in
427 2540 554 2589 patria
582 2538 657 2577 An.
683 2538 798 2577 1272.
823 2540 990 2576 Tantam
1015 2537 1084 2575 ha-

120 2602 257 2640 buisse
273 2600 449 2652 qratiam
466 2599 707 2650 predicandi
726 2600 896 2638 traditur
919 2600 967 2638 ab
982 2602 1084 2639 llen-

121 2664 201 2702 rico
225 2663 390 2702 Sterone
416 2663 456 2699 in
480 2661 700 2700 Annalibus
722 2661 771 2699 ad
795 2661 954 2700 Annum
980 2662 1081 2701 1253

121 2729 165 2764 ut
187 2735 303 2776 saepe
330 2723 385 2762 ad
407 2734 496 2762 eam
522 2721 764 2760 audiendum
786 2721 1002 2772 plusquam
1024 2734 1085 2762 se-

120 2787 294 2839 oeaqinta
315 2784 441 2824 millia
463 2783 663 2822 hominum
686 2783 950 2821 convenirent.
970 2785 1085 2823 Prae-

123 2854 186 2889 ter
203 2850 412 2889 Sermones
436 2845 484 2885 de
507 2848 686 2895 tempore
708 2848 748 2882 ct
767 2843 816 2881 de
838 2844 994 2882 Sanctis
1013 2846 1081 2894 qui

120 2912 276 2962 Lipsiae
299 2911 337 2947 in
358 2908 518 2948 Paulina
540 2910 581 2944 et
603 2906 690 2944 aliis
714 2906 750 2942 in
772 2905 868 2943 locis
887 2906 982 2943 MSti
1000 2916 1083 2943 scr-

121 2977 285 3020 vantur,
305 2971 464 3021 scripsit
484 2969 627 3007 librum
643 2966 689 3005 cle
709 2965 946 3004 institutione
973 2965 1080 3004 Vicae

122 3033 343 3086 reliqiosae.
367 3032 476 3071 Idem
497 3031 634 3080 utiquc
652 3029 811 3067 videtur
830 3028 1078 3077 Bertholdus,

176 3176 197 3199 ³*
218 3172 438 3226 ςοιχεὶωσιν
456 3167 715 3216 Θεολογικνῖν,
737 3170 776 3202 de
800 3177 865 3209 qua
903 3173 982 3202 tom.
1013 3170 1082 3200 vul

117 3236 343 3270 Bibliothecae
365 3235 512 3268 Graecae
535 3243 610 3275 pag.
633 3232 707 3264 516.

181 3286 211 3306 ··
227 3287 306 3318 vide
321 3285 490 3317 oudinum
508 3289 587 3316 tom.
607 3285 648 3313 111
663 3307 674 3322 ,
695 3289 768 3322 pag.
787 3279 848 3312 445
864 3286 932 3318 seq.

1160 271 1222 308 cui
1239 272 1362 312 David
1381 274 1429 312 de
1446 273 1627 325 Augusta
1646 278 1854 321 formulam
1875 285 2123 325 Novitioruin

1160 330 1331 381 dicavit,
1354 340 1457 374 inter
1476 338 1692 378 Bernhardi
1715 342 1868 393 Opera,
1894 357 2015 397 supra
2034 360 2121 399 pag.

1161 393 1237 431 615
1261 400 1301 432 01
1324 400 1417 434 tom.
1443 399 1552 437 XXV
1571 401 1834 443 Bibliothecae
1854 408 2016 447 Patrum
2035 421 2121 460 pag.

1159 454 1248 492 868.
1265 457 1439 496 Fratrem
1456 461 1789 510 appellans,unde
1801 468 1971 506 concidit
1987 481 2122 519 causa,

1161 513 1209 551 ob
1224 527 1344 564 quam
1363 520 1612 571 Waddingus
1629 524 1667 561 in
1687 525 1908 566 Annalibus
1927 532 2123 570 Minorum

1160 575 1209 612 ad
1240 576 1402 617 Annum
1439 580 1534 620 1271
1567 594 1676 622 num.
1701 586 1744 625 21
1776 586 1824 626 (10
1847 590 1922 628 3110
1945 594 2122 642 cogitan-

1163 636 1258 675 dum
1284 650 1374 677 esse
1399 641 1471 678 sibi
1499 646 1668 692 putavit.

1213 700 1544 740 BERTllOLDUS
1580 705 1850 756 Zwe'faltenst's
1877 712 2009 752 Abbas
2028 717 2125 754 scri-

1161 760 1240 808 psit
1263 760 1407 799 librum
1423 761 1472 800 de
1488 765 1637 813 origine
1653 768 1877 809 Monasterii
1894 775 2122 815 Zwifalten-

1161 819 1242 867 sis,
1263 832 1383 869 quem
1409 823 1445 859 in
1485 825 1758 867 testimonium
1797 833 1890 870 citat
1930 847 2120 888 persaepe

1160 880 1352 919 Martinus
1375 883 1543 923 Crusius
1563 887 1601 924 in
1627 887 1848 930 Annalibus
1886 895 2120 938 Svevorum.

1219 941 1258 979 S.
1282 944 1667 988 BERTOWALDUS
1682 951 1690 999 (
1706 952 1834 991 Bedac
1850 955 2121 1007 Bere-luvaldc,

1166 1001 1253 1039 aliis
1276 1003 1563 1046 Berchwaldus
1591 1011 1636 1058 a)
1659 1012 1722 1050 vel
1751 1014 2047 1067 Brihtwaldus)
2072 1033 2122 1059 ex

1164 1064 1352 1104 Monacho
1385 1067 1644 1109 Glasconensi
1680 1072 2012 1128 Archiepiscopus
2035 1087 2124 1130 post

1166 1125 1416 1168 Theodorum
1452 1129 1527 1169 An.
1566 1132 1641 1172 692
1677 1134 2002 1189 CantuariensiS,
2027 1145 2123 1180 scri-

1161 1189 1241 1237 psit
1260 1189 1431 1229 Lelando
1453 1204 1538 1243 cap.
1564 1194 1613 1232 62
1638 1199 1741 1235 teste
1765 1198 1941 1239 libellum
1965 1201 2012 1240 de
2040 1204 2119 1242 ore'-

1155 1259 1181 1299 9
1187 1248 1246 1288 ine
1255 1254 1293 1288 cc
1299 1251 1536 1292 institucione
1544 1255 1600 1292 Eo
1606 1257 1870 1299 veslzamensis
1876 1263 2118 1314 Monasterc'e',

1159 1311 1198 1348 in
1214 1314 1380 1361 gratiam
1404 1315 1595 1365 Ecgvini,
1619 1319 1802 1371 Episcopi
1828 1323 2082 1364 Wicciorum.

1211 1374 1497 1414 BERTINIANI
1508 1376 1683 1418 Annales
1701 1382 1845 1431 Requm
1854 1384 2119 1437 Francorum,

1157 1434 1206 1472 ab
1227 1434 1342 1474 Anno
1366 1438 1435 1476 741
1467 1438 1514 1476 ad
1536 1440 1613 1479 882
1636 1453 1686 1480 ex
1710 1448 1871 1482 vetusto
1894 1447 2118 1487 Monasterii

1158 1496 1197 1534 S.
1222 1498 1370 1535 Bertini
1387 1500 1528 1538 Codice
1545 1502 1696 1551 vulgati
1714 1504 1761 1542 ab
1778 1504 1933 1546 Andrea
1950 1508 2003 1547 du
2017 1510 2120 1549 Che-

1158 1569 1230 1596 sne
1252 1563 1347 1597 tom.
1372 1561 1450 1609 111,
1474 1573 1561 1612 pag.
1598 1564 1772 1604 150-261
1801 1571 1841 1604 et
1864 1579 1884 1605 a
1908 1570 2118 1611 Muratorio

1159 1620 1196 1657 in
1222 1624 1329 1659 tomo
1349 1622 1523 1661 secundo
1546 1625 1783 1674 scriptorum
1802 1628 1954 1677 ltaliae,
1976 1632 2120 1682 Corpo-

1159 1682 1214 1719 ris
1228 1682 1532 1722 Mediolanensis
1547 1696 1634 1735 pag.
1654 1687 1728 1725 490
1747 1686 2008 1740 Appendicem
2024 1705 2118 1732 vero

1157 1743 1321 1782 alterius
1345 1745 1555 1796 Scriptoris
1570 1747 1619 1785 ab
1638 1746 1753 1786 Anno
1777 1750 1853 1787 883
1865 1751 1913 1789 ad
1939 1754 2014 1791 900
2031 1755 2120 1793 vul-

1156 1805 1265 1854 gavit
1287 1806 1485 1846 Freherus
1508 1812 1602 1846 tom.
1624 1811 1638 1848 Ι
1660 1811 1898 1860 scriptorum
1915 1813 2120 1854 Germani-

1156 1876 1294 1904 corum
1328 1878 1414 1917 pag.
1444 1869 1573 1908 46-55
1601 1875 1640 1908 et
1663 1882 1712 1909 ex
1737 1872 1905 1911 Frehero
1937 1874 2118 1915 Andreas

1157 1926 1211 1965 du
1231 1927 1390 1966 Chesne
1406 1933 1499 1967 tom.
1520 1931 1553 1968 ΙΙ
1569 1961 1578 1980 ,
1595 1942 1680 1982 pag.
1700 1932 1776 1971 575
1799 1934 1848 1971 ad
1871 1935 2019 1974 calcem
2036 1936 2117 1975 An-

1159 1989 1309 2027 nalium
1329 1990 1606 2030 Fuldensium:
1623 1997 1663 2031 et
1680 1993 1864 2033 laudatus
1880 1997 2116 2036 Muratorius

1158 2053 1252 2087 tom.
1277 2051 1311 2088 11
1346 2052 1585 2101 scriptorum
1616 2054 1751 2092 ltaliae
1788 2066 1874 2106 pag.
1901 2057 1990 2095 570.
2020 2060 2122 2109 Sup-

1158 2111 1406 2161 plementum
1430 2114 1550 2151 etiam
1575 2113 1683 2152 Anni
1707 2116 1776 2154 901
1809 2116 1931 2154 edidit
1955 2119 2121 2157 iilustris

1159 2172 1378 2211 Leibnitius
1398 2177 1426 2211 t.
1443 2174 1470 2211 I.
1496 2175 1704 2214 Brunsvic.
1730 2177 1908 2226 scriptor.
1930 2190 1968 2228 p.
1986 2180 2062 2218 192
2081 2186 2121 2218 ct

1163 2245 1211 2271 ex
1229 2245 1274 2271 eo
1290 2234 1546 2274 Burchardus
1563 2236 1742 2275 Gotthelf
1759 2238 1946 2277 Struvius
1964 2241 2002 2277 in
2019 2252 2120 2280 nova

1161 2295 1322 2333 Freheri
1342 2296 1514 2335 editione
1539 2301 1632 2336 tom.
1659 2299 1673 2336 I
1692 2327 1700 2346 ,
1729 2310 1814 2349 pag.
1836 2298 1885 2337 70
1910 2302 1977 2349 qui
2000 2303 2119 2340 etiam

1158 2355 1208 2395 ad
1231 2357 1489 2407 appendicem
1513 2359 1619 2397 illam
1641 2371 1727 2410 pag.
1752 2362 1801 2399 53
1822 2371 1904 2410 seq.
1925 2364 2091 2401 contulit
2109 2393 2118 2411 ,

1158 2429 1259 2467 quae
1284 2419 1518 2458 Lambccius
1543 2421 1606 2458 lib.
1633 2421 1656 2459 2
1679 2433 1765 2471 pag.
1789 2423 1970 2460 3511—358
1994 2424 2119 2472 publi-

1156 2484 1317 2517 caverat
1336 2491 1385 2518 ex
1407 2480 1549 2518 Codice
1570 2482 1763 2519 Caesareo
1779 2482 1826 2519 ab
1845 2481 1959 2520 Anno
1977 2484 2053 2520 882
2068 2485 2117 2521 ad

1157 2538 1247 2577 887.
1265 2541 1371 2578 Bene
1388 2545 1522 2579 autem
1548 2543 1700 2579 notavit
1721 2542 1775 2580 du
1799 2543 1997 2581 Chesnius
2025 2546 2118 2582 Ber-

1156 2601 1326 2638 tinianos
1350 2600 1526 2639 Annales
1551 2603 1589 2639 in
1610 2613 1656 2640 eo
1679 2602 1834 2640 differre
1859 2614 1881 2640 a
1911 2603 2117 2642 Fuldcnsi-

1156 2660 1230 2698 bus
1246 2662 1332 2698 sive
1351 2662 1591 2710 Moguntinis
1606 2693 1616 2709 ,
1637 2662 1740 2711 quod
1766 2662 2021 2701 Fuldcnsium
2046 2676 2115 2702 au—

1156 2726 1241 2759 ctor
1259 2722 1398 2759 Carolo
1422 2722 1544 2760 Calvo
1564 2724 1802 2760 Francorum
1823 2724 1914 2772 chi
1935 2723 1982 2761 ad
2007 2725 2115 2763 calu-

1156 2783 1303 2820 mniam
1329 2793 1457 2832 usquc
1483 2783 1641 2832 iniquus
1671 2784 1820 2820 extitit:
1848 2785 1964 2822 Porro
1989 2786 2026 2822 in
2053 2786 2114 2824 liis

1156 2843 1392 2881 Bertinianis
1428 2843 1476 2880 ab
1512 2843 1627 2880 Anno
1660 2844 1728 2881 74¹
1773 2843 1821 2880 ad
1859 2845 1935 2882 813
1973 2845 2110 2884 eadem

1155 2904 1280 2941 multa
1296 2914 1387 2941 cum
1410 2903 1629 2942 Annalibus
1650 2903 1836 2953 plcbcjis,
1859 2906 1944 2942 sive
1969 2907 2113 2945 Loisel-

1154 2965 1268 3002 lianis
1303 2975 1435 3002 rerum
1461 2966 1763 3011 Francicarum,
1791 2976 1888 3014 quos
1917 2965 2019 3004 idem
2053 2968 2106 3006 du

1152 3025 1310 3062 Chcsne
1326 3025 1506 3071 vulgavit
1523 3030 1615 3063 tom.
1633 3027 1678 3072 ll,
1691 3037 1775 3075 pag.
1790 3026 1937 3074 21503.
1959 3028 2108 3067 Deinde

1152 3087 1199 3125 ab
1219 3087 1294 3125 811
1316 3086 1362 3124 ad
1386 3086 1462 3122 8:30
1480 3087 1602 3124 multa
1626 3086 1763 3124 cadem
1777 3097 1868 3124 cum
1890 3086 2108 3127 Annalibus

1152 3146 1377 3199 liginhardi.
1405 3148 1445 3184 ln
1473 3151 1694 3198 temporum
1725 3148 1921 3186 notatione
1954 3160 2108 3187 errores

1208 3279 1241 3318 a)
1264 3282 1354 3310 Toni.
1373 3280 1396 3310 l.
1415 3278 1549 3317 Angliac
1567 3286 1678 3311 sacrae
1696 3287 1769 3318 pag.
1787 3277 1839 3309 85».
