2500 4009
463 198 538 235 170

462 272 501 307 et
524 267 685 306 lucerna
709 264 819 303 Jure's
859 260 1012 309 Civilis,
1049 259 1263 300 Moncirclia
1295 261 1406 300 Jure's

462 331 682 381 appellatus
707 333 790 364 tum
828 323 876 361 ab
912 323 999 362 aliis
1029 327 1112 361 tum
1137 333 1158 361 a
1183 322 1331 361 Thema
1359 323 1404 372 a)

466 390 724 442 liiplovatatio
747 387 908 430 Graeco,
926 384 1056 434 quide
1079 384 1194 422 claris
1209 385 1317 424 JCtis
1341 386 1411 423 La-

469 455 548 490 tine
572 450 742 499 scripsit.
766 452 806 485 et
831 448 868 484 in
893 446 954 484 his
978 447 1098 485 vitam
1134 445 1305 485 Bartholi
1335 451 1411 485 tra—

463 513 574 553 didit,
601 521 717 560 quam
743 509 933 558 integram
949 507 1035 545 dedi
1059 508 1121 546 lib.
1139 508 1186 546 Vl
1202 508 1296 546 Bibl.
1315 507 1410 546 Gre-

461 584 527 610 cae
566 582 648 621 cap.
674 571 696 607 6
735 573 828 607 tom.
852 570 924 608 xli
945 581 980 620 p.
1016 570 1102 608 555.
1134 580 1219 620 sqq.
1243 571 1316 608 Jus
1344 569 1410 607 do-

458 635 538 672 cuit
562 633 660 670 Pisis
681 636 721 670 et
745 633 910 680 Perusii,
936 631 1000 670 ubi
1024 633 1141 670 etiam
1179 630 1283 670 diem
1311 631 1405 669 obiit

458 696 572 734 Anno
597 694 696 733 1359
720 698 795 732 aet.
824 694 883 731 46.
910 694 963 732 De
987 694 1291 732 Commentariis
1318 691 1404 742 ejus

459 758 499 805 b)
527 758 565 795 in
587 758 659 795 Jus
682 757 804 796 Civile
828 761 866 794 et
891 757 1072 795 Consiliis
1091 758 1126 803 c)
1154 755 1254 794 idem
1279 754 1407 805 Diplo-

459 820 633 858 vat-atius
655 830 739 869 pag.
766 819 853 857 56i.
896 816 1154 865 Tiberiadem,
1190 818 1275 855 sive
1298 816 1406 855 libel-

460 882 541 920 lum
565 881 613 919 de
636 880 785 919 Tiberis
813 880 987 919 fluminis
1023 878 1280 925 anfractibus,
1309 877 1406 916 allu-

460 942 659 986 vionibus,
684 942 902 991 insulisque
943 952 1018 978 non
1044 940 1111 978 diu
1139 944 1230 978 ante
1255 938 1404 977 obitum

461 1005 630 1054 scripsit,
651 1002 865 1053 adjuvante
884 1000 1057 1040 Guidone
1077 1000 1262 1039 Perusino
1284 999 1408 1037 Theo-

463 1067 547 1113 logo
570 1078 613 1104 ac
638 1067 857 1103 Geometra.
883 1063 1042 1103 Librum
1077 1063 1194 1100 etiam
1218 1059 1264 1098 de
1293 1058 1408 1099 Guel-

457 1128 507 1178 fis
530 1140 577 1165 ac
602 1126 822 1175 Gibelle'ne's,
860 1136 979 1176 quem
1013 1123 1147 1163 laudat
1167 1121 1407 1161 Trithemius

461 1202 544 1240 cap.
570 1191 656 1228 637.
681 1190 813 1228 Alium
837 1187 882 1225 de
898 1184 1112 1237 insiynibus
1127 1188 1165 1224 et
1184 1182 1325 1231 armis,
1341 1183 1406 1233 qui

460 1263 550 1290 cum
576 1253 804 1302 repetitione
829 1249 877 1287 dc
898 1248 1194 1299 quaestionibus
1217 1250 1257 1284 et
1284 1249 1410 1284 tortu-

462 1315 516 1351 ris
541 1324 714 1352 excusus
738 1311 864 1363 Lugd.
882 1311 996 1350 4550.
1014 1311 1226 1349 Processus
1239 1308 1411 1346 Satanae

464 1379 601 1413 contra
624 1376 667 1412 B.
690 1374 898 1424 Viryinem,
915 1371 1055 1423 prodiit
1070 1371 1295 1410 llannoviae
1311 1369 1404 1408 1611

461 1438 497 1475 8.
540 1449 632 1476 cum
674 1436 818 1475 Udonis
859 1435 1038 1484 Tengleri
1079 1431 1408 1472 annotationibus.

460 1498 692 1537 Prohibetur
716 1499 753 1535 in
778 1496 903 1535 indice
925 1495 1162 1535 Madritensi.
1176 1496 1331 1533 Praeter
1347 1493 1411 1531 Di-

459 1561 717 1611 plovatatium
733 1559 844 1609 plura
860 1557 906 1596 de
923 1557 1104 1596 Bartholo
1117 1558 1173 1595 Jo.
1190 1554 1406 1594 Fichardus

459 1633 545 1672 pag.
584 1622 658 1661 412
695 1632 776 1670 seq.
818 1619 942 1659 Guido
978 1619 1218 1658 Pancirollus
1257 1618 1309 1664 11,
1346 1615 1407 1654 67.

459 1685 612 1723 Marcus
635 1685 790 1722 Mantua
815 1694 850 1732 p.
878 1682 951 1721 446
966 1692 1047 1730 seq.
1071 1681 1207 1718 Jovius
1222 1680 1259 1716 in
1275 1678 1410 1728 elogiis

463 1746 524 1784 ubi
549 1746 700 1795 efligies
724 1746 860 1790 etiam,
885 1745 987 1782 sicut
1015 1741 1119 1792 apud
1154 1739 1407 1780 Boissardum

461 1813 565 1844 tomo
582 1808 595 1844 l
614 1818 698 1856 pag.
716 1805 1033 1855 88.Augustinus
1046 1802 1235 1841 Oldoinus
1251 1802 1299 1841 de
1314 1802 1409 1840 scri-

459 1868 636 1918 ptoribus
659 1868 857 1905 Perusinis
881 1878 965 1916 pag.
989 1864 1036 1903 47
1060 1869 1101 1902 et
1123 1864 1243 1915 gloria
1257 1862 1407 1902 Acade-

457 1930 558 1967 miae
582 1929 787 1978 Pragensis
809 1940 845 1978 p.
870 1929 957 1966 2ll5.
975 1926 1257 1965 Almelovcenii
1273 1935 1405 1964 amoe-

460 1991 604 2028 nitates
620 1988 1133 2040 Theologieo-Philologicae
1159 1998 1244 2038 pag.
1260 1987 1312 2025 75
1323 1997 1406 2037 seq.

463 2055 503 2088 ct
531 2055 630 2088 caet.

519 2114 535 2131 ¹⁵
564 2112 727 2149 L’nicum
748 2112 833 2149 eius
855 2110 1062 2148 consilium
1086 2109 1200 2159 paulo
1227 2113 1316 2159 post
1341 2119 1409 2146 au-

461 2172 584 2209 thoris
622 2172 769 2210 obitum
808 2172 998 2221 scriptum
1031 2171 1122 2208 olim
1153 2169 1248 2208 mihi
1275 2180 1411 2208 occur-

467 2235 516 2270 rit
539 2233 718 2271 Biblioth.
742 2234 1035 2272 Malatestarum
1072 2232 1271 2270 Caesenae
1312 2231 1410 2268 invi-

461 2296 574 2332 senti.
597 2296 687 2332 Post
711 2295 868 2333 titulum
889 2293 1048 2332 additur
1070 2292 1183 2331 cuius
1200 2291 1334 2330 anima
1349 2303 1411 2329 re-

461 2356 638 2406 quiescat
663 2356 699 2393 in
718 2367 829 2406 pace.
860 2355 1047 2394 Eiusdem
1070 2354 1247 2393 authoris
1270 2357 1412 2392 tracta-

460 2423 525 2456 tus
546 2429 616 2456 seu
641 2416 738 2455 liber
761 2417 1040 2456 Minor-iturum
1063 2420 1247 2455 servatur
1263 2417 1301 2453 in
1317 2414 1410 2454 Cod.

460 2480 562 2518 1162
588 2481 722 2517 Latino
747 2479 1005 2518 Bibliothecae
1026 2478 1299 2517 Universitatis
1313 2477 1412 2515 Tau-

461 2542 641 2579 rinensis.
666 2542 739 2579 list
762 2546 896 2580 autem
919 2540 1153 2591 opusculum
1187 2550 1281 2577 num
1312 2536 1411 2576 bona

458 2601 684 2641 saecularia
711 2602 858 2642 virtute
894 2601 1115 2641 testamenti
1151 2600 1205 2639 ad
1238 2599 1410 2639 minores

458 2664 638 2702 devenire
656 2665 820 2716 possint.
845 2664 1026 2704 Nondum
1064 2663 1254 2714 prodiisse
1282 2662 1409 2701 credo.

461 2728 675 2766 I’rocessus
698 2729 871 2766 Satanae
889 2729 1027 2764 contra
1050 2726 1093 2763 B.
1123 2724 1316 2776 Viryz'item
1330 2735 1412 2762 ser-

461 2801 510 2827 vo
534 2789 636 2840 apud
659 2801 720 2827 me
744 2802 791 2827 ex
818 2789 1092 2827 vetustissima
1121 2787 1289 2826 editione
1319 2787 1356 2824 in
1388 2787 1409 2824 4

462 2851 610 2900 absque
628 2850 876 2889 adnotatione
894 2851 984 2888 anni
1001 2854 1041 2888 et
1056 2850 1139 2888 loci.
1157 2848 1385 2888 inscribitur
1402 2861 1408 2885 :

463 2911 669 2949 Tractatus
684 2911 991 2962 procuratorias
1015 2910 1141 2950 editus
1163 2908 1236 2950 sub
1259 2908 1409 2948 nomine

521 3011 553 3048 a)
578 3010 668 3042 Obiit
695 3009 749 3042 hic
783 3010 1022 3051 Diplovatatius
1046 3011 1271 3051 nonagenario
1304 3010 1408 3048 major

454 3062 512 3089 An.
537 3059 628 3090 1554.

512 3107 547 3144 b)
568 3108 721 3140 prodiere
755 3111 902 3149 quinque
927 3110 1187 3151 praegrandibus
1208 3109 1339 3141 volum.
1380 3109 1413 3139 in

456 3156 509 3186 toi.
532 3160 673 3188 venetiis
710 3158 788 3189 1175
816 3168 907 3199 seqq.
931 3161 1026 3191 Basii.
1052 3160 1130 3191 1569.
1152 3168 1187 3191 ez
1218 3160 1414 3191 recensione

456 3205 565 3234 Jacobi
589 3207 776 3239 ‹Joncevatii
800 3213 831 3240 et
859 3212 970 3240 venet.
994 3218 1070 3241 cum
1095 3211 1181 3241 notis
1221 3207 1336 3241 iacobi
1373 3206 1413 3238 de

459 3253 558 3282 bottis
579 3259 610 3283 et
634 3258 718 3287 Petri
742 3258 937 3296 Mangrellae
965 3263 999 3291 Α.
1025 3258 1116 3298 1596,
1145 3258 1235 3291 1615.

517 3300 546 3337 c)
572 3303 659 3337 itoui.
685 3304 763 3336 1178
784 3310 847 3339 etc.

1214 189 1663 230 BARTOLFUS

1479 261 1636 301 Diaboli
1653 262 1807 315 quando
1820 264 1932 315 petiit
1936 266 1958 317 j
1963 265 2136 305 ustitiam
2149 278 2285 307 coram
2292 269 2381 319 Deo,
2390 274 2426 310 et

1480 324 1647 376 B.1›’ae·rqo
1663 326 1713 365 Μ.
1723 337 1764 365 se
1783 326 1962 377 opposuit
1980 331 2117 366 contra
2131 327 2259 381 ipsum
2271 334 2309 369 'et
2332 329 2426 377 obti-

1480 386 1579 437 nuit,
1601 399 1669 426 nec
1687 399 1762 426 non
1783 386 1974 426 obmutuit
1990 401 2124 440 puqna
2142 395 2278 430 contra
2296 403 2425 444 qenus

1480 448 1692 488 humanum
1715 450 1925 500 Exemplar
1947 450 2051 489 aliud
2069 453 2305 503 impressum
2324 455 2427 500 eiusr

1481 511 1570 551 dem
1590 511 1766 562 opusculi
1792 515 1926 550 servat
1940 512 2118 552 Biblioth.
2137 515 2258 554 Felini
2274 515 2425 556 editum

1482 575 1636 623 (Romae
1660 578 1704 612 ut
1726 572 1857 618 credo)
1875 584 1943 623 per
1957 574 2128 624 Magistr.
2157 572 2425 616 Barth’oloma-

1480 647 1571 675 eum
1615 634 1852 674 Guildinbex
1888 633 1937 672 de
1966 635 2090 674 Sultz.
2113 647 2176 675 an.
2223 636 2326 678 1475
2367 637 2428 677 die

1475 699 1535 742 ,xi
1557 697 1770 748 septembr.

1531 758 1822 799 BARTOLFUS
1832 756 2071 809 Pereyrinus
2084 757 2130 798 de
2146 759 2318 812 Nacyeio
2335 760 2432 802 Ger-

1478 832 1638 868 manus,
1667 821 1760 858 vivo
1798 820 1925 860 adhuc
1963 820 2184 872 Tancredo,
2208 821 2245 861 h.
2275 833 2309 862 e.
2337 826 2430 862 ante

1476 883 1549 924 An.
1580 882 1682 922 iii2
1706 883 1862 932 scripsit
1884 883 2082 933 epitomen
2118 893 2168 923 ex
2191 884 2424 933 Fulcherio,

1477 944 1522 983 de
1541 943 1659 994 {lestis
1682 944 1943 992 Francorum,
1966 943 2037 995 qut
2069 943 2322 985 Hierusalem
2350 946 2427 986 An.

1480 1007 1582 1046 1095
1598 1008 1946 1057 expuqnaverunt,
1963 1005 2012 1044 ab
2030 1005 2092 1045 illo
2111 1010 2287 1059 tempore
2302 1018 2430 1059 usque

1479 1067 1527 1107 ad
1549 1067 1709 1106 Annum
1737 1067 1847 1106 1116.
1869 1065 2013 1107 editam
2037 1078 2060 1106 a
2082 1069 2293 1120 Bongarsio
2310 1070 2349 1109 in
2365 1081 2431 1120 ge-

1481 1131 1553 1168 stis
1579 1130 1661 1168 DEI
1684 1140 1752 1179 per
1780 1130 1951 1167 Francos
1975 1133 2081 1168 tomo
2102 1131 2116 1169 1
2140 1141 2225 1181 pag.
2249 1131 2429 1173 564-593

1482 1190 1550 1229 sed
1585 1192 1669 1229 sine
1708 1191 1866 1229 nomine
1890 1192 2080 1240 auctoris,
2109 1191 2215 1243 quod
2243 1203 2293 1231 ex
2320 1193 2430 1233 MSto

1481 1252 1621 1291 Codice
1637 1253 1809 1291 restituit
1824 1253 1971 1303 Caspar
1983 1253 2168 1293 Barthius
2181 1254 2247 1294 lib.
2261 1255 2431 1296 CLXVII

1483 1314 1808 1354 Adversariorum
1831 1316 1959 1366 capite
1985 1314 2019 1354 7.
2040 1315 2120 1354 Hoc
2143 1316 2350 1368 vulgatum
2365 1328 2433 1357 ex-

1484 1381 1563 1416 stat
1588 1377 1624 1414 in
1649 1377 1774 1415 Diario
1799 1376 2028 1427 Theologico
2065 1377 2294 1427 Dresdensi‚
2337 1378 2434 1418 Uns-

1482 1438 1656 1488 chuldae'ye
1683 1437 1948 1478 Nachrichten
1975 1449 2052 1478 von
2072 1437 2179 1478 alten
2200 1439 2282 1478 und
2302 1451 2430 1480 neuen

1486 1499 1777 1551 Theolossi'schen
1796 1499 1964 1550 stachen,
1989 1512 2025 1552 p.
2051 1501 2139 1541 381.
2164 1501 2433 1542 Conferendae

1481 1561 1659 1613 ejusdem
1684 1561 1831 1602 Barthii
1856 1562 2144 1613 notaequasin
2161 1562 2289 1602 lucem
2304 1563 2437 1602 emisit

1483 1624 1655 1663 nobiliss.
1685 1625 1858 1663 Joannes
1895 1625 2036 1663 Petrus
2076 1635 2099 1663 a
2134 1623 2301 1676 Ludwig
2329 1628 2435 1663 tomo

1482 1687 1597 1724 tertio
1624 1686 1880 1736 reliquiarum
1897 1686 2007 1725 MSS.
2025 1685 2283 1738 diplomatum
2298 1689 2339 1725 et
2355 1696 2436 1725 mo-

1480 1751 1761 1786 numentorum
1776 1778 1787 1795 ,
1808 1758 1894 1798 pag.
1921 1747 2069 1786 500—5i
2080 1748 2116 1785 9.
2284 1748 2286 1752 ’

1532 1807 1855 1848 BARTREMIUS
1876 1806 2097 1848 Fizalanus
2119 1808 2329 1848 Carmelita
2356 1806 2437 1848 An-
2465 1854 2468 1857 ¹

1479 1869 1568 1919 glus
1593 1871 1762 1921 scriptor
1783 1868 2063 1919 Quaestionum
2095 1868 2435 1922 Theoloyicarum,

1479 1936 1519 1971 et
1540 1933 1814 1971 commentarii
1840 1933 1877 1970 in
1903 1932 1953 1971 lV
1977 1931 2096 1971 libros
2135 1933 2434 1972 sententiarum.

1480 1994 1629 2032 Floruit
1642 1994 1717 2033 sub
1725 1993 1866 2032 decimi
1884 1994 2010 2042 quinti
2024 1993 2168 2032 saeculi
2184 1994 2305 2042 initia,
2315 1993 2438 2034 diem-

1482 2065 1559 2103 que
1582 2054 1675 2093 ohiit
1695 2053 1804 2092 Lindi
1828 2053 1913 2092 sive
1936 2053 2169 2093 Lincolniae.
2187 2053 2284 2095 Vide
2300 2054 2437 2095 Lelan-

1481 2114 1575 2153 dum
1603 2126 1686 2165 cap.
1713 2115 1801 2154 528.

1537 2175 1784 2227 Casparlnus
1822 2174 2077 2216 BARZIZIUS
2099 2177 2329 2228 Bergomas,
2367 2177 2438 2216 Pa-
2499 2213 2500 2220 ,

1483 2239 1576 2276 tavii
1599 2241 1639 2275 et
1663 2236 1806 2276 deindo
1830 2236 2033 2276 Mediolani
2056 2237 2259 2288 elegantes
2283 2238 2436 2277 litteras
2498 2236 2500 2274 Ξ

1483 2299 1631 2346 docuit,
1655 2299 1828 2349 obiitque
1851 2298 1966 2338 Anno
1988 2299 2101 2339 1431.
2117 2297 2217 2349 Ejus
2234 2297 2437 2350 Epistolae
2497 2313 2500 2342 ι

1484 2361 1590 2400 culto
1613 2371 1795 2399 sermone
1820 2361 2005 2410 scriptae,
2026 2364 2115 2411 post
2137 2358 2348 2400 editionem
2377 2371 2438 2400 ra-

1485 2423 1681 2461 rissimam
1705 2423 1821 2461 Paris.
1849 2420 1948 2461 1470
1973 2421 2102 2461 editae
2135 2422 2183 2461 ab
2211 2420 2436 2462 Alexandro

1485 2485 1659 2523 Furietto
1677 2515 1685 2534 ,
1704 2486 1935 2533 Bergomate
1957 2484 2065 2522 Rom.
2088 2482 2210 2532 4723,
2235 2479 2302 2532 4²⁰,
2325 2483 2346 2522 *ἲ
2368 2483 2436 2534 qui

1483 2546 1556 2585 hus
1579 2547 1674 2585 alias
1697 2544 1875 2596 ejusdem
1909 2542 2134 2596 familiares
2167 2543 2368 2595 Epistolas
2394 2548 2436 2584 et

1487 2607 1703 2657 Orationes,
1727 2611 1769 2645 et
1792 2605 1965 2646 libellum
1985 2605 2032 2646 de
2051 2605 2350 2658 compositione,
2379 2610 2438 2646 at-

1479 2681 1555 2719 que
1579 2670 1707 2708 Vitam
1730 2668 1913 2708 Auctoris
1935 2667 2134 2718 adjunxit,
2152 2669 2190 2707 in
2205 2679 2283 2719 qua
2299 2679 2434 2709 emen-

1484 2731 1624 2770 dandis
1669 2732 1870 2770 Ciceronis
1919 2734 1960 2769 et
2004 2729 2234 2776 Quintiliani
2278 2729 2436 2780 scriptis

1481 2796 1676 2843 egregiam
1701 2804 1859 2843 operam
1881 2792 1930 2831 ab
1953 2792 2017 2831 illo
2036 2793 2203 2842 positam
2225 2790 2407 2832 celebrat.

1534 2853 1839 2906 Christophorus
1857 2852 2112 2894 BARZlZlUS
2142 2851 2360 2904 casparini
2383 2851 2430 2890 F.

1483 2917 1715 2957 Medicinam
1739 2916 1886 2954 Patavii
1910 2914 2042 2955 docuit
2066 2915 2114 2954 ab
2135 2914 2180 2955 A.
2203 2914 2316 2954 1442.
2327 2912 2435 2964 EJ'us

1484 2978 1827 3026 introductorium‚
1853 2978 1937 3016 sive
1962 2976 2082 3027 janua
2123 2976 2170 3016 ad
2199 2974 2431 3015 Medicinam

1483 3042 1695 3081 l‘racticam
1713 3050 1789 3078 una
1805 3051 1894 3077 cum
1909 3034 2202 3077 commentariis
2217 3035 2267 3074 ad
2283 3047 2432 3076 nonum

1480 3105 1638 3151 Rhasis,
1659 3101 1800 3153 prodiit
1820 3101 1957 3151 Papiae
1981 3099 2082 3139 1494
2106 3098 2167 3137 fol.
2184 3097 2428 3138 Introducto-

1484 3167 1583 3205 rium
1608 3165 1726 3204 etiam
1746 3161 1946 3213 Augustae
1989 3158 2218 3199 Vindelicor.
2244 3159 2374 3208 1518,
2405 3159 2426 3197 4

1539 3307 1638 3339 ‘Acta
1654 3303 1863 3339 eruditorum
1881 3306 1969 3335 tomo
1989 3302 2058 3332 viii
2076 3299 2295 3341 supplementi
2304 3309 2343 3345 p.
2358 3298 2429 3331 494.
