2500 3841
993 189 1278 229 CLETUS

192 261 212 284 *
234 260 305 297 7.Ιο.
334 258 380 297 cle
412 259 642 298 Cermeuate
679 260 889 298 Historiam
919 261 958 298 in
987 259 1091 299 Ane-

138 321 285 361 cdotor.
312 322 499 360 Muratori
528 325 555 359 t.
587 321 633 359 II.
664 321 713 360 ab
742 333 786 360 ea
816 333 904 373 pag.
928 334 1006 373 qua
1027 322 1094 362 de-

135 384 265 434 signat
301 383 503 423 Fabricius
541 383 750 434 legendam
785 396 968 424 mancam
1004 396 1093 424 esse

137 446 283 496 optime
311 446 514 485 Fabricius
557 451 704 485 monet.
734 446 810 485 Sed
840 451 880 485 et
910 448 1095 486 monendi

137 509 285 558 pariter
308 512 422 547 erant
451 508 620 547 lectores
658 509 870 560 plerasque
894 510 1014 548 huius
1038 510 1097 549 lu-

136 571 320 610 xationes
344 575 505 610 sanatas
529 582 618 610 esse
647 572 696 610 ab
725 571 864 610 eodem
888 573 1097 611 Muratorio

137 644 187 671 ex
215 634 339 672 altero
367 633 538 684 Codice3
563 645 689 685 eaque
714 635 992 685 supplementa
1022 635 1095 686 legi

136 693 327 734 Anecdot.
358 699 385 734 t.
416 696 497 745 ΙΙΙ,
528 707 613 747 pag.
653 696 743 736 242.
782 697 872 736 228.
917 696 995 736 Sed
1025 707 1097 735 nec

137 757 233 796 itam
263 758 417 809 integra
450 758 548 797 haec
585 757 749 797 historia
777 759 975 809 prodivit,
1006 770 1098 798 cum

138 817 272 858 hiatus
298 832 385 871 pag.
415 821 479 860 84.
508 821 645 859 nullibi
675 821 893 871 expleatur.
925 821 993 871 (76
1021 823 1100 860 Μο-

137 881 255 920 nendi
277 883 395 921 etiam
426 884 636 922 Historiam
666 883 768 922 hanc
797 885 901 923 inter
915 885 1003 923 Rer.
1021 885 1099 923 Ita-

138 943 304 984 licarum
335 946 374 984 S.
398 946 475 984 vol.
506 947 587 995 IX7
617 958 703 997 pag.
737 945 840 987 4227
870 958 957 998 sqq.
988 950 1027 985 et
1058 947 1095 983 in

140 1005 312 1045 Graevii.
342 1008 462 1047 Thes.
493 1013 522 1048 t.
552 1009 614 1048 IV.
645 1009 899 1060 integriorem
929 1009 1018 1059 legi.

194 1070 411 1118 CLETUS,
433 1072 517 1110 sive
537 1070 839 1111 ANACLETUS
866 1071 913 1120 a),
937 1071 1099 1122 Episco-

141 1142 218 1182 pus
237 1133 439 1172 Romanus
460 1133 616 1172 labente
636 1134 762 1185 primo
784 1133 934 1179 seculo.
955 1134 993 1170 in
1016 1133 1100 1171 suis

140 1195 329 1246 Epistolis
359 1195 530 1235 traditur
559 1197 712 1246 primus
736 1206 835 1234 usus
856 1207 945 1235 esse
965 1195 1100 1234 verbis

144 1257 241 1308 illis⁷
276 1259 346 1297 vix
383 1259 587 1309 usurpatis
625 1261 717 1296 ante
754 1259 947 1297 Joannem
986 1259 1032 1297 V.
1061 1262 1101 1296 et

144 1319 327 1371 Sergium
356 1321 383 1359 Ι.
415 1318 592 1359 Salutem
622 1323 660 1358 el
685 1319 949 1371 Apostolz‘eam
977 1321 1099 1358 Bene-

145 1381 363 1421 dictionem.
395 1381 472 1421 Sed
501 1382 700 1433 Epistolas
738 1383 843 1433 ipsas
881 1383 981 1422 Cleti
1025 1394 1098 1422 nec

147 1444 373 1485 Ludovicus
406 1444 599 1495 Jacobus‚
629 1446 697 1495 qui
734 1445 808 1483 hoc
845 1456 895 1483 ex
931 1446 1098 1484 Martino

148 1509 292 1547 Polono
321 1511 456 1546 narrat
484 1519 572 1559 pag.
594 1508 656 1546 58.
681 1507 944 1546 Bibliothecae
973 1509 1104 1546 Ponti-

153 1570 280 1620 ficiae‚
304 1582 378 1609 nec
401 1571 503 1610 alius
526 1571 737 1620 quisquam
760 1571 934 1621 proferre
958 1571 1100 1622 potuit.

143 1631 344 1684 Epz'stolas
369 1635 475 1681 tres,
500 1643 602 1683 quae
631 1633 706 1672 sub
734 1632 913 1672 Anacleti
944 1634 1101 1672 nomine

138 1697 369 1746 jactantur,
388 1695 619 1735 Blondellus
639 1707 725 1747 pag.
753 1697 840 1736 404.
871 1707 954 1746 seq.
980 1697 1102 1735 Pseu-

143 1757 349 1796 do—Isidori
377 1758 539 1797 exhibet
560 1761 601 1796 et
621 1759 893 1809 supposititias
917 1769 1006 1797 esse
1036 1757 1103 1796 de—

147 1824 369 1869 monstrat,
390 1821 487 1858 viris
510 1820 637 1858 doctis
661 1822 780 1858 etiam
808 1821 1006 1858 Romanae
1029 1820 1105 1859 Ec-

146 1882 290 1921 clesiae
324 1882 649 1933 suffragatoribus
679 1911 686 1930 ,
720 1893 949 1932 quanquam
999 1882 1105 1921 aliud

146 1944 276 1995 placet
300 1943 498 1983 Ludovico
520 1945 538 1982 J
545 1944 663 1983 acobo
687 1955 774 1994 pag.
802 1944 863 1982 44.

202 2007 504 2046 CLIMITONUS
527 2005 736 2058 LanyleJ'us
750 2037 760 2054 ,
782 2005 935 2056 Anglus
953 2035 961 2054 ,
982 2006 1108 2044 Theo-

149 2068 282 2120 logus,
319 2069 582 2120 Philosophus
610 2073 651 2107 et
679 2068 945 2107 Astronomus
975 2068 1106 2107 clarus

149 2131 251 2170 circa
274 2130 349 2170 An.
376 2132 491 2170 4350.
507 2143 529 2170 a
549 2133 678 2170 Pitseo
701 2142 737 2182 p.
762 2131 849 2168 469.
875 2130 1107 2181 perhibetur

107 2191 110 2195 '
151 2195 360 2245 scripsisse
373 2191 658 2245 Replz'catz'ones
677 2191 1107 2242 Scholastz'ca871ibrum

151 2255 197 2296 de
231 2253 394 2296 orbibus
438 2254 687 2307 astroloyicz‘s
714 2256 762 2305 b)
799 2258 838 2294 et
855 2253 1107 2307 problemata

152 2318 388 2371 Soplzz'stiea.

205 2382 238 2419 F
239 2381 438 2420 ridericus
453 2381 746 2421 CLOSNERUS
759 2392 824 2419 res
839 2380 1022 2420 Civitatis
1036 2379 1109 2417 Ar—

153 2444 402 2494 gentinensis
431 2455 453 2482 a
480 2442 686 2493 Rudolpho
706 2443 975 2493 Habspurgico
996 2453 1109 2480 exor-

153 2516 224 2544 sus
251 2505 437 2556 perduxit
465 2516 594 2555 usque
622 2505 671 2544 ad
699 2504 774 2544 An.
804 2505 960 2543 CHristi
991 2504 1106 2543 4362.

157 2567 261 2605 Haec
299 2579 350 2605 ex
389 2568 529 2606 Vossio
571 2568 811 2618 Koenigius,
841 2566 1028 2605 Struvius
1069 2569 1109 2603 et

157 2630 352 2668 Hertzius.

207 2690 427 2729 Ludovz'cus
469 2690 684 2730 COELIUS
720 2690 948 2740 Richerz'us,
979 2690 1105 2741 patria

158 2752 423 2804 Rlzodiqz‘nus,
449 2753 703 2792 humaniores
731 2753 883 2792 litteras
905 2752 1108 2792 Vicentiac

214 2896 249 2938 a)
277 2897 366 2929 ldem
391 2895 552 2927 alterutro
574 2896 710 2926 nominc
733 2896 885 2933 signatur
900 2917 911 2932 ‚
925 2895 1001 2926 licet
1019 2902 1036 2926 a
1055 2893 1112 2924 de-

157 2948 236 2980 cimi
261 2946 386 2979 saeculi
409 2944 634 2985 scriptoribus
651 2969 660 2982 ‚
684 2952 723 2975 ac
746 2944 902 2983 deinceps
925 2944 1021 2975 multi
1043 2944 1116 2975 Cle-

152 3001 223 3029 tum
256 2997 298 3028 ab
332 2997 490 3028 Anacleto
527 2994 724 3026 distinxere.
757 2992 839 3024 Vide
863 2994 1113 3025 Tillemontium

153 3051 235 3079 tom.
270 3049 318 3078 11.
349 3047 583 3078 memoriarum
616 3053 692 3084 pag.
716 3043 788 3075 555.
813 3051 882 3082 seq.
906 3043 986 3075 edit.
1010 3045 1117 3075 Paris.

153 3097 183 3129 el
217 3099 353 3128 Petrum
387 3096 516 3126 Halloix
547 3099 637 3126 tomo
660 3095 701 3125 11.
729 3095 935 3133 Scriptorum
959 3092 1118 3124 Oriental.

158 3156 235 3188 pag.
255 3147 328 3179 64⁶2.
352 3155 421 3187 seq.
445 3147 507 3184 Qui
536 3145 773 3184 distinguunt,
797 3143 925 3175 cletum
957 3144 1052 3183 ajunt
1076 3142 1118 3173 ab

152 3201 246 3229 Anno
270 3198 399 3229 CHristi
424 3196 477 3227 77.
500 3194 694 3226 Anacletuin
728 3194 768 3224 ab
803 3195 898 3224 Anno
925 3192 977 3224 85.
1004 3191 1116 3235 sedem

155 3250 339 3279 Romanam
360 3253 508 3278 ornasse.
530 3244 610 3276 Vide
633 3245 847 3275 Franciscum
880 3244 1019 3282 Pagium
1042 3242 1119 3274 breo

156 3299 240 3330 viar.
264 3298 465 3330 Pontificum
486 3300 568 3327 tom.
593 3297 630 3332 1,
652 3303 727 3334 pag.
753 3291 801 3324 14.
826 3300 895 3332 seq.

217 3346 253 3386 b)
274 3349 314 3378 Ut
336 3346 485 3378 Clemens
507 3344 747 3377 claudiocestr.
769 3349 883 3381 supra.

2047 188 2124 225 367

1165 261 1338 311 primum
1357 288 1365 308 ‚
1388 258 1531 298 deinde
1561 259 1788 305 Ferrariae‚
1810 261 1897 295 tum
1920 255 2127 296 Mediolani

1166 334 1211 362 ac
1228 322 1398 373 denique
1409 322 1557 361 Patavii
1578 321 1724 370 docuit,
1737 320 1911 370 obiitque
1920 318 1995 358 An.
2009 318 2126 358 4520.

1168 385 1458 436 septuagesimo
1478 385 1619 423 aetatis
1639 395 1753 422 anno,
1769 382 1869 432 Ejus
1886 383 2011 421 vitam
2031 382 2127 419 scri—

1167 449 1247 499 psit
1266 448 1410 488 Comes
1437 446 1628 487 Camillus
1648 445 1694 485 cle
1720 444 1938 497 Sylvestm's
1955 476 1965 493 ,
1986 443 2130 483 Rhodi-

1169 511 1309 561 ginus‚
1334 510 1480 549 editam
1504 511 1542 548 in
1568 512 1839 563 tomo-quarto
1861 507 2035 558 sylloges
2056 507 2131 545 Ve—

1171 577 1310 611 netae:
1337 571 1522 611 Raccolta
1545 570 1649 622 deylz'
1666 569 1843 622 opuscoli
1860 567 2090 621 scientifichi
2109 579 2128 607 e

1166 633 1373 686 filologici,
1412 633 1505 673 4734
1533 663 1540 682 ,
1572 634 1634 673 42.
1679 635 1748 672 Hic
1793 633 1980 680 Coelius,
2011 642 2130 682 quem

1168 700 1465 748 praeceptorem
1509 706 1628 734 suum
1673 695 1952 733 doctissimum
1997 693 2132 733 laudat

1170 759 1300 797 Julius
1330 759 1476 797 Caesar
1504 756 1678 808 Scaliger
1707 758 1745 794 in
1776 761 1955 796 extremo
1985 757 2071 795 libri
2097 758 2133 795 3.

1172 822 1348 871 poetices
1377 831 1463 870 pag.
1495 819 1584 857 398.
1616 820 1655 856 in
1686 817 1800 857 libris
1832 818 1996 869 triyz'uta
2025 817 2136 856 Anti-

1171 893 1346 934 quarum
1366 881 1608 931 Lectionum,
1634 891 1734 931 quos
1759 880 1808 919 ad
1830 881 1974 928 Verrii,
1996 881 2130 919 Vindi-

1170 946 1308 995 cisque
1343 944 1515 993 Ceselli⁷
1544 944 1668 983 Gellio
1713 943 1863 982 laudati
1906 944 2135 993 exemplum

1171 1008 1355 1058 scripsit,
1385 1010 1425 1045 et
1460 1007 1517 1044 Jo.
1549 1006 1737 1045 Grolierio
1773 1005 1976 1044 dedicatos
2014 1004 2137 1043 edidit

1171 1069 1349 1109 Venetiis
1395 1070 1524 1118 4546,
1556 1069 1620 1107 fol.
1665 1079 1743 1106 non
1787 1067 1903 1106 modo
1944 1067 2138 1106 vocabula

1174 1131 1301 1171 multa
1324 1132 1536 1182 utriusque
1566 1132 1724 1183 linguae
1753 1130 1938 1169 abstrusa
1967 1129 2139 1180 explica-

1173 1195 1232 1232 vit
1251 1199 1291 1233 et
1312 1195 1537 1233 innumeris
1557 1194 1797 1232 Graecorum
1820 1193 2136 1242 Latinorumque

1175 1258 1412 1308 scriptorum
1442 1257 1538 1295 locis
1567 1256 1767 1308 egregiam
1804 1256 1934 1294 lucem
1970 1254 2109 1294 affudit
2129 1285 2138 1302 7

1177 1319 1248 1358 sed
1273 1324 1313 1358 et
1337 1320 1653 1370 quamplurimas
1683 1319 1944 1369 antiquitates
1974 1318 2140 1356 feliclter

1178 1382 1406 1420 illustravit.
1446 1381 1555 1420 Adeo
1594 1386 1638 1420 ut
1667 1381 1773 1419 illius
1800 1391 1901 1432 opus
1924 1391 2020 1418 auro
2044 1391 2138 1418 con-

1178 1447 1238 1482 tra
1253 1455 1404 1493 carum7
1425 1454 1504 1482 non
1530 1444 1779 1494 frequentius
1795 1443 1993 1493 juvenum
2010 1442 2136 1480 mani-

1175 1506 1252 1546 bus
1274 1507 1347 1544 teri
1364 1507 1534 1545 miretur
1550 1509 1590 1544 et
1605 1505 2008 1556 indigneturVossius
2025 1504 2089 1542 lib.
2105 1504 2140 1541 3.

1176 1569 1224 1607 de
1246 1569 1456 1607 Historicis
1482 1568 1632 1607 Latinis
1654 1578 1741 1618 pag.
1768 1567 1858 1606 844.
1886 1577 1972 1616 seq.
1993 1564 2143 1605 Prodiit

1175 1631 1317 1671 deinde
1332 1632 1579 1682 recognitum
1594 1631 1642 1670 ab
1658 1634 1818 1670 auctore
1835 1634 1875 1668 et
1890 1631 2007 1668 tertia
2024 1633 2139 1680 parte

1174 1696 1331 1733 auctius
1354 1705 1542 1733 recusum
1562 1694 1683 1732 variis
1701 1694 1738 1731 in
1758 1693 1865 1743 locis,
1883 1697 1927 1731 ut
1940 1693 2141 1731 Basilaeae

1177 1757 1307 1805 4542,
1330 1757 1425 1796 4554
1455 1785 1463 1805 ,
1490 1757 1606 1796 4566.
1632 1755 1740 1806 apud
1761 1755 2002 1794 Frobenium
2024 1758 2144 1804 atque

1175 1818 1280 1869 apud
1300 1818 1482 1857 Andreae
1502 1818 1696 1857 Wechelii
1721 1817 1916 1856 haeredes
1931 1817 2006 1856 An.
2026 1817 2142 1856 4559.

1179 1891 1224 1919 ac
1248 1879 1391 1918 deinde
1414 1880 1600 1919 Genevae
1618 1880 1813 1929 4620,101.
1842 1880 1951 1917 Solet
1977 1879 2015 1917 in
2041 1879 2144 1916 Rho-

1180 1941 1311 1994 digino
1337 1944 1406 1992 (ut
1436 1943 1472 1983 in
1500 1941 1726 1981 Alexandro
1764 1941 1812 1980 ab
1849 1941 1962 1980 Alex.
1988 1940 2036 1979 de
2066 1951 2144 1990 quo

1181 2006 1324 2056 supra)
1351 2004 1615 2055 reprehendi,
1641 2003 1746 2054 quod
1776 2005 1926 2054 passim
1957 2003 2145 2042 dissimu-

1181 2066 1235 2105 lat
1266 2067 1394 2105 fontes
1425 2065 1532 2105 unde
1561 2070 1727 2104 veteres
1757 2066 2007 2104 narrationes
2036 2075 2147 2114 repc—

1181 2129 1268 2177 tiit⁷
1298 2129 1362 2167 vel
1392 2128 1528 2167 laudat
1567 2129 1815 2179 Scriptorum
1850 2127 2147 2179 deperditorurn

1181 2195 1453 2241 monumenta,
1477 2191 1718 2240 auctoribus,
1744 2192 1781 2228 in
1808 2191 1953 2241 quibus
1979 2190 2049 2228 illa
2079 2200 2147 2227 no-

1182 2255 1323 2293 minari
1366 2254 1538 2305 reperit,
1570 2253 1675 2292 haud
1718 2254 1960 2302 nominatis,
1991 2263 2070 2302 qua
2099 2251 2147 2290 de

1181 2329 1223 2356 re
1247 2317 1447 2356 videndus
1477 2317 1674 2365 Jacobus.
1705 2316 1946 2355 Thomasius
1977 2315 2149 2367 ὁμακα-

1181 2380 1279 2429 ρι’τιης
1307 2380 1372 2418 lib.
1404 2379 1452 2418 de
1481 2380 1610 2431 plagio
1641 2380 1675 2430 g.
1709 2380 1798 2418 332.
1828 2380 2024 2417 Erasmus
2048 2378 2081 2426 a)
2108 2378 2146 2414 in

1180 2443 1328 2493 Adagio
1359 2441 1546 2482 Choem'cz·
1574 2453 1622 2480 ne
1646 2440 1845 2490 z'nsz'cleas,
1878 2442 2045 2479 Vossius
2077 2440 2145 2477 ΠΙ.

1181 2506 1243 2543 84.
1274 2504 1322 2543 de
1351 2503 1594 2552 idololatria,
1619 2508 1659 2542 et
1682 2502 1951 2541 Gothofrcdus
1974 2503 2145 2551 Junger-

1185 2576 1358 2605 mannus
1401 2565 1450 2604 ad
1492 2566 1694 2604 Pollucem
1736 2576 1823 2614 pag.
1865 2563 1980 2603 4347.
2027 2564 2144 2613 Casp.

1182 2628 1342 2667 Barthio
1363 2626 1496 2677 judice
1517 2632 1612 2666 tom.
1636 2628 1700 2665 III.
1722 2626 1770 2665 ad
1796 2627 1968 2664 Statium
1990 2637 2026 2675 p.
2055 2625 2143 2664 440.

1184 2689 1339 2731 Coelius
1361 2688 1603 2739 Rhoclz'qmus
1627 2688 1691 2727 vir
1708 2687 1815 2738 longye
1832 2685 2140 2735 eruditissimus,

1181 2752 1250 2792 secl
1267 2750 1498 2790 amoenitati
1519 2750 1745 2802 scriptionis
1763 2760 1914 2800 parum
1938 2748 2145 2787 consulens

1183 2813 1340 2853 omissis
1371 2811 1507 2852 verbis
1536 2816 1749 2851 auctorum
1783 2810 1929 2863 qulbus
1959 2809 2145 2850 observa—

1183 2877 1304 2916 tiones
1333 2887 1428 2915 suas
1457 2874 1578 2914 (lebet.
1617 2877 1713 2914 Jano
1742 2875 1952 2925 Rutgersio
1985 2874 2044 2912 lV.
2078 2875 2139 2912 48.

1182 2941 1383 2977 variarum
1413 2939 1673 2977 Lectionum:
1704 2937 1771 2976 Vir
1796 2935 1964 2988 (leli-qens
1988 2934 2145 2986 quidem

1185 3005 1223 3041 et
1248 2999 1456 3047 eruditus,
1487 3000 1558 3039 secl
1584 3000 1657 3052 qui
1683 3003 1826 3038 temere
1859 2998 1896 3037 in
1930 2997 2066 3035 molem
2099 2996 2144 3035 il-

1186 3063 1264 3102 lam
1300 3060 1506 3101 lectionum
1549 3061 1784 3113 congerebat
1823 3059 2014 3112 quicquid
2057 3070 2143 3098 sese

1240 3239 1272 3278 a)
1309 3240 1410 3270 Coelii
1444 3239 1625 3278 Rliodigini
1664 3238 1811 3278 Epistola
1850 3238 2065 3279 Apologetica
2104 3238 2144 3270 ad

1183 3294 1357 3321 Erasmum
1373 3289 1493 3328 legitur
1509 3292 1581 3328 post
1600 3289 1766 3328 Epistolas
1790 3288 1958 3320 Gudianus
1982 3297 2058 3328 pag.
2077 3289 2146 3320 117.

1189 3339 1266 3372 vide
1289 3342 1317 3370 ct
1342 3338 1443 3369 Baelii
1467 3340 1608 3371 Lexicon
1624 3361 1633 3376 ‚
1657 3338 1830 3377 Erasme,
1859 3343 1939 3371 nota
1961 3347 2010 3370 ec.
