2500 3841
912 228 1327 269 EDMUNDUS

171 310 210 348 S.
233 304 518 351 EDMUNDUS,
541 305 627 341 sive
646 302 968 352 EADMUNDUs
990 302 1072 342 An-

117 370 272 422 glorum
296 366 556 407 Orientalium
580 367 661 404 Rex
681 396 689 415 ‚
713 367 862 414 Martyr
888 365 964 404 An.
995 367 1070 406 870

118 431 234 482 cujus
251 431 477 483 passionem
501 439 605 467 circa
627 429 790 467 Annum
813 429 1073 480 980501111511

119 492 229 532 Abbo
258 492 544 539 Floriacensis,
578 491 611 539 3)
648 491 795 530 editam
825 503 846 530 3
876 491 990 530 Surio
1023 492 1072 530 20

116 554 329 595 Novembr.
352 552 554 593 Miracula
568 552 806 604 Anonymus
826 553 1011 592 Coenobii
1035 554 1073 591 S.

117 616 320 658 Edmundi
346 616 564 655 Monachus
589 616 693 654 circa
721 614 796 654 An.
823 616 923 654 1090
955 626 1076 666 quem

119 679 301 730 vulgavit
319 677 563 717 Edmundus
580 678 756 716 Martene
776 681 871 715 tom,
894 678 917 715 6
939 689 1079 716 monu-

119 744 348 780 mentorum
374 752 461 791 pag.
488 740 577 779 822.

170 803 448 842 EDMUNDUS
468 803 498 840 Ι.
516 801 683 853 Anqliae
706 803 791 841 Rex
814 801 863 840 ab
889 800 963 840 An.
1002 801 1071 840 944

121 864 169 905 ad
191 865 268 904 946
299 865 416 913 cujus
453 866 572 915 Leqes
611 864 807 915 quaedam
844 865 882 902 in
914 862 1080 901 Joannis

119 926 408 967 BROMPTONI
431 926 626 966 Chronico
646 938 734 978 pag.
757 926 932 966 858-862
953 929 1020 974 ,et
1041 927 1078 962 in

123 990 309 1029 Guilelmi
340 989 550 1028 Lambardi
584 988 919 1028 Archaeonomia:
943 988 1080 1027 Plures

120 1052 227 1103 apud
260 1052 574 1103 Speelmannum
613 1055 708 1090 tom.
749 1053 783 1090 4.
814 1051 1081 1090 Conciliorum

43 1109 48 1115 ’
119 1115 285 1164 Angliae
309 1125 396 1164 pag.
419 1114 495 1153 415
517 1143 525 1160 ,
550 1125 662 1164 seqq.
683 1113 1024 1164 Anglo-Saxonice
1042 1117 1083 1150 et

121 1168 260 1206 Latine
276 1180 284 1205 :
300 1169 429 1205 :etiam
449 1167 579 1217 prisca
603 1170 752 1217 Legum
773 1168 929 1205 illarum
953 1167 1084 1204 versio

123 1229 264 1268 Latina
278 1239 327 1266 ex
338 1228 445 1267 MSto
459 1229 480 1266 J
483 1229 682 1267 ornalensi
698 1241 784 1280 pag.
803 1229 878 1268 423
900 1233 939 1267 et
957 1227 1086 1268 Char-

125 1294 167 1330 ta
187 1289 409 1329 donationis
428 1293 467 1329 et
476 1290 785 1341 privileyiorum
801 1302 1085 1330 concessorum

124 1353 328 1392 Ecclesiae
361 1352 401 1391 S.
435 1353 578 1391 Mariae
597 1353 865 1392 Glastonicnsi
885 1365 972 1404 pag.
996 1354 1084 1392 425.

125 1417 251 1466 Leges
275 1408 362 1454 illae
378 1426 400 1453 e
436 1415 703 1465 Speelmanno
729 1417 850 1454 etiam
875 1416 1012 1454 Latine
1046 1416 1085 1452 in

125 1477 392 1518 Conciliorum
417 1479 538 1515 tomis
557 1477 607 1516 ad
626 1477 789 1517 Annum
811 1478 888 1517 942
909 1481 949 1516 et
972 1477 1062 1514 944.

178 1540 454 1579 EDMUNDUS
479 1541 528 1579 II.
555 1538 723 1590 Anyliae
743 1541 827 1579 Rex
851 1539 926 1578 An.
957 1539 1086 1588 4016,

127 1607 168 1642 et
206 1601 338 1652 1047,
368 1602 452 1641 sed.
477 1601 594 1652 cujus
618 1602 776 1651 nullae,
802 1602 907 1653 quod
932 1604 1054 1642 sciam
1079 1633 1087 1652 ,

125 1667 252 1716 Leges
276 1665 471 1704 feruntur.
501 1663 616 1711 Quod
640 1675 736 1703 vero
759 1665 863 1716 apud
894 1666 1088 1714 Gangium

127 1728 237 1779 legas
258 1741 264 1765 :
287 1728 327 1767 S.
349 1727 635 1766 EDMUNDUS
656 1726 891 1779 Confessor,
922 1726 1090 1777 Anyliae

127 1792 244 1838 Rem,
268 1789 385 1841 cujus
407 1790 528 1839 Le9es
564 1787 702 1826 Latine
735 1788 863 1827 editae
901 1792 1088 1837 eaestant,

129 1850 226 1890 obiit
254 1850 362 1904 prid.
401 1851 500 1890 Non.
539 1851 714 1889 Januar.
749 1850 822 1888 An.
864 1851 978 1889 4066.
1005 1851 1089 1889 Non

130 1914 268 1953 dubito
288 1913 501 1965 legendum
533 1924 623 1951 esse
653 1913 955 1952 EDWARDUS.
980 1913 1090 1961 Vide,

131 1977 163 2015 si
184 1977 338 2027 placet,
356 1986 458 2026 quae
482 1975 582 2013 infra
606 1976 645 2012 in
669 1974 924 2014 EDUARDO.

183 2039 225 2078 S.
259 2037 535 2077 EDMUNDUS
557 2037 681 2084 Rich,
712 2039 798 2075 sive
822 2039 965 2076 Divitis
987 2067 995 2083 ,
1019 2037 1094 2076 Ar-

130 2097 410 2147 chiepiscopus
435 2095 753 2144 Cantuariensis,
779 2096 996 2136 defunctus
1016 2097 1092 2135 An.

130 2159 234 2200 1240
258 2158 307 2197 de
349 2169 427 2209 quo
463 2169 583 2208 supra
619 2169 706 2208 pag.
748 2158 837 2198 485.
877 2160 967 2198 Vita
1004 2159 1092 2209 ejus

132 2223 280 2272 scripta
308 2233 332 2260 a
359 2220 594 2260 ROBERTO
632 2221 779 2270 fratre,
825 2221 940 2260 obvia
986 2222 1091 2273 apud

131 2285 292 2325 Surium
313 2284 412 2323 XVI.
429 2284 642 2323 Novembr.
660 2282 874 2334 Speculum
890 2283 1093 2323 Ecclesiae

132 2347 181 2387 ad
205 2337 496 2388 Cistercien'ses
519 2346 835 2384 pontiniacensis
866 2348 1092 2386 Monasterii

132 2409 364 2457 Monachos‚
386 2409 425 2447 in
450 2407 691 2447 Bibliotheca
715 2410 876 2447 Patrum
901 2410 1095 2448 Parisien-

133 2474 189 2512 sis
211 2471 288 2512 An.
317 2471 434 2521 1589,
459 2471 589 2521 4624,
615 2471 730 2510 1644.
757 2475 853 2509 tom.
874 2471 930 2519 V,
959 2473 994 2509 in
1022 2473 1096 2511 Co-

136 2536 304 2575 loniensi
329 2539 424 2574 tom.
444 2534 564 2581 Xlll,
589 2535 687 2571 etin
718 2533 974 2584 Lugdunensi
999 2538 1097 2573 tom.

133 2598 258 2637 XXV.
286 2608 375 2648 pag.
406 2596 495 2636 346.
538 2594 844 2634 Constitutiones
878 2595 1096 2646 Synodales

135 2661 214 2701 XII
220 2691 232 2710 ,
253 2658 359 2711 apud
379 2659 624 2698 Guilelmum
651 2657 980 2707 Lindewoodum,
1007 2661 1093 2698 sive

135 2723 185 2763 de
203 2723 301 2762 Tillo
322 2723 504 2770 Nemore,
520 2722 560 2758 in
575 2719 810 2759 Provinciali
830 2718 1007 2770 Anglico,
1024 2723 1097 2759 Pa-

136 2786 241 2825 risiis
265 2784 381 2824 4505.
403 2782 570 2821 Londini
589 2780 692 2820 4557
713 2785 752 2820 et
771 2781 947 2820 Oxoniae
969 2783 1094 2829 4664,

137 2849 174 2886 8.
193 2846 292 2886 Vide
312 2843 500 2885 Carolide
517 2843 637 2881 Visch
653 2842 1096 2884 BibliothecamCister-

137 2910 312 2948 ciensem
334 2917 421 2957 pag.
441 2905 491 2942 88
505 2935 514 2951 ,
534 2914 616 2953 seq.

199 3112 238 3152 a)
259 3107 439 3141 Wihelmus
454 3106 758 3139 malmesburiensis
772 3108 828 3139 111.
845 3108 885 3139 dc
901 3111 1001 3148 gestis
1017 3111 1102 3142 Pon-

132 3164 263 3196 tificum
285 3158 468 3199 Anglorutn
500 3165 575 3198 pag.
614 3157 688 3188 270.
732 3156 824 3188 Abho
858 3158 1102 3191 Florius-ensis

136 3209 347 3247 Monachus,
361 3207 422 3248 qui
437 3207 587 3238 multam
603 3207 776 3238 scientiae
794 3206 932 3247 sruyem
950 3209 1101 3249 Anyliae

137 3261 275 3294 inveoeit
290 3283 301 3299 ‚
325 3258 535 3300 passionem
558 3257 740 3288 Eaelmunzli
766 3257 941 3298 Martyris
957 3257 1105 3296 jubente

139 3313 329 3345 Dunstano
353 3307 551 3349 (Eborac.)
576 3306 850 3346 A1·clviepiseopo
887 3306 1106 3347 plenitudini

148 3363 352 3394 litterarum
375 3358 525 3396 adjecit.

2035 228 2112 268 495

1196 300 1475 339 EDMUNDUS
1501 297 1712 349 Dinterus,
1741 299 1828 337 sive
1869 298 1915 338 de
1945 299 2106 347 Dinter,

1145 364 1182 400 in
1199 374 1291 413 agro
1308 361 1635 413 Sylvaeducensi,
1651 362 1877 402 Canonicus
1886 363 2107 401 Lovanien-

1147 426 1214 471 515,
1230 424 1445 464 defunctus
1461 424 1657 463 Bruxellis
1675 425 1791 464 1448.
1802 425 1979 476 Scriptor
1990 423 2116 465 Chro-

1147 486 1229 525 nici
1239 485 1484 524 Brabantiae
1502 488 1633 524 nescio
1649 497 1697 525 an
1713 486 1821 535 editi,
1837 487 1941 537 quod
1958 488 2113 527 MStum

1151 551 1224 588 fuit
1248 549 1351 600 apud
1369 549 1619 595 Gevartium‚
1645 553 1684 586 ct
1706 550 1910 597 Miraeum,
1930 551 2118 590 testeVa-

1152 612 1247 650 lerio
1266 610 1426 649 Andrea
1441 622 1527 661 pag.
1545 610 1635 649 203.
1657 615 1696 649 et
1717 612 1913 650 Sweertio
1929 613 2116 664 pag.229.
2139 632 2142 636 ·

1152 672 1252 722 Ejus
1269 671 1508 723 Genealoqia
1524 670 1658 711 brevis
1671 673 1825 712 Ducum
1844 674 2118 726 Burquncliae,

1152 732 1421 781 Brabantiae,
1447 734 1480 771 F
1483 732 1677 782 lanclriae,
1698 734 1951 780 Hollandiae,
1973 738 2022 776 ab
2045 738 2122 776 He-

1153 801 1261 835 ctore
1271 790 1438 845 Trojano
1454 796 1638 844 deducta,
1650 798 1896 837 Francofurti
1913 804 1954 838 et
1969 801 2121 851 Argen-

1153 860 1271 897 torati
1290 859 1434 908 prodiit
1455 857 1530 896 An.
1549 859 1664 897 4529.
1684 858 1721 897 8.
1743 860 1874 898 3113110
1888 863 2121 902 continuata

1154 920 1203 960 ad
1216 919 1401 959 Carolum
1418 921 1462 959 V.
1478 920 1595 958 obvia
1608 921 1728 960 etiam
1745 923 1783 959 in
1798 924 1956 961 Freheri
1970 930 2064 963 tom.
2082 927 2119 964 3.

1156 983 1394 1033 scriptorum
1420 993 1553 1021 rerum
1579 982 1906 1023 Germanicarum
1925 997 2011 1037 pag.
2029 987 2119 1026 230.

1155 1045 1340 1084 editionis
1358 1056 1483 1083 novae
1501 1046 1753 1094 Struvianae,
1768 1050 1858 1097 post
1871 1047 2120 1088 Gerhardum

1155 1108 1442 1158 Noviomagum
1464 1107 1512 1145 de
1533 1109 1620 1146 Vita
1640 1108 1806 1160 Philippi
1830 1110 2047 1160 Burgundi.

1209 1169 1487 1209 EDMUNDUS
1504 1169 1671 1218 Divitis,
1689 1181 1820 1221 supra.

1207 1233 1484 1272 EDMUNDUS
1509 1229 1666 1284 Grynia,
1689 1234 1775 1271 sive
1796 1233 2029 1283 Grimaeus‚
2054 1246 2122 1274 su-

1159 1306 1241 1345 pra,
1271 1294 1595 1339 EADMUIN‘DUS.

1212 1358 1488 1397 EDMUNDUS
1511 1357 1558 1397 (le
1580 1358 1828 1407 Hfflenham,
1849 1359 2018 1411 Ang1us,
2043 1362 2123 1399 Mo-

1161 1420 1314 1459 nachus
1334 1422 1561 1470 Rossensis7
1582 1423 1751 1472 scriptor
1773 1421 2010 1471 Annalium,
2035 1425 2121 1462 sive

1159 1483 1352 1525 Historiae
1372 1484 1675 1521 Ecclesiasticae
1698 1484 1746 1522 ab
1766 1484 1868 1523 Orbe
1891 1485 2049 1523 condito
2072 1485 2121 1523 ad

1160 1545 1324 1583 Annum
1348 1545 1501 1584 CHristi
1530 1545 1645 1584 1307.
1676 1548 1743 1596 qui
1779 1548 1875 1586 MSti
1915 1549 1952 1585 in
1983 1547 2125 1585 Biblio-

1161 1607 1278 1646 theca
1313 1607 1549 1647 Cottoniana
1586 1619 1666 1647 una
1698 1619 1790 1647 cum
1828 1610 2125 1648 continuatione

1161 1669 1384 1719 Anonymi7
1409 1671 1607 1720 pressiore
1625 1670 1731 1720 stylo
1755 1669 1802 1708 ad
1820 1670 1982 1709 Annum
2009 1670 2126 1710 1377.

1161 1731 1258 1770 vide
1279 1732 1439 1770 Henrici
1462 1733 1673 1771 Warthoni
1689 1733 1973 1783 praefationem
1989 1733 2038 1772 ad
2055 1734 2128 1771 To-

1163 1805 1274 1832 mum
1302 1796 1338 1833 4.
1361 1793 1526 1844 Angliae
1551 1796 1694 1833 Sacrae
1714 1807 1801 1845 pag.
1826 1797 1974 1834 XXXI.
1996 1801 2037 1834 et
2056 1796 2128 1835 Ca-

1160 1867 1281 1894 veum
1312 1855 1360 1894 ad
1381 1855 1544 1895 Annum
1581 1856 1696 1896 1307.
1718 1858 1786 1907 qui
1816 1858 1943 1896 multa
1985 1858 2125 1896 eadem

1166 1930 1256 1957 esse
1276 1919 1493 1957 observant·
1517 1930 1608 1958 cum
1639 1919 1835 1958 Matthaeo
1875 1920 2129 1959 Westmona-

1167 1982 1363 2019 steriensi.
1392 1980 1469 2019 Sed
1504 1982 1541 2019 in
1578 1993 1623 2020 eo
1646 1981 1926 2021 desiderantur
1952 1981 2129 2021 Annales

1167 2041 1369 2081 Ecclesiae
1398 2043 1612 2092 Roffense's,
1646 2054 1747 2093 quos
1782 2055 1831 2082 ex
1855 2044 2036 2082 Historia
2054 2044 2131 2083 Ec-

1167 2103 1389 2143 clesiastica
1421 2105 1624 2143 Eclmundi
1650 2105 1696 2143 de
1721 2105 1954 2145 Hadenham
1975 2107 2023 2145 ad
2054 2106 2128 2145 An.

1168 2157 1326 2205 604Jad
1346 2167 1461 2207 4307.
1481 2168 1855 2218 vulgavitlaudatus
1881 2170 2131 2208 Warthonus

1168 2232 1261 2266 tom.
1289 2231 1322 2268 1.
1349 2229 1512 2279 Angliae
1538 2240 1673 2269 sacrae
1699 2241 1783 2281 pag.
1807 2231 1995 2270 341-355.

1219 2291 1494 2331 EDMUNDUS
1517 2291 1747 2341 Monachus,
1761 2294 1827 2343 qui
1844 2304 1865 2331 3
1883 2294 2030 2344 Cangio
2050 2305 2133 2332 me-

1170 2358 1350 2392 moratur
1366 2365 1386 2391 e
1403 2355 1534 2392 Pitseo
1549 2366 1634 2405 pag.
1659 2356 1746 2394 499.
1759 2366 1960 2404 quemque
1977 2357 2133 2394 Pitseus

1170 2416 1226 2453 ait
1245 2416 1438 2454 claruisse
1458 2416 1532 2454 An.
1560 2418 1675 2456 1120.
1698 2421 1738 2455 et
1768 2418 1977 2467 scripsisse
2001 2416 2047 2455 de
2075 2416 2134 2455 di-

1170 2476 1329 2515 scordia
1340 2477 1442 2516 inter
1449 2477 1479 2516 A
1488 2478 1679 2517 nselmum
1691 2483 1726 2518 et
1734 2482 1877 2530 Reyem
1888 2479 1918 2517 G
1926 2470 2132 2518 u'ilelmum

1170 2539 1329 2587 Rufum,
1354 2539 1452 2578 etde
1473 2538 1653 2579 libertate
1675 2540 1981 2579 Ecclesiastica:
2001 2543 2132 2579 neuti-

1171 2612 1292 2650 quam
1323 2600 1510 2640 diversus
1539 2607 1602 2640 est
1631 2602 1679 2641 ab
1708 2603 1981 2652 EADMERO,
2017 2605 2134 2643 cuius

1173 2662 1271 2701 haec
1296 2664 1379 2713 ipsa
1404 2663 1644 2714 scriptajam
1670 2664 1787 2702 retuli
1809 2675 1929 2715 supra
1953 2677 1990 2716 p.
2017 2667 2105 2704 484.

1224 2725 1498 2763 EDMUNDUS
1520 2722 1629 2772 Rich.
1655 2736 1788 2775 supra.

1224 2786 1495 2825 EDMUNDUS
1515 2787 1744 2837 senriorem,
1775 2788 1861 2825 sive
1898 2789 2105 2829 Stutconus
2122 2822 2131 2838 ‚

1166 2848 1347 2900 Anglus‚
1377 2849 1594 2888 Monachus
1622 2849 1782 2887 Ordinis
1816 2850 2061 2889 Benedictini
2094 2854 2132 2891 in

1169 2912 1368 2951 Coenobio
1391 2912 1679 2960 Glasconicnsi,
1704 2913 1890 2952 laudatus
1915 2915 2031 2953 Baleo
2046 2917 2132 2955 XII.

1171 2975 1234 3012 98.
1258 2975 1325 3024 qui
1350 2973 1439 3024 ejus
1460 2974 1662 3026 dialoyum
1678 2975 1717 3013 in
1736 2975 1927 3027 Reyulam
1952 2979 1992 3016 S.
2012 2978 2134 3017 Bene-

1170 3036 1276 3084 dicti⁷
1297 3042 1337 3074 et
1358 3037 1501 3076 librum
1526 3037 1572 3076 de
1593 3037 1814 3077 nominibus
1839 3039 1995 3078 Mariae
2019 3043 2056 3078 et
2069 3041 2133 3078 Jo-

1173 3097 1316 3136 hannis
1349 3104 1556 3137 memorat.
1593 3100 1714 3138 Addit
1745 3103 1900 3140 pitseus
1925 3114 2011 3152 pag.
2042 3104 2131 3142 835.

1173 3159 1316 3198 librum
1334 3158 1381 3198 de
1398 3159 1584 3200 laudibus
1595 3163 1638 3201 B.
1656 3162 1812 3201 Mariae
1825 3163 2007 3215 Virqim's.
2019 3166 2134 3204 Tem-

1174 3233 1262 3272 pus,
1283 3234 1362 3272 quo
1386 3223 1530 3271 floruit,
1556 3228 1698 3263 ncutcr
1722 3225 1904 3275 prodidit.

1230 3284 1498 3325 EDUARDUS
1515 3318 1525 3335 ‚
1551 3286 1834 3337 Eadveardus,
1857 3287 2130 3338 Eadwardus,

1179 3345 1329 3394 :liiqlus
1356 3349 1591 3397 Histoi-icus
1634 3354 1736 3388 tosto
1764 3362 1848 3401 pag.
1881 3352 1968 3389 83³3.
2003 3353 2131 3389 Pitsco
