2500 3841
861 239 1342 284 BENEDICTUS

105 314 142 350 et
159 309 370 356 sociorum,
389 307 569 360 Epistola
591 308 646 349 acl
662 310 702 348 S.
723 310 921 351 Maurum.
954 313 1059 353 Ordo

103 370 276 423 qualiter
291 369 493 423 fratribus
508 371 549 410 in
562 373 801 412 Monasterio
816 373 998 426 reliqiose
1011 388 1059 416 ac

101 432 273 472 studiose
287 434 523 472 conversari
535 445 583 472 ac
597 434 759 473 Domino
768 435 938 475 militare
947 449 1059 489 opor-

101 498 195 546 teat,
219 499 259 535 et
277 494 410 548 forma
431 496 647 548 profitendi
671 496 862 549 requiam.
892 498 989 538 Vide
1009 498 1058 538 de

99 554 177 609 his,
199 559 231 597 si
251 559 403 610 placet,
424 559 622 609 Caveum,
644 561 711 611 qui
734 561 945 600 sententias
963 573 1058 612 quo-

98 633 176 672 que
204 621 415 661 nonnullas
440 622 480 661 S.
508 622 710 662 Benedicti
740 628 850 662 notat
873 625 1056 670 vuleatas

94 694 185 723 esse
213 684 395 723 Coloniae
428 685 521 724 4534
539 714 546 733 ,
564 685 587 722 8
610 689 650 723 et
679 686 854 725 Basileae
883 687 1003 734 4538,
1029 687 1052 724 8

94 745 198 784 inter
220 747 440 785 sententias
463 747 628 786 aliorum
657 748 819 786 Patrum
848 747 896 787 de
925 749 1050 787 officio

92 811 292 848 rectorum
333 809 548 849 Ecclesiae.
583 810 794 849 Caeterum
824 811 863 849 iu
896 810 1049 861 Georgii

92 870 306 910 Cassandri
328 872 516 923 operibus
536 884 624 924 pag.
648 872 725 912 257
749 871 916 925 hymnus
939 871 985 911 de
1007 873 1050 912 S.

89 931 294 972 Benedicto
316 934 481 985 legitur:
495 935 674 985 Hymnos
693 939 827 974 autem
847 934 1048 974 Benedicti

88 1006 182 1035 cum
203 996 415 1036 Cassandri
436 997 595 1035 scholiis
615 997 808 1048 prodiisse
826 997 983 1036 Parisiis
1001 996 1049 1035 A.

89 1060 192 1099 4646
216 1063 257 1099 et
279 1071 326 1099 ex
355 1060 505 1110 Regula
533 1058 620 1110 ejus
644 1064 868 1111 excerptos,
892 1061 1048 1109 praeter

88 1133 172 1161 rem
192 1121 294 1161 tradi
313 1133 392 1161 non
412 1121 561 1161 dubito.

164 1184 222 1224 De
242 1183 388 1224 Ordine
407 1182 674 1231 Benedictiiw,
700 1185 819 1234 atque
840 1179 965 1220 elaris

297 1245 576 1295 Benedictinis,
597 1244 834 1295 Scriptores.

141 1311 216 1349 Leo
232 1310 428 1349 Ostiensis
443 1313 482 1348 et
496 1309 639 1348 Petrus
655 1306 856 1345 Diaconus
871 1306 907 1344 in
923 1304 1047 1344 Chro-

84 1374 171 1412 nico
205 1372 411 1413 Casinensi
441 1371 490 1410 ab
517 1369 564 1410 A.
593 1370 668 1409 509
698 1368 747 1408 ad
780 1368 894 1408 4087.
922 1369 1044 1407 Paris.

89 1436 193 1475 4668
217 1435 280 1474 fol.
303 1438 343 1474 et
365 1439 472 1473 tomo
496 1434 558 1473 lV.
574 1434 818 1484 Scriptorum
833 1432 967 1472 ltaliae
981 1443 1045 1471 ce-

82 1498 280 1551 leberrimi
302 1497 517 1536 Muratorii.

132 1561 277 1598 Petrus
294 1557 495 1598 Diaconus
517 1558 565 1597 de
583 1559 687 1598 Viris
702 1557 923 1597 illustribus
947 1559 1041 1599 Cas-

82 1622 334 1672 sinensibuS,
357 1633 449 1661 cum
487 1620 643 1660 Placidi
672 1621 972 1672 supplemento,
997 1625 1038 1661 et

76 1685 133 1724 .Ῑο.
157 1684 361 1737 Baptistae
382 1683 493 1724 Mari
523 1685 639 1723 notis.
672 1683 770 1722 Vide
803 1684 900 1722 infra
917 1715 928 1732 ,
953 1685 1036 1723 PE-

75 1750 230 1797 TRUS,
254 1753 295 1788 et
318 1747 428 1788 LEO.

126 1813 178 1852 Μ.
198 1810 391 1850 Antonius
415 1809 544 1862 Scipio
566 1810 820 1848 Placentinus
843 1809 882 1846 in
898 1809 1033 1859 elogiis

73 1873 273 1914 Abbatum
295 1877 336 1913 et
369 1874 553 1913 Virorum
589 1872 803 1911 illustrium
845 1871 1029 1910 Coenobii

72 1937 336 1976 Cassinensis.
378 1935 539 1986 Neapoli
573 1934 700 1984 4644,
731 1934 857 1984 4630,
897 1934 1029 1983 4634,

74 2000 176 2040 4643
201 1999 265 2038 fol.

122 2059 312 2100 Johannis
348 2059 552 2099 Trithemii
579 2059 629 2099 dc
670 2060 773 2100 Viris
809 2059 1029 2098 illustribus

71 2122 230 2163 Ordinis
249 2124 288 2163 S.
311 2122 514 2163 Benedicti
527 2123 614 2162 libri
633 2123 696 2161 IV.
713 2122 846 2163 Colon.
869 2120 963 2161 4574
979 2151 988 2167 ,
1007 2122 1028 2160 4

71 2190 111 2225 et
134 2187 238 2225 inter
263 2186 340 2225 alia
359 2184 446 2236 ejus
475 2187 621 2237 scripta
650 2187 713 2237 pia
735 2196 780 2223 ac
810 2185 1028 2235 spiritualia

73 2250 245 2299 Mogunt.
271 2249 373 2288 4604
398 2249 461 2287 fol.

122 2309 292 2350 Arnoldi
309 2309 422 2352 Wion
438 2340 446 2359 ,
463 2311 700 2359 Duacensis,
714 2311 882 2361 Lignum
902 2311 1025 2359 Vitae,

70 2374 154 2413 sive
169 2375 276 2413 initia
289 2373 383 2412 Ord.
398 2372 544 2412 Bened.
564 2376 605 2412 et
618 2374 700 2412 Viri
714 2374 808 2412 clari
824 2373 1027 2425 dignitate,

63 2436 264 2485 doctrina,
290 2437 499 2475 sanctitate
523 2447 568 2474 ae
596 2436 819 2486 principatu
842 2435 1027 2486 descripti

69 2497 178 2536 libris
200 2498 244 2536 V.
267 2498 444 2536 Venetiis
473 2498 601 2547 4595,
627 2498 648 2535 4
678 2497 833 2536 duobus
857 2498 1029 2537 Volumi-

69 2560 210 2607 nibus,
248 2563 289 2598 et
320 2571 371 2598 ex
407 2559 643 2598 Germanica
673 2561 856 2599 versione
891 2560 1030 2600 Caroli

70 2620 274 2673 Steaqehi,
296 2621 367 2660 sed
391 2623 430 2659 in
451 2633 530 2672 qua
550 2622 737 2672 pleraque
749 2623 881 2660 omnia
895 2622 944 2661 ad
960 2635 1028 2662 no-

69 2685 195 2723 titiam
206 2685 441 2735 scriptorum
458 2683 639 2723 facientia
651 2684 939 2734 desiderantur,
948 2684 1028 2726 Au-

69 2750 211 2797 gustae
234 2744 386 2785 Vindel.
410 2745 538 2794 4609,
564 2746 658 2785 4624
678 2777 687 2795 ,
713 2746 747 2784 4.

121 2807 283 2848 Antonii
308 2806 462 2860 Yepesii
482 2807 750 2846 Vallisoletani
775 2809 939 2848 Cronica
962 2821 1028 2860 ge-

70 2871 179 2910 neral
201 2870 307 2910 dela
328 2870 458 2911 Orden
484 2870 532 2908 de
563 2870 599 2909 S.
631 2871 780 2908 Benito.
816 2871 1026 2910 Centuriac

69 2933 138 2973 VII
168 2934 431 2973 Salmanticae
456 2932 560 2972 4607
581 2932 630 2971 ad
659 2932 750 2971 4624
783 2932 844 2970 fol.
871 2937 1024 2984 septem

68 2997 246 3045 tomis,et
257 2997 293 3034 in
304 2995 579 3047 compendium
597 2995 708 3033 missi
721 2993 892 3033 Annales
902 2997 1025 3035 Bene-

69 3058 204 3097 dictini
218 3059 515 3109 continuatiquc
529 3069 550 3096 a
566 3055 747 3096 Gabriele
756 3056 935 3095 Bzccelino
946 3058 1025 3098 Au-

67 3124 206 3172 gustae
219 3120 372 3160 Vindel.
392 3121 493 3160 4656
512 3120 574 3159 fol.
594 3124 636 3159 ut
653 3124 811 3170 coeptas
833 3120 1022 3159 Gallicam

68 3182 423 3233 Germanicamque
452 3184 676 3221 versionem
705 3187 960 3233 praeteream.

122 3243 296 3284 Annales
305 3244 546 3284 Benedictini
556 3256 576 3284 a
589 3243 811 3285 Constantio
821 3243 1020 3295 Cujetano,

71 3317 239 3356 quorum
248 3317 361 3358 spem
377 3307 468 3345 facit
484 3308 519 3344 in
536 3307 816 3345 commentario
832 3305 879 3344 ad
897 3307 1020 3345 vitam

71 3367 215 3407 Gelasii
233 3369 266 3406 ΙΙ
290 3368 418 3407 lucem
441 3380 644 3418 nunquam
668 3368 865 3413 viderunt.

2011 251 2086 291 187

1184 315 1351 356 Arnolslt
1373 317 1485 358 iwan
1508 309 1831 371 martyrologium
1847 321 2083 362 Sanctorum

1132 378 1290 418 Ordinis
1315 380 1353 419 S.
1378 380 1620 420 Benedictini
1655 381 1810 422 duobus
1831 382 2085 423 Observatio-

1131 452 1226 479 num
1253 442 1360 481 libris
1381 442 1621 485 illustratum
1644 445 1692 484 ab
1713 446 1875 497 Huqone
1893 447 2082 487 Menardo

1131 503 1249 542 Paris.
1278 502 1402 555 4629,
1427 506 1463 543 8.

1181 563 1371 605 Ludovici
1388 566 1568 616 Bultelli,
1592 569 1734 619 abrege
1748 570 1796 609 de
1820 571 2018 612 l'Historie
2031 573 2080 611 de.

1128 626 1167 665 S.
1192 628 1423 676 Benoi't,oi1
1454 629 1478 668 il
1506 634 1569 668 est
1596 632 1702 681 parle
1726 632 1796 671 des
1827 635 1984 683 Samis,
2007 635 2080 675 des

1126 688 1306 728 hommes
1336 690 1536 740 illustres,
1567 691 1616 731 de
1647 694 1682 732 la
1712 695 1909 735 fondation
1938 702 1978 736 et
2005 698 2078 737 des

1123 752 1352 802 principaux
1368 763 1611 792 evenemens
1624 754 1695 793 des
1709 757 1949 798 Monasteres
1969 762 2078 800 Paris

1124 813 1225 851 4684
1244 843 1252 862 ,
1278 814 1298 851 4
1321 813 1476 854 duobus
1497 816 1784 858 VoluminibuS.

1173 873 1345 913 Jacobae
1377 876 1533 916 Boettae
1552 877 1778 919 Blemuriae
1801 893 1930 924 annus
1953 887 2076 925 Bene-

1121 936 1294 976 dictinus
1312 938 1384 986 ,de
1409 949 1486 990 qua
1510 940 1601 980 vide
1624 943 1810 983 Huiltium
1828 945 1890 984 lib.
1909 948 1931 986 3
1952 947 2000 987 (10
2017 961 2076 987 re-

1120 998 1195 1038 bus
1218 999 1266 1038 ad
1291 1012 1334 1039 se
1357 1003 1646 1052 pertinentibus
1669 1016 1753 1056 pag.
1781 1008 1854 1046 490
1880 1020 1962 1060 seq.

1171 1062 1335 1103 Joanm's
1349 1063 1571 1104 mabillonii
1582 1066 1755 1106 Annales
1772 1070 1807 1118 a)
1820 1071 2075 1121 Benedictini,

1119 1126 1251 1163 tomus
1268 1126 1294 1164 Ι.
1313 1127 1431 1165 Paris.
1454 1127 1553 1167 4703
1572 1129 1633 1167 fol.
1651 1129 1699 1168 ab
1714 1134 1803 1170 ortu
1820 1132 1860 1171 S.
1874 1135 2075 1174 Benedicti

1118 1184 1165 1223 ad
1189 1185 1262 1226 An.
1288 1186 1363 1226 700
1388 1193 1520 1228 tomus
1545 1191 1747 1231 secundus
1766 1194 1814 1232 ab
1834 1193 1908 1233 An.
1927 1196 1994 1237 704
2026 1199 2072 1237 ad

1118 1248 1206 1286 849.
1235 1251 1378 1288 tertius
1400 1251 1448 1289 ab
1476 1250 1589 1290 Anno
1617 1254 1692 1292 850
1722 1254 1768 1293 ad
1795 1256 1882 1295 980.
1907 1264 2076 1308 quartus

1117 1308 1164 1347 ab
1186 1308 1300 1349 Anno
1324 1312 1400 1350 984
1424 1312 1472 1351 ad
1507 1314 1620 1353 4066.
1645 1317 1811 1366 quintus
1830 1318 1878 1356 ab
1901 1319 1946 1357 Α.
1971 1322 2074 1360 4067

1117 1372 1219 1411 4446
1243 1374 1309 1423 qui
1334 1379 1422 1424 post
1440 1375 1706 1416 Mabillonium
1728 1377 1773 1417 Λ.
1796 1380 1898 1419 4707
1914 1381 1964 1421 27
1980 1384 2070 1422 Dee.

1114 1432 1346 1473 defunctum
1370 1447 1389 1474 a
1415 1437 1653 1477 Theodorico
1682 1440 1895 1493 Ruinarto,
1920 1449 1960 1482 et
1983 1451 2073 1496 post

1115 1494 1221 1534 hunc
1249 1508 1406 1547 quoque
1435 1497 1508 1536 An.
1541 1498 1644 1538 4709
1677 1501 1725 1539 29
1751 1503 1857 1553 Sept.
1888 1511 2069 1557 ereptum

1113 1557 1232 1597 rebus
1264 1558 1474 1609 humanis,
1509 1571 1532 1599 a
1571 1562 1724 1601 Renato
1760 1566 1956 1606 Massueto
1992 1569 2071 1608 luci

1110 1620 1287 1672 publicae
1310 1621 1429 1661 datus
1448 1627 1535 1668 est,
1562 1623 1663 1663 4743
1689 1626 1752 1664 fol.

1160 1683 1290 1722 Lucae
1304 1684 1486 1737 Daclzery
1500 1717 1510 1734 ,
1529 1686 1553 1724 b
1569 1686 1578 1735 )
1599 1691 1638 1725 et
1653 1686 1817 1729 Joamzis
1831 1688 2046 1730 Mabilloniz
2058 1722 2066 1738 ,

1105 1744 1204 1785 Acta
1240 1747 1477 1787 Sanctorum
1514 1748 1672 1788 Ordinis
1698 1751 1736 1790 S.
1775 1753 2002 1803 Benedicti,
2027 1755 2066 1793 in

1103 1809 1351 1848 saeculorum
1380 1811 1531 1849 classes
1560 1811 1771 1852 distributa
1793 1843 1801 1861 ,
1834 1816 1887 1854 ita
1907 1812 1962 1855 ¹ut
1989 1816 2064 1856 An.

1106 1871 1207 1910 4668
1230 1873 1349 1910 Paris.
1380 1873 1418 1910 in
1444 1873 1506 1911 fol.
1546 1873 1698 1913 editum
1723 1876 1925 1916 saeculam
1947 1879 1978 1917 I.
2012 1881 2066 1918 sit

1102 1944 1124 1972 a
1146 1933 1312 1972 CHristo
1335 1939 1426 1973 nato
1449 1937 1635 1982 gemtum,
1660 1937 1693 1975 ΙΙ
1719 1939 1961 1988 septimum,
1987 1940 2061 1980 An.

1104 1995 1205 2033 4669
1222 1996 1286 2033 ΙΙΙ.
1303 2000 1501 2045 octavum,
1517 1996 1704 2036 Λη.4672
1721 1999 1744 2037 2
1764 2000 1983 2040 Volumlv.
1995 2014 2062 2041 no-

1104 2058 1248 2105 num,2
1264 2058 1416 2097 Volum.
1434 2058 1508 2097 An.
1527 2059 1639 2104 4677,
1662 2062 1762 2100 4680
1786 2063 1830 2100 V.
1848 2062 2060 2111 decimum,

1102 2118 1147 2158 A.
1183 2121 1282 2160 4685
1303 2121 1364 2160 Vl.
1390 2121 1673 2171 undecimum,
1707 2123 1860 2163 duobus
1887 2126 2063 2165 Volumi-

1103 2182 1236 2233 nibus,
1269 2182 1363 2222 4704
1395 2183 1458 2221 fol.
1489 2184 1653 2223 Caetera
1692 2186 1849 2225 saecula
1884 2187 2063 2228 additum

1101 2245 1145 2283 iri
1162 2255 1370 2297 speramus
1386 2245 1434 2284 ab
1449 2247 1604 2296 egregio
1621 2247 1706 2284 viro
1716 2248 1921 2288 Bernarclo
1947 2251 2035 2289 Pez.

1151 2306 1355 2347 Michaelis
1371 2306 1512 2359 Anqeli
1531 2307 1749 2361 Bellifortis
1765 2339 1773 2356 ,
1792 2312 1837 2359 c)
1862 2313 2063 2360 Perusini,

1100 2368 1264 2409 Abbatis
1296 2370 1555 2422 Chronologia
1578 2372 1712 2410 brevis
1745 2373 2058 2415 Coenobiorum.

1103 2434 1357 2483 virorumque
1377 2433 1589 2472 illustrium
1604 2434 1668 2472 vel
1685 2435 2058 2474 commendabilium

1101 2495 1422 2545 Congregationis
1445 2494 1589 2533 montis
1612 2493 1780 2543 Oliveti,
1805 2495 1895 2533 Ord.
1922 2497 1959 2534 S.
1991 2499 2062 2535 Be-

1101 2555 1269 2603 nedicti,
1291 2555 1573 2594 monachorum
1601 2556 1915 2595 Occidentalium
1941 2559 2062 2595 Patri-

1100 2617 1267 2666 archae,
1300 2617 1568 2667 complectens
1604 2617 1762 2656 divisim
1799 2629 2059 2669 quascunque.

1100 2689 1262 2718 suarum
1278 2679 1577 2731 Provinciarum
1594 2679 1779 2717 Nationes
1795 2679 1843 2717 ad
1859 2680 1933 2718 An.
1953 2682 2019 2720 434
2032 2683 2055 2718 9

1098 2752 1192 2780 suae
1222 2740 1483 2778 institutionis
1514 2751 1643 2790 usquc
1672 2740 1721 2778 ad
1749 2738 1910 2780 Annum
1943 2743 2055 2783 4720.

1098 2801 1301 2842 Mediolani
1329 2800 1429 2840 4720
1458 2803 1493 2839 4.

1151 2933 1183 2972 a)
1201 2936 1280 2966 Acta
1296 2932 1517 2965 Eruditorum
1543 2936 1604 2966 An.
1627 2934 1706 2966 1705
1723 2944 1796 2975 paa.
1818 2936 1878 2969 415
1896 2941 1985 2969 tomo
2008 2940 2063 2971 vl.

1091 2984 1258 3023 Supplem.
1275 2992 1351 3024 pag.
1374 2982 1433 3013 150
1450 2987 1482 3013 et
1500 2987 1561 3016 An.
1593 2983 1674 3015 1715
1697 2985 1773 3026 pag.
1797 2986 1864 3018 1:30.
1888 2990 2060 3020 Momoires

1091 3034 1130 3065 de
1159 3037 1308 3065 Trevoux
1335 3037 1429 3064 Anno
1459 3032 1542 3065 1705
1573 3043 1650 3075 pag.
1688 3035 1749 3067 5¹10
1775 3040 1835 3068 An.
1870 3036 1948 3069 1710
1984 3047 2058 3078 pag.

1087 3083 1149 3114 585
1164 3086 1228 3114 etc.

1148 3131 1184 3171 b)
1203 3135 1279 3163 Acta
1311 3132 1528 3165 Erudiiorum
1562 3138 1598 3166 Α.
1631 3134 1709 3166 1686
1728 3144 1802 3175 pag.
1821 3136 1861 3166 :⁹17
1876 3140 1907 3167 et
1925 3139 1958 3168 ,4.
1980 3136 2061 3169 1705

1089 3181 1252 3221 pag.›'105.
1281 3184 1416 3214 Journal
1437 3185 1492 3215 ‹les
1514 3186 1636 3215 Savaus
1658 3189 1717 3216 An.
1750 3185 1830 3216 1702
1854 3194 1928 3226 pag.
1946 3187 1986 3217 29
2007 3187 2060 3219 65.

1087 3233 1255 3263 Meinoires
1271 3232 1309 3263 de
1328 3235 1476 3265 'rrevoux
1496 3237 1531 3264 A.
1556 3233 1634 3265 1705
1655 3243 1732 3275 pag.
1750 3234 1806 3267 451
1827 3241 1858 3267 et
1876 3239 1961 3268 Aout
1980 3246 2057 3277 pag.

1090 3281 1144 3312 151
1165 3287 1195 3312 et
1219 3284 1280 3312 An.
1301 3280 1380 3312 1705
1399 3290 1474 3322 pag.
1491 3282 1564 3314 951.

1149 3330 1180 3368 c)
1212 3331 1365 3363 (ἰᾶσι-0010
1398 3331 1617 3366 ‹le'Letterati
1653 3333 1798 3367 d‘ltalia
1826 3337 1907 3368 tom.
1934 3337 2059 3367 xxxiii

1087 3384 1179 3420 parte
1195 3381 1214 3412 *2
1233 3389 1308 3421 pag.
1327 3381 1387 3413 406
1406 3390 1476 3422 seq.
1988 3383 1991 3388 ”
