2500 4009
411 221 462 256 τῦ
829 204 832 205 ’
1144 208 1635 262 ΔΑΜΛΙΛΧΒΙΗΞ

410 288 519 327 narii
540 289 601 337 (in
625 296 702 336 qno
727 280 1012 323 Lectionarmm
1031 279 1149 318 etiam
1169 284 1209 317 et
1225 279 1371 318 Canta-

411 350 557 390 corium
580 353 620 387 et
650 341 986 386 Commentarium
1022 339 1221 380 diurmlis
1246 338 1374 394 Officii

411 418 546 452 auctor
562 411 633 449 suit
654 405 874 459 pollicitus)
891 405 929 442 in
945 401 1169 444 Melchioris
1184 401 1375 453 Hittorpii

411 474 636 513 collectione
660 469 906 519 Scriptorum
935 466 984 505 de
1012 466 1167 505 Divinis
1196 465 1370 512 Officiis,

413 524 592 575 coioniae
611 532 712 571 4568
735 531 796 569 fol.
814 540 934 580 quam
956 528 1059 567 inira
1074 539 1166 567 cum
1184 527 1369 566 ORDINE

413 599 585 635 Romano
610 603 815 639 recenseo,
838 595 880 630 et
912 592 950 629 in
982 589 1127 641 Georyi
1160 587 1371 638 Ferrarii,

413 658 555 696 Romae
582 655 675 695 1591
708 654 769 692 fol.
795 664 868 692 nec
892 665 969 691 non
1010 654 1047 690 in
1082 652 1281 691 universis
1304 652 1373 689 Pa-

415 724 521 757 trum
537 716 807 765 BibliotheciS,
822 725 867 754 ac
888 715 1104 754 novissima
1120 712 1372 764 Lugdunensi

415 786 509 819 tom.
533 779 635 819 XIV.

467 838 754 881 AMALARIUS
776 840 1038 887 Fortunatus,
1067 837 1281 878 Monachus
1302 838 1373 876 Bc-

417 904 655 950 nedictinus,
678 907 719 942 et
741 903 789 941 ab
813 901 927 941 Anno
951 902 1102 941 CHristi
1140 901 1215 940 810
1239 899 1374 938 Archi-

417 968 627 1019 episcopus
655 963 915 1013 Trevircnsi's,
938 965 1005 1013 qui
1022 964 1171 1002 missus
1193 974 1215 1000 a
1238 962 1374 1002 Carolo

415 1030 554 1079 Magno
592 1028 630 1065 in
660 1027 871 1066 Saxoniam
908 1024 1022 1064 Anno
1051 1026 1121 1064 811
1156 1024 1374 1063 Ecclesiam

415 1090 752 1139 hamburgensem
778 1089 817 1125 in
839 1087 1027 1125 honorem
1044 1088 1085 1124 B.
1102 1086 1272 1135 Virginis
1286 1095 1378 1122 con-

417 1153 603 1198 secravit,
620 1151 788 1189 triennio
810 1154 898 1200 post
914 1149 1127 1186 extinctus.
1146 1148 1273 1186 Vitam
1291 1145 1378 1196 ejus

417 1214 575 1265 scripsit
599 1213 887 1252 Constantinus
911 1212 1112 1249 Caetanus
1140 1208 1286 1247 editam
1306 1210 1380 1246 Ro-

417 1287 504 1314 mae
527 1275 645 1324 1612,
673 1275 693 1311 4
718 1274 786 1323 qui
810 1270 959 1310 librum
979 1269 1025 1309 de
1053 1269 1208 1308 Divinis
1234 1269 1379 1323 Officiis

419 1349 496 1375 non
512 1337 694 1383 Metensi,
719 1335 788 1373 sed
810 1335 900 1374 huic
915 1333 1110 1373 Amalario
1126 1332 1379 1371 tribuendum

418 1397 639 1447 contendit,
659 1397 765 1447 quod
789 1401 945 1448 praeter
980 1394 1236 1445 Anonymum
1259 1395 1381 1433 Melli—

419 1471 580 1499 censem
601 1471 684 1510 cap.
710 1459 752 1498 71
779 1458 827 1497 (16
847 1457 1114 1509 Scriptoribus
1128 1457 1379 1496 Ecclesiasti-

418 1525 492 1572 cis,
515 1522 662 1561 diserte
686 1523 804 1559 etiam
828 1521 918 1558 facit
938 1519 1145 1558 Albericus
1164 1518 1377 1557 Monachus

418 1586 538 1624 trium
564 1585 729 1622 fontium
755 1584 794 1621 in
819 1582 1012 1622 Chronico
1041 1580 1090 1619 ad
1113 1580 1274 1619 Annum
1300 1580 1376 1619 810

420 1658 506 1698 pag.
535 1647 621 1685 455.
653 1647 794 1685 Wasco
813 1642 947 1682 Abbas
966 1641 1174 1683 Mediolacz'
1189 1640 1268 1693 fuit
1293 1641 1379 1680 Ar-

420 1708 687 1760 chiepiscopus
708 1705 972 1754 Treverensis,
995 1708 1030 1742 et
1043 1707 1134 1755 post
1148 1715 1241 1753 *eum
1259 1702 1380 1741 Ama·

421 1770 550 1809 larius
572 1770 814 1808 Fortunatus
839 1765 1088 1816 cardinalis,
1127 1764 1198 1816 qui
1233 1763 1379 1803 librum

421 1832 648 1886 Officiorum
670 1830 1044 1870 Ecclesiasticorum
1059 1826 1283 1879 composuit.
1302 1826 1379 1866 Sed

422 1895 507 1934 libri
530 1894 579 1933 de
603 1894 750 1933 Officiis
773 1892 823 1931 ad
846 1891 1090 1932 Ludovicum
1114 1891 1226 1929 Pium
1242 1889 1381 1939 glorio-

422 1958 697 2005 riosissimum‚
709 1960 753 1994 ut
763 1966 854 1994 eum
870 1953 1380 2004 compellatlmperalorem,

424 2020 559 2070 scripti
582 2023 677 2057 sunt
699 2021 788 2068 post
811 2015 972 2055 Annum
997 2016 1099 2062 819,
1125 2014 1144 2036 ²*
1174 2025 1299 2063 quum
1330 2012 1381 2051 A-

426 2080 585 2119 malario
604 2079 828 2118 Treviitensi
847 2076 927 2126 jam
951 2075 1138 2114 defuncto
1166 2075 1381 2114 successis-

426 2146 487 2180 set
522 2141 687 2179 Hettius.
723 2139 881 2186 Confer,
920 2149 1020 2187 quae
1054 2135 1289 2175 Sirmondus
1332 2135 1380 2173 ad

425 2205 663 2249 Caetanum,
684 2200 787 2251 apud
810 2200 1007 2238 Labbeum
1031 2199 1079 2237 de
1100 2199 1137 2238 S.
1163 2199 1207 2237 E.
1232 2202 1326 2235 tom.
1352 2198 1379 2235 1.

426 2277 463 2316 p.
488 2265 564 2303 692
584 2275 642 2313 sq.
667 2268 708 2301 et
731 2267 823 2300 tom.
850 2263 896 2300 lV
921 2262 1094 2312 Operum
1119 2259 1312 2299 Sirmondi
1343 2270 1378 2309 p.

427 2327 503 2364 643
525 2337 582 2376 sq.
608 2322 806 2376 Epz'slolae
829 2334 986 2374 quoque
1005 2334 1099 2373 sem,
1122 2333 1222 2373 quas
1246 2322 1381 2371 vulga-

424 2390 484 2427 vit
503 2387 718 2447 Da'cherius
742 2390 834 2424 tom.
863 2386 928 2425 Vll
953 2386 1146 2437 Spicilegii
1175 2396 1211 2435 p.
1238 2384 1312 2423 164Ι
1341 2387 1381 2421 61

426 2455 520 2489 tom.
547 2451 598 2489 ΙΙΙ
623 2448 805 2488 editionis
830 2459 953 2487 novae
977 2459 1062 2499 pag.
1089 2447 1163 2485 330
1194 2457 1381 2496 quarum-

426 2525 503 2565 que
527 2512 666 2552 ultima
688 2515 750 2549 est
773 2510 828 2548 De
852 2507 1123 2549 observatione
1153 2507 1381 2559 Quadi-aye-

426 2576 575 2624 simae,
600 2585 676 2612 non
698 2573 991 2620 Trevirensem,
1016 2571 1086 2610 scd
1106 2570 1294 2620 eundem⁷
1314 2571 1381 2621 qui

427 2639 476 2677 de
506 2638 642 2676 officiis
674 2635 847 2686 scripsit,
865 2634 1107 2673 Amalarium
1142 2632 1287 2672 habent
1314 2644 1383 2671 au-

428 2705 589 2740 ctorem.
610 2700 661 2738 Et
683 2700 833 2749 priores
852 2696 1030 2747 quidem,
1047 2707 1147 2746 quae
1171 2694 1217 2734 de
1231 2694 1383 2733 nomine

429 2762 557 2802 JESU
587 2764 778 2808 tractant,
804 2762 898 2797 sunt
931 2758 1115 2797 ultimum
1152 2761 1270 2808 caput
1297 2756 1382 2795 libri

429 2825 532 2864 tertii
555 2823 603 2862 de
626 2823 774 2862 Officiis
795 2820 1100 2868 Ecclesiasticis,
1122 2819 1227 2870 quod
1247 2820 1286 2857 in
1302 2818 1382 2857 edi-

432 2886 604 2926 tionibus
620 2885 884 2935 ,desideratuffi
906 2882 976 2921 sed
999 2886 1157 2922 notatur
1180 2883 1218 2920 in
1256 2880 1381 2920 indice

485 3035 498 3050 ·
523 3038 633 3076 Neque
647 3037 824 3068 Metensem
838 3059 848 3074 ‚
872 3043 978 3076 neque
1000 3036 1227 3067 Trevirensem
1243 3032 1382 3072 Episco-

433 3094 510 3125 pum
523 3111 533 3124 ,
554 3087 610 3118 sed
630 3088 767 3118 tei-tium
783 3086 949 3125 quendam
974 3085 1174 3116 Amalarium
1191 3083 1304 3121 fuisse,
1322 3083 1380 3122 qui

433 3139 521 3168 circa
545 3140 677 3168 Annum
698 3136 759 3166 827
780 3137 820 3168 (16
842 3135 966 3167 Officiis
988 3135 1226 3167 Ecclesiasticis
1244 3134 1386 3173 scripse-

428 3187 493 3223 rit,
520 3187 690 3218 contendit
717 3185 904 3217 Blondellus
919 3210 928 3223 ,
953 3193 1051 3225 quem
1073 3184 1148 3216 vide
1169 3186 1213 3215 sis
1237 3184 1321 3215 libro
1340 3183 1378 3214 de

428 3235 598 3273 Episcopls
613 3244 686 3275 pag.
703 3236 742 3266 80
765 3228 920 3275 Ecloyae
942 3234 1098 3266 amalarii
1119 3234 1255 3265 Abbatis
1270 3234 1308 3265 in
1325 3236 1384 3264 Or-

431 3282 551 3313 dinem
574 3285 770 3316 Romanam
794 3284 902 3317 editae
942 3289 1020 3316 sunt
1042 3292 1060 3316 a
1083 3284 1273 3317 mabillonio
1303 3287 1383 3315 torn.

428 3333 455 3362 ll
479 3332 579 3364 Musei
601 3333 704 3366 italici
729 3342 802 3374 pag.
831 3334 985 3367 549-539.

1447 285 1632 335 capitum.
1657 284 1752 326 Vide
1783 287 1824 325 B.
1862 285 2037 335 Ittigium
2064 285 2113 324 de
2151 284 2402 325 Bibliothecis

1442 347 1601 388 Patrum
1625 361 1710 401 pag.
1748 349 1838 389 213.
1860 348 2054 388 Amalario
2091 352 2224 388 autem
2254 349 2403 389 Treve-

1444 415 1548 454 rensi
1583 410 1801 465 Epistolam
1838 411 1885 450 cle
1923 410 2185 451 Caerimoniis
2208 410 2405 464 Baptismz·

1443 477 1490 517 ad
1514 478 1696 517 Carolum
1715 476 1900 524 Magnum
1924 474 1999 514 sub
2018 473 2171 514 Alcuini
2195 476 2354 514 nomine
2377 486 2400 514 a

1444 542 1599 580 Canisio
1622 544 1728 578 tomo
1751 538 1801 577 VI
1824 535 2043 586 ¹Antiquar.
2069 538 2173 576 Lect.
2207 547 2293 588 pag.
2325 537 2401 578 166

1444 608 1485 642 et
1512 608 1605 642 tom.
1635 604 1668 641 ll
1695 601 1879 640 editionis
1901 610 2027 638 novae
2061 610 2147 650 pag.
2183 600 2252 640 511
2284 603 2403 650 atque

1448 666 1548 704 inter
1582 664 1740 704 Alcuini
1777 663 1905 713 Opera
1941 672 2027 711 pag.
2063 662 2156 701 1151
2201 660 2402 709 vulgatam

1446 727 1619 766 vindicat
1641 725 1774 765 Codex
1788 724 2047 771 Petavianus,
2071 725 2175 762 teste
2197 722 2404 762 Sirmondo

1448 790 1550 828 notis
1591 788 1640 827 ad
1678 785 1898 826 Theodulfii
1937 784 2234 825 Aurelianensis
2260 785 2404 825 librum

1447 852 1495 890 de
1519 851 1664 890 Ordine
1693 848 1886 900 Baptismi
1916 851 2010 886 tom.
2039 848 2086 887 ΙΙ.
2116 848 2289 900 Operum
2317 859 2404 899 pag.

1449 914 1538 952 913.

1501 972 1786 1015 AMALRICUS
1815 971 1986 1024 Auqerii
1997 971 2046 1011 de
2065 973 2245 1020 Biterris,
2274 971 2408 1023 Augu-

1450 1038 1604 1076 stianus
1639 1035 1869 1075 Monasterii
1897 1036 1939 1073 B.
1970 1034 2103 1073 Mariae
2134 1033 2183 1073 de
2211 1033 2405 1086 Apriano,

1452 1101 1536 1137 sive
1565 1098 1782 1149 Aspriano,
1811 1097 2001 1135 Elnensis
2019 1127 2028 1143 ,
2060 1097 2146 1135 sive
2174 1096 2408 1136 Helenensis

1451 1161 1642 1200 Dioeeesis
1670 1161 1801 1207 Prior,
1826 1160 1971 1197 Doctor
1994 1157 2274 1197 Universitatis
2301 1160 2409 1198 Mon-

1453 1221 1720 1273 tepessulanae
1743 1225 1783 1259 et
1805 1220 1953 1260 Urbani
1975 1220 2021 1259 V.
2046 1218 2284 1271 Capellanus
2305 1222 2408 1261 cirea

1453 1283 1615 1324 Annum
1644 1283 1798 1323 Cllristi
1829 1283 1931 1322 1362
1960 1295 2010 1322 ex
2038 1282 2173 1322 CCIX.
2205 1282 2409 1322 Chronicis

1455 1348 1612 1398 scripsit
1630 1345 1753 1385 Actus
1771 1344 2001 1396 Pontificum
2024 1346 2288 1384 Romanorum
2303 1357 2325 1384 a
2339 1347 2409 1385 Pe-

1453 1414 1512 1447 tro
1541 1420 1670 1460 usque
1700 1408 1749 1447 ad
1780 1407 2002 1446 Johannem
2031 1408 2105 1447 ΧΠ
2135 1408 2221 1446 sive
2248 1406 2408 1447 Annum

1452 1472 1602 1521 CHristi
1627 1472 1720 1510 1321
1758 1470 1807 1509 ad
1838 1470 2042 1510 Urbanum
2062 1469 2106 1508 V.
2129 1471 2222 1508 Post
2240 1481 2297 1514 ea,
2319 1481 2410 1521 quae

1451 1545 1501 1573 ex
1545 1532 1618 1572 hoc
1654 1532 1850 1572 Amalrico
1890 1531 2112 1583 produxere.
2149 1529 2410 1582 spondanus,

1452 1596 1517 1646 qui
1549 1607 1641 1635 eum
1671 1598 1715 1634 ut
1745 1594 1902 1633 fidelem
1940 1595 1975 1633 ei
2014 1596 2245 1633 accuratum
2274 1592 2410 1632 laudat

1453 1661 1538 1696 tum
1560 1657 1677 1705 alibi,
1700 1660 1786 1696 tum
1819 1654 1866 1694 ad
1896 1654 2056 1694 Annum
2083 1655 2185 1695 1310
2214 1666 2252 1692 n.
2275 1654 2309 1692 4.
2334 1654 2412 1692 Ba-

1454 1718 1603 1768 quius,
1626 1719 1693 1768 qui
1722 1719 1834 1758 Vitas
1853 1717 2072 1756 Clementis
2094 1716 2127 1756 V
2148 1719 2188 1755 et
2221 1716 2411 1754 Johannis

1451 1781 1563 1819 XXII
1594 1781 1699 1818 notis
1719 1780 1939 1818 illustratas
1958 1779 2142 1830 vulgavit
2161 1779 2199 1816 in
2221 1777 2410 1829 praeclaro

1452 1843 1579 1893 Opere
1600 1842 1648 1881 de
1668 1834 1783 1893 Papis
1797 1840 2148 1880 Avenionensibus
2162 1843 2257 1879 tom.
2272 1841 2305 1889 I,
2323 1850 2409 1891 pag.

1453 1904 1503 1943 95
1532 1908 1572 1942 et
1601 1904 1689 1943 185.
1713 1906 1754 1943 61
1776 1901 1992 1942 Leibm'tius
2019 1902 2068 1941 de
2099 1901 2285 1953 Gregorio
2307 1901 2341 1941 V
2369 1905 2412 1940 et

1453 1965 1657 2005 Clemente
1681 1966 1733 2015 II,
1758 1968 1874 2015 gente
1904 1964 2125 2003 saxonibus
2144 1966 2237 2001 tom.
2259 1963 2287 2001 I.
2309 1962 2413 2001 Scri-

1451 2030 1608 2076 piorum
1643 2026 1997 2065 Brunsvicensium
2035 2035 2121 2075 pag.
2153 2023 2229 2063 576
2257 2027 2298 2062 et
2327 2023 2404 2063 578

1454 2088 1652 2137 integrum
1682 2087 1854 2138 denique
1883 2097 1982 2137 opus
2010 2085 2218 2137 vulgatum
2237 2090 2300 2125 est
2319 2097 2339 2125 a
2359 2087 2407 2125 V.

1454 2151 1495 2189 C.
1524 2149 1674 2187 Joanne
1704 2147 1870 2200 Georqio
1899 2146 2078 2186 Eccardo
2111 2151 2205 2187 tom.
2235 2149 2281 2187 11.
2312 2149 2406 2188 Cor-

1453 2211 1811 2262 porisScriptorum
1829 2209 1946 2249 medii
1963 2211 2038 2248 aevi
2054 2221 2139 2261 pag.
2153 2211 2403 2250 1611-1821.

1454 2275 1594 2325 Lipsiae
1612 2272 1712 2313 1723
1729 2273 1767 2310 in
1785 2272 1846 2310 fol.
1859 2273 2044 2311 Testatur
2057 2272 2258 2311 Eccardus
2274 2271 2406 2311 Amal-

1454 2337 1578 2375 ricum
1597 2365 1605 2385 ,
1627 2335 1693 2386 qui
1713 2334 1762 2373 ab
1781 2334 2010 2372 Innocentio
2034 2334 2085 2373 Ill
2111 2332 2288 2373 diffusior
2315 2345 2405 2372 esse

1455 2399 1492 2437 in
1509 2398 1627 2436 rebus
1647 2397 1755 2435 aetati
1773 2406 1858 2435 suae
1873 2395 2122 2446 propioribus
2141 2396 2289 2446 incipit,
2304 2406 2404 2446 opus

1455 2458 1527 2498 hoc
1545 2459 1759 2510 digessisse
1782 2457 1916 2496 ordine
1932 2457 2152 2497 litterarum
2172 2456 2378 2509 Alphabeti
2395 2486 2404 2502 ,

1454 2534 1524 2573 per
1551 2521 1721 2573 capitula
1752 2520 1854 2560 1018
1878 2520 2083 2570 praelatam
2103 2523 2237 2560 autem
2257 2531 2279 2558 a
2299 2530 2342 2558 se
2365 2520 2405 2558 in

1455 2583 1623 2622 editione
1636 2581 1804 2622 hac''sua
1824 2581 2001 2620 ordinem
2017 2585 2242 2633 temporum
2255 2584 2296 2620 et
2316 2591 2407 2620 suc-

1455 2646 1675 2684 cessionem
1704 2645 1910 2695 Paparum.

1509 2705 1620 2745 Alius
1648 2704 1935 2745 AMALRICUS
1963 2704 2011 2744 de
2031 2702 2165 2754 Bena,
2190 2704 2407 2744 Carnoten-

1457 2769 1524 2816 sis,
1548 2770 1651 2807 circa
1674 2767 1835 2807 Annum
1855 2768 2007 2807 CHristi
2029 2767 2130 2808 1204
2151 2767 2200 2806 (16
2218 2777 2295 2816 quo
2314 2764 2405 2803 vide

1454 2831 1634 2871 Bulaeum
1663 2834 1757 2869 tom.
1788 2830 1852 2868 111.
1870 2830 2011 2868 Histor.
2033 2827 2256 2868 Academiae
2282 2827 2402 2865 Paris.

1454 2904 1539 2944 pag.
1569 2893 1619 2933 24
1651 2903 1735 2942 seq.
1763 2895 1804 2930 61
1834 2891 1895 2930 48.

1505 2953 1788 2994 AMALRICUS
1810 2955 1900 2992 Reoe
1912 2949 2102 2991 Hierosol.
2112 2950 2215 2989 circa
2228 2948 2266 2988 -Α
2273 2961 2398 2990 nuum

1452 3018 1603 3058 CHristi
1643 3016 1746 3055 4258
1787 3015 1902 3064 eique
1941 3022 2087 3063 suppar
2114 3009 2398 3052 AMALRICUS

1453 3076 1692 3118 Patricircha
1702 3076 1890 3115 Ecclesia>
1905 3073 2118 3112 Dominicae
2132 3073 2401 3112 Resurrectio-

1452 3143 1515 3179 nis
1537 3141 1585 3179 ab
1604 3138 1717 3178 Anno
1741 3135 1842 3176 1157
1866 3134 1913 3174 ad
1937 3134 2036 3174 1180
2057 3145 2226 3184 quorum
2245 3135 2400 3186 Episto-

1452 3203 1509 3241 las
1533 3201 1581 3241 ad
1604 3199 1847 3239 Ludovicum
1876 3198 2115 3235 Francorum
2142 3196 2288 3247 Regem
2317 3197 2397 3236 edi-

1453 3264 1508 3301 dit
1536 3262 1773 3313 Bongarsius
1797 3260 1834 3296 in
1859 3259 1982 3309 gestis
2004 3257 2087 3296 DEI
2113 3268 2181 3308 per
2200 3259 2395 3308 FrancoS,

1451 3326 1566 3377 Regis
1594 3322 1751 3374 quidem
1781 3320 1888 3359 Tom.
1920 3320 1958 3369 1,
1987 3330 2074 3369 pag.
2104 3318 2205 3359 1173
2228 3351 2237 3371 ,
2264 3320 2395 3371 1176,
