2500 3841
898 215 1346 257 BERNARDUS

119 296 180 335 nis
194 294 255 333 sui
276 301 403 342 usquo
419 288 469 328 ad
491 287 653 327 Annum
672 288 685 326 4
698 286 772 324 304
789 284 960 324 Annales
976 287 1075 325 Pon-

118 357 263 410 tificum
297 361 426 404 usque
463 350 514 390 ad
547 349 767 388 Johannem
805 348 917 386 XXII
953 352 1073 398 atque

118 416 434 472 Imperatorum,
476 416 517 451 et
556 413 785 450 Tractatum
823 409 870 448 de
909 409 1075 461 Synodis

118 491 246 532 usque
270 478 319 518 ad
343 488 416 517 sua
440 479 633 526 tempora,
652 473 819 512 Vossius
841 484 863 511 e
899 471 1075 510 Leandro

116 542 278 583 Alberto
311 541 516 579 memorat.
554 535 705 576 Eadem
729 539 769 573 et
800 535 914 585 longe
938 535 1051 585 plura
1067 562 1076 580 ‚

119 603 188 644 sed
206 602 354 642 inedita
378 600 509 640 adhuc
530 599 719 650 pleraque
749 600 942 636 memorat
971 597 1079 634 Jaco-

116 667 193 706 bus
214 663 422 704 Echardus
445 667 552 700 torno
581 662 707 712 primo
730 658 778 698 de
809 659 965 709 scriptis
1002 658 1078 696 Do-

116 728 405 767 minicanorum
425 735 511 775 pag.
531 722 606 762 579
624 734 706 772 seq.
731 725 771 760 et
795 722 833 758 in
849 720 911 758 his
934 721 1078 771 Specu-

117 788 250 829 culum
282 785 515 828 Sanctorale
549 786 570 824 4
594 785 748 824 Volum.
771 796 820 822 ex
851 794 928 834 quo
965 783 1078 833 plura

116 852 281 903 vulgata
313 854 409 889 sunt
444 850 483 887 in
521 847 665 886 Labbei
694 845 937 885 Bibliotheca
975 853 1077 881 nova

116 915 225 954 MSS.
249 914 369 952 etiam
395 909 597 963 Praefatio
612 910 737 949 Partis
758 911 922 958 quartae
941 904 995 943 acl
1014 906 1079 942 Jo-

117 975 285 1015 kannem
307 974 416 1015 XXII
431 978 526 1012 tom.
549 973 582 1012 ΙΙ
601 1003 608 1022 ,
625 983 711 1022 pag.
738 972 814 1010 543
839 979 931 1008 cum
952 969 1078 1017 Papae

117 1040 385 1090 responsione.
419 1035 590 1076 Nomina
618 1045 666 1073 ac
697 1036 809 1084 qesta
833 1029 1079 1070 Lemovicen-

118 1100 224 1140 sium
242 1100 528 1152 Episcoporum
551 1097 600 1137 ad
623 1096 782 1136 Annum
810 1092 911 1133 4273
930 1104 967 1142 p.
988 1092 1077 1130 265.

116 1163 173 1202 De
186 1160 400 1201 Ordinibus
417 1156 764 1200 Grandimontensi
776 1152 1080 1206 atqueArtiyiae

119 1226 157 1263 in
184 1225 354 1264 dioecesi
377 1225 539 1263 Lemov.
556 1226 596 1261 et
615 1220 662 1260 de
684 1216 924 1259 Monasterio
942 1217 981 1255 S.
999 1214 1082 1253 Au-

118 1287 269 1340 9ustini
288 1284 588 1326 Lemovicensis.
614 1295 698 1335 pag.
724 1281 800 1320 275
825 1280 913 1319 278.
938 1279 1000 1318 Ex
1017 1289 1082 1315 eo-

120 1351 211 1390 dem
247 1349 467 1390 Sanctorali
490 1349 613 1399 petita
650 1344 737 1385 Vita
765 1345 804 1383 S.
832 1341 1079 1389 Fulcranni‚

117 1413 301 1465 Episcopi
336 1410 603 1457 Lodovensis,
634 1410 674 1446 in
703 1407 814 1446 Actis
844 1405 1080 1443 Sanctorum

122 1477 171 1515 43
203 1474 429 1521 Februarii,
454 1477 494 1511 et
533 1470 619 1510 Vita
642 1471 681 1510 S.
717 1466 966 1515 Sacerdotis,
990 1466 1083 1515 Epi-

121 1537 228 1588 scopi
252 1534 571 1582 Lemovicensis,
596 1542 717 1584 quam
753 1534 846 1570 ante
882 1529 1081 1568 Labbeum

121 1603 217 1637 tom.
242 1598 303 1644 II,
327 1608 415 1648 pag.
443 1597 511 1636 664
543 1595 721 1634 ediderat
739 1593 926 1632 Baluzius
949 1591 1084 1630 Tutel-

119 1661 181 1701 lae
217 1660 476 1699 Lemovicum
499 1657 615 1698 Anno
651 1657 752 1696 4656
777 1655 826 1694 ad
853 1655 1001 1693 calcem
1025 1653 1083 1691 di-

120 1723 366 1775 squisitionis
389 1721 438 1760 de
462 1715 645 1768 saeculo,
667 1730 745 1770 quo
767 1719 991 1769 Episcopus
1018 1716 1081 1753 ille

117 1787 230 1824 vixit.
251 1785 314 1824 Ex
338 1782 459 1834 hujus
482 1782 672 1823 Bernardi
701 1778 923 1820 Annalibus
952 1777 1083 1817 Ponti-

120 1846 237 1885 {lcum
260 1846 473 1886 fusioribus
492 1849 532 1884 et
555 1843 804 1883 brevioribus
832 1841 937 1879 idem
965 1840 1083 1879 Balu-

119 1910 206 1948 zius
229 1909 408 1960 vulgavit
430 1908 561 1948 Vitam
581 1906 779 1957 duplicem
805 1901 1014 1943 Clementis
1040 1902 1078 1940 V.

119 1973 160 2010 in
182 1972 297 2022 Papis
316 1969 662 2010 Avenionensibus
682 1972 776 2005 tom.
801 1967 817 2004 Ι
835 1995 843 2014 ,
864 1977 950 2016 pag.
969 1965 1020 2004 55
1041 1969 1080 2003 et

119 2035 169 2074 62
193 2037 234 2072 et
255 2031 448 2071 Johannis
471 2031 603 2081 XXII,
627 2041 714 2081 pag.
740 2029 815 2068 433
840 2029 907 2067 454
932 2027 953 2050 *
977 2027 1081 2066 Scri-

114 2097 194 2147 psit
233 2094 339 2134 idem
379 2093 634 2133 Bernhardus
669 2089 972 2142 Genealoyiam‚
1010 2100 1081 2127 seu

119 2156 339 2197 Chronicon
360 2155 556 2196 Comitum
575 2154 855 2193 Tolosanorum
872 2183 881 2202 ,
897 2152 1001 2203 quod
1023 2153 1082 2189 in-

115 2225 178 2260 ter
210 2224 347 2259 vetera
379 2222 639 2258 monumenta
661 2218 853 2256 Historiae
879 2215 1079 2255 Comitum

115 2280 278 2322 Tolosae
295 2312 304 2330 ‚
327 2282 476 2322 Gallica
504 2281 639 2332 lingua
668 2281 837 2330 scriptae
867 2276 1080 2328 subjuncta

116 2345 239 2385 edidit
261 2345 484 2384 Guilelmus
501 2343 696 2391 Catellus,
713 2343 875 2381 Tolosae
894 2341 994 2380 4623
1014 2340 1077 2378 fol.

119 2407 273 2455 Casus,
297 2405 370 2458 qui
390 2405 431 2444 in
453 2403 714 2444 celebratione
733 2403 880 2442 Missae
899 2401 1080 2441 accidere

111 2468 294 2520 possunt,
318 2466 492 2519 qualiter
516 2466 612 2517 ipsis
632 2464 919 2504 occurrendum
939 2464 1004 2513 sit,
1025 2476 1080 2502 ea:

117 2529 233 2568 dictis
252 2528 495 2569 Venerabilis
509 2528 690 2567 Doctoris
710 2527 872 2566 Fratris
893 2526 1077 2574 Thomae,

117 2591 159 2630 in
180 2589 322 2628 ultima
350 2591 470 2628 Parte
507 2592 718 2637 Summae,
743 2599 938 2628 excusum
974 2589 1078 2626 circa

115 2653 226 2691 initia
249 2653 451 2690 nascentis
475 2651 771 2701 Typographiae
802 2651 886 2688 sine
911 2660 1014 2688 anno
1039 2654 1079 2687 et

115 2715 199 2754 loco
223 2715 261 2752 in
287 2713 355 2751 8.“’ο
378 2710 496 2751 Liber
524 2711 818 2751 Sententiarum
852 2710 1077 2761 Inquisitio-

114 2777 177 2816 nis
218 2774 431 2814 Tolosanae
460 2774 508 2813 ab
531 2774 603 2811 hoc
627 2773 850 2819 Bernardo,
875 2778 920 2811 ut
946 2774 1078 2823 lnqui-

115 2842 234 2880 sitore
250 2839 418 2878 latarum
435 2837 547 2875 Anno
573 2834 674 2874 4307
691 2834 739 2873 ad
761 2835 862 2874 4323
887 2836 1074 2885 vulgatus

113 2914 137 2942 a
160 2902 334 2952 Philippo
367 2898 603 2945 Liinborgio,
628 2896 674 2934 ad
705 2896 854 2934 calcem
884 2897 1074 2935 Historiae

115 2964 404 3016 Inquisit.3onis,
430 2959 714 3000 Amstelodami
753 2958 854 2997 4692
886 2958 946 2996 fol.
976 2970 1075 3009 opus

115 3028 271 3077 insigne
296 3025 345 3064 ad
375 3022 663 3075 dignoscendas
693 3032 770 3060 non
795 3020 910 3058 modo
941 3020 1076 3060 Albin-

115 3090 297 3142 gensium
326 3087 681 3134 Waldensiumquc
698 3084 900 3133 opiniones
916 3114 926 3131 ,
948 3083 1016 3121 sed
1035 3088 1074 3122 et

113 3151 161 3191 ad
187 3152 359 3190 rationes
395 3148 651 3187 tribunalium
692 3146 846 3184 illorum
888 3149 1074 3195 artesque

114 3213 259 3264 rigidas
280 3210 568 3263 intelligendas.
600 3210 761 3249 Caetera
791 3205 971 3245 Echardo
993 3219 1074 3246 me-

170 3345 186 3360 *
205 3343 339 3386 Propyi.
351 3347 423 3378 Aet.
439 3347 588 3379 sanctor,
604 3345 677 3383 Maj.
694 3349 769 3383 pag.
786 3339 824 3372 71
848 3339 889 3371 75
903 3339 955 3373 80.

2033 214 2110 251 205

1146 289 1296 323 morata
1319 287 1432 322 sunt:
1459 281 1696 333 Geneatoqia
1720 282 1869 331 Reyum
1894 279 2108 327 Franciae,

1147 351 1185 386 et
1201 346 1247 385 sle
1266 344 1441 399 ejusdem
1459 343 1584 396 Requi
1609 342 1770 396 oriyine.
1807 341 1977 382 Nomina
2009 340 2111 393 Apo-

1147 408 1340 447 stolorum
1368 411 1406 446 εἰ
1439 406 1735 458 Discipulorum
1766 404 1960 444 DOMINI
1984 402 2115 441 nostri

1147 471 1277 510 JESU
1298 470 1510 510 CHRISTI
1525 481 1614 508 cum
1636 467 1768 522 Officio
1787 467 1933 507 Missae
1960 466 2109 506 LXXII.

1148 532 1452 585 Discipulorum.
1460 533 1497 571 N
1497 531 1663 570 ominaE
1660 531 1914 582 piscoporum
1925 527 2112 568 dioecesis

1155 594 1387 644 Tolosanae,
1410 598 1448 633 et
1470 593 1720 645 quorundam
1734 593 2020 644 Episcoporum
2047 590 2114 628 To-

1152 656 1390 696 losanorum
1419 656 1535 696 Vitae.
1558 657 1765 694 Tractatus
1788 654 1835 693 (le
1860 653 2115 693 ordinatione

1149 718 1350 770 Sacrificii
1367 717 1537 764 Missae,
1558 718 1613 755 De
1649 716 1842 756 Articulis
1875 716 2014 762 Fidei,
2038 716 2111 755 Sa-

1154 780 1373 819 cramentis
1397 779 1622 827 Ecclesiae,
1649 779 1874 831 Praeceptis
1902 776 2087 828 Deculoyi
2103 807 2112 820 ‚

1151 842 1197 880 de
1239 840 1425 892 operibus
1452 839 1750 879 misericordiae
1778 838 2050 891 corporalibus
2079 842 2116 877 et

1155 901 1461 955 spiritualibus,
1486 902 1590 942 etde
1610 901 1763 940 dotibus
1798 901 1949 953 gloriae
1976 903 2113 940 Beato-

1151 977 1255 1003 rum.
1275 964 1391 1003 Dicta
1414 966 1652 1005 Sanctorum
1670 968 1789 1015 atque
1809 965 2019 1002 Doctorum
2038 964 2114 1002 Ec-

1153 1027 1295 1066 clesiae
1319 1026 1560 1079 loquentium
1579 1027 1624 1066 de
1643 1031 1802 1079 peccato
1819 1026 2016 1077 0ri9inali.
2038 1028 2114 1065 Ra-

1153 1089 1294 1128 tionale
1317 1089 1552 1128 Divinorum
1587 1089 1831 1143 Officiorum‚
1853 1091 1938 1127 sive
1962 1088 2008 1126 (le
2039 1089 2112 1126 Do-

1152 1151 1307 1190 minicis
1324 1183 1332 1201 ,
1351 1150 1466 1204 feriis
1487 1151 1677 1204 festisque
1695 1151 1742 1190 de
1768 1155 1937 1203 tempore
1957 1154 1995 1189 et
2015 1152 2115 1190 San-

1153 1218 1316 1253 ctorum.
1341 1215 1397 1253 De
1415 1217 1654 1265 paupertate
1681 1214 1895 1254 CHRISTI
1919 1213 2115 1252 adversus

1154 1276 1424 1315 Fratricellos.
1455 1278 1510 1315 De
1540 1276 1728 1316 Practica
1759 1276 1887 1330 Officii
1905 1276 2116 1328 Inquisito-

1156 1351 1261 1378 rum.

1209 1403 1249 1441 S.
1279 1401 1575 1442 BERNARDUS
1605 1402 1867 1454 Burgundus,
1888 1402 2025 1442 Gallus
2049 1414 2116 1440 na-

1156 1468 1222 1503 tus
1245 1464 1359 1504 Anno
1377 1466 1470 1505 4094
1493 1465 1772 1504 Monachorum
1789 1466 2113 1505 Cistercicnsium

1156 1527 1340 1567 Coenobii
1356 1525 1692 1567 Claraevallensis
1707 1556 1715 1575 ,
1732 1530 1816 1565 sive
1841 1527 2117 1566 Caraevallen-

1156 1590 1212 1627 sis
1234 1591 1273 1639 a)
1298 1590 1437 1640 gloria:
1457 1594 1497 1628 et
1520 1589 1791 1628 reformandae
1811 1590 2112 1628 Ecclesiasticae

1156 1652 1387 1703 disciplinae
1405 1652 1516 1702 plus,
1533 1663 1654 1703 quarn
1674 1651 1738 1689 alii
1762 1651 1972 1698 volebant,
1991 1652 2119 1689 inten—

1157 1718 1249 1762 tus,
1280 1714 1374 1752 obiit
1401 1713 1515 1752 Anno
1554 1714 1682 1762 4453,
1708 1714 1757 1753 20
1788 1712 1982 1763 Augusti,
2021 1714 2119 1752 San—

1155 1777 1231 1814 ctis
1254 1775 1480 1826 adscriptus
1502 1775 1618 1815 Anno
1648 1775 1749 1816 4474
1777 1775 1827 1824 b)
1859 1774 1930 1826 qui
1955 1775 2121 1814 summis

1126 1865 1128 1867 -
1154 1848 1355 1886 summus,
1372 1836 1442 1876 sed
1460 1836 1539 1878 sibi
1554 1849 1713 1888 parvus
1731 1841 1843 1885 erat,
1865 1848 1885 1875 c
1902 1838 1910 1885 )
1933 1848 2011 1887 quo
2031 1837 2119 1875 nul-

1154 1900 1237 1939 lum
1258 1902 1387 1950 majus
1407 1900 1595 1939 Bernardi
1616 1901 1744 1951 legere
1760 1912 1824 1938 me
1844 1900 2016 1950 elogium
2037 1911 2118 1937 me-

1154 1964 1250 2002 mini
1266 1974 1518 2014 ,quanquam
1542 1974 1619 2001 non
1640 1974 1763 2014 parva
1786 1967 1885 2001 sunt
1905 1991 1912 2010 ,
1934 1973 2036 2012 quae
2058 1973 2120 1999 se-

1154 2029 1358 2075 quuntur:

1204 2104 1387 2143 Religionis
1404 2112 1486 2144 apex
1500 2127 1509 2142 ‚
1524 2104 1579 2136 lux
1592 2103 1728 2142 mundi,
1748 2104 1819 2136 laus
1844 2103 2087 2135 monachorum
2103 2127 2111 2141 ,

1255 2154 1328 2184 Flos
1345 2153 1429 2186 Cleri
1446 2178 1454 2191 ‚
1476 2157 1570 2194 Legis
1584 2155 1712 2185 sanctio
1728 2179 1737 2192 ‚
1755 2156 1842 2185 suris
1866 2162 1971 2185 amor.

1207 2206 1412 2242 instructus,
1428 2203 1540 2242 velox3
1563 2203 1716 2234 sublimis
1730 2228 1739 2241 ‚
1765 2211 1890 2243 pauper
1911 2226 1920 2240 ,
1949 2203 2125 2234 abundans

1250 2253 1384 2285 Artibus
1399 2277 1409 2292 ,
1427 2255 1563 2293 ingenio
1579 2278 1588 2290 ,
1605 2255 1769 2293 sanguine
1783 2278 1792 2291 ,
1808 2257 1898 2284 veste
1912 2277 1921 2291 ,
1941 2253 2039 2283 bonis
2057 2275 2065 2290 ‚

1209 2306 1311 2341 Dura,
1328 2303 1463 2340 malum,
1479 2308 1630 2341 cunctas,
1647 2303 1736 2340 tulit,
1759 2303 1903 2340 horruit,
1921 2302 2125 2338 aedificavit,

1250 2356 1355 2391 Vana,
1366 2355 1487 2391 DEUM,
1500 2355 1649 2392 requiem
1659 2376 1666 2386 .
1677 2354 1816 2393 sprevit,
1830 2355 1968 2389 amavit,
1987 2352 2104 2382 babet.

1154 2422 1346 2474 Lepidum
1370 2425 1456 2469 est,
1481 2421 1586 2472 quod
1612 2421 1779 2471 relatus,
1806 2421 1909 2458 inter
1933 2420 2093 2458 coelites
2110 2449 2118 2462 ,

1155 2485 1325 2523 traditur
1344 2484 1539 2522 maculam
1556 2484 1669 2521 visus
1685 2494 1775 2521 esse
1795 2483 1833 2519 in
1851 2487 1939 2531 toga
1953 2480 2119 2519 candida

1153 2546 1323 2593 habere,
1345 2546 1394 2594 d)
1419 2544 1524 2594 quod
1565 2545 1873 2594 Conceptionem
1898 2544 1938 2580 B.
1977 2543 2118 2580 Mariae

1152 2608 1320 2657 Virginis
1343 2605 1636 2644 immaculatam
1661 2605 1873 2642 docuisset.
1898 2604 2060 2653 Effigies
2077 2605 2113 2642 S.

1152 2667 1370 2709 Bernhardi
1387 2667 1502 2704 obvia
1513 2667 1550 2703 in
1561 2666 1739 2704 Puricelli
1752 2666 2010 2704 munimentis
2021 2670 2114 2703 torn.

1151 2732 1214 2771 IV.
1237 2729 1427 2769 Thesauri
1451 2728 1699 2777 Scriptorum
1714 2727 1847 2766 Italiae
1865 2727 2118 2766 Muratoriani

1202 2890 1235 2929 a)
1254 2890 1333 2922 Vide
1344 2890 1526 2922 mabillonii
1539 2892 1686 2921 Museum
1705 2889 1859 2920 itaiicum
1880 2891 1960 2918 tom.
1980 2888 1992 2916 1
2013 2896 2044 2926 p.
2065 2886 2118 2919 19.

1204 2940 1238 2976 b)
1261 2942 1430 2971 Laurentii
1456 2940 1637 2971 cherubini
1668 2938 1848 2969 bullarium
1874 2942 1954 2968 tom.
1982 2938 1991 2966 Ι
2018 2946 2049 2977 p.
2065 2937 2119 2968 67.

1142 2989 1313 3021 Mabillon.
1342 2994 1425 3020 tom.
1449 2991 1476 3019 n
1505 2992 1664 3029 Operum.
1689 2991 1717 3019 S.
1762 2987 1949 3019 Bernliardi
1985 2987 2063 3018 edit.
2087 2989 2122 3018 in

1143 3038 1195 3069 foi.
1224 3046 1287 3077 pag
1330 3038 1408 3068 15:58
1431 3047 1498 3078 seq.
1525 3038 1701 3070 Alexandri
1720 3039 1762 3066 ΙΙΙ
1784 3039 1894 3075 Papae
1916 3037 2021 3075 Epist.
2037 3040 2118 3069 tom.

1143 3090 1181 3118 vi
1206 3087 1331 3120 Concil.
1360 3089 1518 3119 narduin.
1544 3091 1640 3119 Parte
1666 3090 1691 3117 11
1719 3095 1794 3127 pag.
1829 3085 1922 3116 1554.

1204 3137 1236 3175 c)
1261 3139 1388 3176 voyage
1412 3139 1585 3169 Litteraire
1612 3137 1651 3168 de
1676 3137 1760 3168 d.·ux
1794 3137 2007 3168 Benedictins
2033 3141 2115 3168 tom.

1143 3188 1154 3215 Ι
1177 3194 1252 3225 pag.
1275 3186 1327 3217 ⁶20.
1352 3189 1489 3218 loannis
1513 3189 1671 3220 Ludovici
1696 3187 1835 3219 liockcri
1851 3186 2007 3217 Bibliotb.
2026 3187 2117 3217 Heil-

1143 3236 1342 3267 sbronnens.
1366 3245 1441 3275 pag.
1466 3237 1517 3268 15.

1201 3285 1236 3325 d)
1259 3285 1465 3320 Bibliotheca
1490 3290 1627 3321 Petrum
1651 3286 1730 3320 edit.
1754 3286 1858 3328 Lugd.
1879 3286 1960 3319 1672
1975 3290 2000 3319 t.
2015 3288 2116 3318 xxiii

1148 3345 1224 3377 pag.
1247 3335 1320 3368 905.
1979 3359 1985 3364 .
