2500 3841
948 258 1324 298 AVENTINI

129 336 191 382 ta,
211 329 350 383 perles,
371 337 540 381 passus,
571 327 768 380 perticae,
791 327 921 367 stadia
944 330 998 369 acl
1024 341 1092 368 no-

127 391 256 433 stram
276 391 450 445 formam
472 389 648 429 redacta.
674 391 858 441 Hymnus
874 390 920 430 de
937 391 1094 432 coelesti

125 455 301 507 sphaera
321 457 524 494 correctus
546 465 639 491 cum
663 453 839 501 Graecis,
866 465 967 503 quae
996 459 1088 494 ante

125 517 308 565 deerant,
332 520 454 566 atque
477 515 585 553 veris
611 513 720 554 Coeli
738 513 991 565 imayinibus:
1018 528 1088 567 per

123 589 244 629 quem
270 577 488 627 hymnum,
512 576 737 615 Germanici
760 576 928 615 Aratum
945 578 1088 616 intelli-

124 651 184 691 go.
210 639 386 677 Errores
414 637 680 676 recentiorum
705 637 745 676 in
775 638 1087 691 Cosmoqraphia

123 705 162 740 et
183 699 451 740 Astronomia.
482 701 776 751 Imperatorum
799 703 976 739 veterum
1008 713 1088 739 mo-

122 766 236 802 netae
269 774 362 802 cum
401 762 639 813 imaginibus
672 767 712 800 et
751 763 1084 814 inscriptionibus.

121 823 412 864 Dictionarium
457 824 821 864 Graeco-Latinum
857 829 898 863 et
932 827 1088 864 Latino—

122 888 320 927 Graecum
362 898 455 925 cum
480 886 722 936 quotidianis
760 887 1086 926 collocutionibus

125 950 277 989 Graeca
300 960 346 987 ac
369 950 546 987 Romana
571 950 731 998 Lingua.

177 1010 486 1062 Paralipomena
508 1009 564 1049 ad
584 1009 775 1060 Annales,
798 1023 871 1049 nec
896 1012 933 1048 in
949 1010 1086 1049 Gund-

121 1074 292 1125 lingiano
307 1073 507 1112 Aventino
527 1072 665 1119 obvia,
687 1073 957 1110 nobilissimus
972 1072 1085 1110 Stru-

118 1136 210 1175 vius
233 1147 283 1174 ex
306 1135 570 1174 Bibliothecae
593 1135 779 1173 Jenensis
816 1132 960 1173 Codice
989 1133 1082 1172 edit.

121 1199 377 1238 Cisnerianae
412 1197 594 1248 vulgavit
631 1197 671 1233 in
710 1200 816 1233 tomo
847 1196 862 1233 Ι
892 1193 1084 1234 Actorum

119 1261 418 1299 Litterariorum
443 1271 492 1298 ex
514 1259 622 1298 MSS.
662 1257 848 1296 fasciculo
876 1258 964 1296 VIII
995 1269 1082 1309 pag.

118 1323 274 1363 20—28.

174 1384 352 1436 Epitome
375 1383 517 1422 horum
541 1380 755 1420 Annalium
778 1381 883 1420 edita
921 1382 1085 1420 Germa-

116 1447 225 1493 nice,
249 1457 341 1485 cum
366 1445 527 1484 Tabulis
550 1446 666 1483 XXX
690 1445 898 1482 Historicis
928 1447 969 1482 et
1006 1444 1083 1482 Ge—

113 1506 336 1559 nealogicis,
347 1506 627 1557 Norimbergae
642 1508 655 1546 1
668 1507 744 1549 522
764 1508 801 1544 in
821 1506 922 1544 folio.
936 1505 1082 1557 Bayri-

112 1568 224 1609 sches
247 1569 488 1609 Chronicon:
514 1567 555 1606 in
578 1567 716 1606 Latein
738 1566 976 1619 versertiyet
1001 1566 1084 1605 uncl

114 1630 156 1669 in
173 1629 296 1683 syben
310 1628 489 1669 Bueeber
510 1629 665 1681 yetailt,
687 1628 749 1667 ein
778 1629 818 1668 K
818 1632 960 1668 urtzer
978 1629 1084 1669 Auss

111 1703 203 1743 zu9.
231 1692 330 1732 Vide
353 1691 502 1731 laudati
531 1691 779 1731 Schelhornii
818 1692 1082 1731 amoenitates

114 1744 293 1793 Litterar.
320 1758 415 1793 tom.
438 1755 472 1792 V
494 1765 581 1804 pag.
607 1754 670 1792 82.
697 1764 808 1803 seqq.

168 1816 444 1855 Germanicam
470 1816 698 1853 versionem
722 1813 939 1853 Annalium
955 1816 1085 1854 absol-

115 1880 174 1916 vit
197 1877 426 1917 Aventinus
463 1875 537 1915 An.
576 1877 678 1916 4533
718 1887 839 1926 quam
879 1877 1081 1927 inscripsit

117 1938 341 1980 Chronieon
362 1943 404 1978 et
429 1939 564 1978 divisit
585 1939 624 1976 in
641 1937 765 1977 libros
784 1938 881 1977 VIII
893 1939 983 1977 licet
1001 1950 1077 1976 non

115 2001 301 2050 ulterius,
326 2012 447 2051 quam
464 2001 655 2039 Latinum
677 2011 777 2051 opus
792 2000 1078 2051 progrediatur.

115 2062 237 2101 Multa
261 2073 356 2101 vero
378 2062 529 2113 passim
552 2061 719 2108 addidit,
750 2065 794 2099 ut
819 2063 856 2099 in
878 2061 975 2099 libro
999 2065 1079 2099 sta-

116 2125 188 2162 tim
210 2119 353 2175 prl'mo,
377 2124 453 2162 alia
475 2124 596 2162 etiam
620 2124 773 2171 omisit,
797 2124 853 2183 ita
888 2127 933 2165 ut
971 2127 1080 2161 utra-

115 2197 194 2235 que
217 2187 356 2225 Latina
371 2189 412 2224 et
429 2185 666 2224 Germanica
686 2185 941 2237 conjungere,
958 2189 1079 2235 atque

118 2259 199 2287 una
222 2260 272 2287 ex
295 2248 432 2287 alteris
456 2249 641 2299 supplere
662 2253 702 2287 et
723 2249 921 2288 illustrare
941 2249 992 2286 sit
1013 2259 1082 2285 ne-

115 2320 240 2349 cesse.
255 2310 402 2349 Prodiit
416 2309 580 2349 demum
597 2310 757 2360 (itidem
773 2314 818 2350 ut
834 2311 972 2349 Latina
991 2314 1081 2361 post

116 2373 290 2411 auctoris
314 2372 501 2421 mortem)
527 2384 620 2411 cum
644 2372 885 2423 praefatione
909 2373 1097 2426 Simonis·

117 2433 313 2483 schania,
337 2434 578 2484 Tabulisque
593 2435 709 2473 XXX
733 2435 937 2473 Historicis
953 2438 994 2471 et
1006 2434 1083 2473 Ge-

118 2495 348 2545 nealogicis,
371 2496 617 2534 Francofurti
643 2496 744 2534 1566
770 2496 832 2534 fol.
871 2499 991 2545 atque
1020 2506 1081 2533 re-

118 2556 258 2594 stituta
294 2567 316 2593 a
353 2556 509 2595 Nicolao
531 2557 697 2594 Cisnero
731 2557 817 2595 libri
852 2558 881 2595 Ι.
921 2558 1079 2595 Lacuna

120 2617 222 2656 ⁴580
260 2620 300 2654 et
337 2617 582 2655 Francofurti
609 2618 711 2656 1622
748 2618 810 2655 fol.
848 2617 948 2656 adde
978 2629 1078 2668 quae

118 2680 271 2718 notavit
292 2680 466 2717 Joannes
488 2678 710 2716 Fridericus
726 2679 901 2717 Fellerus
939 2680 977 2716 iu
1001 2679 1079 2717 cla-

115 2741 263 2779 rissimi
287 2734 437 2779 Struvi'i
472 2738 965 2778 Historisch-Politischem
993 2739 1080 2779 Rei-

121 2801 202 2841 cks.
222 2801 384 2841 Archiv.
410 2803 462 2840 III
486 2814 522 2852 p.
547 2801 624 2839 254
646 2812 732 2850 sqq.

95 2883 120 2891 ·†
168 2866 206 2904 2.
229 2862 390 2903 Abacus
414 2866 452 2902 et
468 2865 624 2901 vetusta
641 2861 871 2900 Latinorum
891 2873 966 2912 per
980 2861 1080 2913 (Πρί-

115 2931 172 2967 tos
193 2937 415 2978 manusque
456 2922 697 2963 numerandi
718 2926 755 2960 et
777 2922 962 2973 loquendi
988 2935 1078 2962 con-

115 2989 298 3038 suetudo,
323 2988 465 3040 prodiit-
486 2987 722 3026 Ratisbonae
753 2985 871 3032 1532,
907 2985 928 3022 4
958 2990 998 3023 et
1027 2986 1076 3024 ad

115 3052 266 3091 calcem
290 3050 505 3090 Annalium
525 3048 616 3087 edit.
639 3046 1076 3096 Gundlingianae,1.ip-

117 3114 198 3153 siae
235 3112 336 3153 1710
362 3113 424 3151 fol.
450 3111 608 3160 Confer,
648 3111 680 3148 si
716 3109 865 3160 placet,
894 3119 995 3157 quae
1024 3107 1072 3147 dc

113 3175 262 3224 Bedae,
285 3186 406 3226 quem
428 3173 655 3213 Aventinus
679 3175 740 3210 cst
764 3174 944 3216 secutus,
970 3170 1075 3208 aliis-

115 3249 192 3289 que
216 3237 338 3288 hujus
374 3236 599 3287 argumenti
638 3232 895 3283 scriptoribus
924 3231 1003 3269 (lixi
1035 3232 1071 3269 in

114 3299 354 3339 Bibliotheca
389 3299 528 3338 Latina
559 3297 608 3336 IV
633 3298 674 3345 6,
706 3295 753 3334 42
792 3298 886 3332 tom.
917 3294 948 3331 ll
979 3292 1070 3331 odit.

114 3361 288 3399 Venetae
312 3372 397 3413 pag.
426 3360 502 3399 447
526 3371 608 3409 seq.

2059 265 2134 304 1:39

1222 330 1256 368 3.
1285 329 1525 379 Chronicon,
1561 333 1646 370 sive
1681 331 1852 371 Annales
1886 331 2134 384 Schirenses,

1164 391 1258 429 editi
1283 393 1456 442 primum
1482 394 1636 444 Biponti
1663 394 1782 442 1600,
1811 395 1832 432 4
1850 399 2006 434 etcum
2030 396 2136 435 Con-

1164 452 1246 491 radi
1271 453 1514 504 Philosophi,
1540 456 1753 505 Praepositi
1782 456 2032 505 Schirensis,
2063 459 2132 507 qui

1162 512 1236 551 An.
1264 515 1358 553 1241
1389 515 1500 564 obiit,
1525 515 1721 555 Chronico
1746 518 1912 566 originis
1929 522 1970 557 et
1991 519 2130 558 funda-

1162 576 1279 613 tionis
1308 574 1490 624 ejusdem
1532 579 1778 627 monasterii,
1802 578 2010 630 Augustae
2038 581 2133 620 Vin—

1161 636 1237 675 (lel.
1265 638 1388 684 1616,
1411 637 1432 674 4
1456 641 1496 674 et
1520 645 1611 675 cum
1640 640 1742 677 notiS
1779 642 1818 678 P.
1843 642 1884 679 F.
1909 642 2128 693 Stephani,

1160 697 1325 736 Abbatis
1349 697 1594 745 Schirensis‚
1621 699 1835 749 Ingolstad.
1861 703 1963 741 4623
1994 703 2056 742 fol.
2086 709 2129 743 et

1161 770 1254 797 cum
1275 759 1415 797 eodem
1439 758 1640 807 Conrado,
1665 760 1934 812 stephanique
1953 766 2069 811 notiS,
2085 770 2129 804 et

1161 820 1457 858 continuatione
1485 819 1641 870 Georgii
1670 820 1881 860 Christiani
1911 824 2126 873 Johannis,

1162 879 1415 930 Argentorati
1439 880 1559 928 1716,
1587 882 1621 919 4.

1215 942 1250 979 4.
1275 942 1332 979 De
1355 941 1662 993 antiquitatibus
1681 955 1730 982 ac
1758 947 2017 986 monumentis
2049 949 2127 986 Cti-

1161 1001 1369 1051 nensibus,
1395 1003 1479 1042 sive
1505 1003 1795 1055 Otinssensibus,
1821 1006 2066 1058 (Alt-Oeting
2087 1011 2126 1047 in

1159 1063 1311 1114 Bojaria
1334 1066 1553 1116 superiore)
1575 1068 1853 1117 Norimbergae
1871 1070 1992 1117 1518,
2016 1066 2067 1107 4“““’
2086 1075 2129 1108 et

1159 1127 1198 1163 in
1214 1127 1233 1164 J
1238 1128 1378 1166 oannis
1394 1129 1498 1166 Petri
1519 1128 1712 1179 Ludewig
1730 1130 1995 1180 Scripbtoribus
2010 1132 2128 1169 Bam-

1158 1187 1438 1239 bergensibus,
1458 1190 1706 1229 Francofurti
1732 1189 1834 1230 1718
1860 1191 1921 1229 fol.
1955 1196 2062 1230 tomo
2092 1193 2128 1231 Π

1158 1254 1198 1288 et
1218 1250 1452 1289 Germanice
1477 1263 1570 1289 cum
1594 1253 1771 1290 auctario
1794 1253 1949 1291 Martini
1970 1254 2128 1303 Eysen-

1156 1313 1317 1362 gremii,
1359 1314 1574 1363 Praepositi
1612 1313 1866 1364 Otingensis,
1905 1315 2120 1365 Ingolstad.

1159 1373 1279 1421 1751,
1304 1374 1339 1412 8.
1363 1376 1541 1413 Meminit
1564 1374 1685 1424 hujus
1722 1375 1810 1413 libri
1831 1387 1853 1414 a
1877 1387 1920 1414 se
1950 1376 2046 1415 editi
2074 1377 2129 1415 Α-

1158 1437 1350 1474 ventinus
1371 1437 1434 1475 lib.
1461 1437 1511 1475 IV
1535 1437 1738 1475 annalium
1762 1438 1974 1476 Boicorum
1994 1439 2045 1478 IV
2075 1438 2128 1478 17

1159 1498 1180 1548 g
1209 1498 1230 1535 4-
1255 1503 1295 1536 et
1321 1500 1356 1537 5.

1213 1560 1249 1597 5.
1273 1560 1330 1597 De
1372 1560 1598 1598 Turcarum
1632 1560 1783 1611 0ri9ine
1808 1564 1845 1599 et
1865 1561 2016 1610 eausz'S,
2050 1574 2127 1601 eur

1161 1620 1218 1659 ita
1246 1620 1513 1671 invalescant,
1543 1625 1582 1660 et
1616 1621 1808 1673 quomodo
1838 1622 1938 1673 pelli
1957 1624 2125 1674 possint.

1159 1683 1297 1720 Latine
1322 1684 1360 1720 in
1385 1683 1550 1734 Philippi
1575 1685 1754 1723 Loniceri
1791 1684 1997 1724 Chronicis
2027 1687 2127 1724 Tur-

1158 1744 1253 1781 cicis
1277 1748 1384 1782 tomo
1404 1745 1419 1783 I
1443 1756 1531 1795 pag.
1558 1746 1646 1784 113.
1672 1746 1918 1784 Francofurti
1940 1747 2125 1785 4578f01.

1155 1812 1246 1857 post
1268 1807 1462 1846 editiones
1485 1807 1744 1845 Germanicas
1779 1808 1936 1845 Henrici
1971 1809 2127 1847 Mulleri

1156 1870 1194 1906 in
1219 1870 1517 1907 commentariis
1541 1867 1590 1906 de
1614 1868 1736 1906 rebus
1757 1870 1952 1917 Turcicis⁷
1978 1869 2126 1908 ibidem

1158 1932 1272 1979 1563,
1314 1929 1417 1969 1573
1458 1930 1520 1968 fol.
1557 1940 1658 1980 quas
1682 1935 1973 1980 expresserunt
2002 1932 2125 1969 etiam

1155 1993 1301 2031 Leonh.
1323 1994 1643 2042 Fronspergerus
1666 1991 1719 2029 im
1743 1990 1890 2041 Krieqs
1923 1991 2032 2029 Bach
2052 2021 2061 2039 ,
2092 1997 2120 2030 t.

1154 2055 1224 2101 III,
1244 2065 1331 2104 pag.
1347 2054 1422 2092 300
1440 2057 1481 2092 et
1500 2053 1714 2092 Goldastus
1733 2054 1770 2090 ln
1783 2051 2017 2092 Polilischen
2034 2053 2126 2093 Rei-

1147 2114 1428 2164 elis-Handeln,
1437 2126 1523 2166 pag.
1537 2114 1624 2152 470.
1640 2116 1718 2153 Von
1734 2114 1882 2164 Geyen-
1890 2114 2023 2154 Wehr.
2039 2114 2123 2153 und

1157 2177 1360 2217 Ursachen
1381 2176 1450 2215 cles
1479 2174 1745 2214 Turclcisehen
1772 2175 1954 2226 Krieqes.
1980 2176 2126 2214 Prodiit

1154 2244 1195 2279 et
1218 2239 1433 2290 separatim
1459 2239 1615 2289 Biponti
1647 2236 1750 2277 1597
1774 2234 1840 2285 4,ιο
1871 2238 2126 2288 scriptusque

1156 2302 1219 2340 hic
1243 2301 1342 2340 liber
1364 2301 1413 2339 ab
1436 2299 1609 2339 Auctore
1631 2298 1747 2338 Anno
1772 2299 1873 2338 4529
1903 2310 1997 2337 cum
2025 2299 2125 2338 Soli-

1156 2374 1329 2402 mannus
1353 2363 1571 2413 Imperator
1593 2362 1787 2400 Viennam
1818 2360 2125 2411 oppugnandam

1157 2425 1230 2463 sibi
1251 2426 1478 2464 sumsisset.

1211 2488 1247 2524 6.
1279 2486 1366 2524 Vita
1398 2485 1565 2524 Henriei
1598 2486 1657 2523 IV
1689 2485 1844 2534 aliaque
1878 2484 1951 2522 hoc
1985 2484 2119 2521 titulo:

1153 2548 1266 2588 Divis
1281 2547 1466 2599 Dionysio
1480 2546 1762 2597 Areopayitae,
1778 2547 2000 2584 Hemerano
2018 2573 2025 2590 ,
2046 2545 2123 2581 Bo-

1153 2611 1327 2662 ls9a7290,
1351 2607 1590 2647 tutelaribus
1612 2607 1800 2658 Bojariae
1824 2604 2054 2654 numinibus
2074 2607 2114 2645 S.

1151 2671 1363 2711 Illustriss.
1380 2681 1455 2721 que
1471 2668 1725 2720 Principibus
1740 2669 1928 2719 Bojorum
1947 2665 2119 2705 Vilelmio

1152 2733 1340 2781 Litavico,
1356 2731 1557 2770 Ariovisto
1573 2732 1617 2768 D.
1636 2731 1680 2768 D.
1700 2731 1797 2779 Imp.
1810 2728 2038 2767 HEXRICI
2048 2729 2113 2767 IV.

1155 2797 1269 2837 Caes.
1306 2794 1407 2845 Aug).
1445 2792 1566 2831 Ducis
1604 2803 1698 2830 vero
1736 2791 1926 2841 Bojorum
1962 2789 2121 2840 septimi

1152 2860 1245 2898 vita.
1266 2858 1457 2910 Ejusdem
1475 2853 1676 2905 Epistolae
1695 2853 1875 2892 inventae
1895 2864 1920 2889 a
1939 2851 2118 2889 Iohanne

1151 2921 1364 2969 Aventino,
1383 2918 1508 2957 editae
1532 2928 1624 2956 vero
1642 2927 1667 2953 a
1691 2913 1900 2954 sodalitate
1917 2912 2119 2951 litteraria

1150 2983 1349 3034 Bojorum.
1369 2979 1536 3021 Clariss.
1553 2982 1672 3029 atque
1691 2975 1898 3015 Illustriss.
1918 2975 2119 3025 Principis

1151 3045 1184 3081 F
1186 3043 1352 3081 rideriei
1370 3042 1490 3080 Ducis
1516 3039 1721 3079 Saroniae
1745 3044 1820 3077 etc.
1842 3035 2045 3088 Epistolae
2064 3036 2119 3075 ad

1147 3105 1363 3143 Johcmnem
1390 3102 1639 3142 Aventinmn.
1678 3100 1867 3153 Ejusdem
1916 3098 2118 3149 Principis

1147 3167 1277 3219 capita
1293 3177 1430 3204 rerum
1445 3197 1455 3214 ,
1476 3176 1576 3216 quas
1594 3164 1670 3216 ipsi
1683 3162 1856 3201 absolvit
1870 3160 2112 3200 Aventinus:

1147 3229 1201 3267 acl
1221 3227 1384 3266 ewirlem
1409 3227 1631 3277 Principem
1653 3224 1840 3264 Aventini
1859 3222 2114 3263 σ.-1Β.ιΙ[ΝΑ.·

1146 3291 1175 3330 Α
1185 3295 1338 3329 actores
1359 3288 1521 3341 quidam
1539 3299 1636 3339 quos
1656 3286 1874 3325 ,irentinus
1895 3284 2060 3331 invenit,
2079 3288 2116 3322 et

1147 3353 1218 3403 qni
1245 3351 1412 3390 nondum
1437 3349 1620 3402 impressi
1641 3352 1742 3388 sunt.
1774 3345 2007 3388 Sodale'tatis
2033 3345 2115 3384 lile-
