2500 3841
948 222 1384 264 CARLERIUS
2095 217 2172 256 309

157 300 244 337 sive
277 297 450 337 Calenus
489 294 666 333 nondum
690 292 818 332 editas
842 294 947 344 quod
973 296 1096 334 sciam
1119 324 1126 342 ,

158 360 234 398 nisi
269 358 376 410 quod
428 358 620 397 Catenam
660 367 830 394 auream
872 356 913 394 in
954 360 1130 408 quatuor

157 419 406 472 Evanyelia,
428 420 579 459 editam
608 419 700 470 plus
733 419 903 470 simplici
926 420 1016 457 vice
1053 418 1129 457 sub

156 483 345 523 THOMAE
359 482 571 533 Aquinatis
588 482 766 530 nomine,
786 481 878 520 huic
894 479 1128 520 Cal-bonello

156 545 318 596 quidam
338 545 599 595 adscripsere.
625 543 737 595 Opus
768 545 968 593 integrum
996 543 1126 581 lucem

154 607 332 646 nondum
373 605 596 656 vidit,sed
629 610 717 644 octo
741 606 898 655 magnis
936 605 1055 643 tomis
1089 605 1126 642 in

152 669 398 708 Bibliotheca
421 669 611 708 Toletana
634 669 819 707 Fratrum
843 668 1042 706 Minorum
1063 677 1128 704 as-

152 735 350 770 servatur.
383 730 483 770 Vide
518 730 734 781 Waddingi
767 728 945 768 Annales
966 728 1014 766 ad
1048 728 1123 767 An.

153 788 256 832 ⁴297
291 797 332 832 et
360 793 647 832 Bibliothecam
676 803 765 844 pag.
791 793 881 832 295.
918 791 1122 830 Oudinum

150 860 246 893 tom.
271 856 351 905 111,
374 866 463 906 pag.
488 855 580 894 580.

201 917 375 955 Joan-nes
387 916 435 955 de
454 915 796 957 CARDALHACO
812 928 862 955 ex
877 915 1119 965 Archiepisc.

149 979 198 1017 ab
220 978 297 1018 An.
318 980 420 1019 4360
442 980 676 1018 Bracarensi
698 978 919 1017 Tolosanus
940 977 989 1015 ab
1004 975 1120 1014 Αηωο

150 1040 253 1080 4378
276 1041 326 1080 ad
347 1041 463 1080 4390.
481 1040 530 1079 de
554 1052 633 1091 quo
653 1044 839 1079 accurate
858 1039 1047 1078 Baluzius
1069 1036 1117 1075 ad

148 1103 274 1154 Papas
295 1101 601 1142 Avenionenses
625 1107 721 1140 tom.
742 1102 757 1139 1
776 1131 784 1148 ,
800 1112 887 1152 pag.
909 1099 1011 1139 4323
1036 1109 1120 1148 seq.

147 1169 188 1203 et
207 1176 258 1204 ex
281 1176 328 1204 eo
360 1164 544 1204 Oudinus
581 1168 676 1202 tom.
701 1164 774 1212 111,
799 1174 887 1214 pag.
922 1160 1026 1200 2079
1053 1160 1118 1197 ubi

147 1228 268 1265 etiam
301 1227 351 1266 de
388 1226 654 1278 legationibus
690 1224 779 1275 ejus
817 1229 857 1263 et
895 1224 944 1262 de
976 1222 1120 1263 Codice

151 1289 389 1328 Orationum
412 1289 585 1328 necdum
607 1287 728 1326 edito.

198 1351 400 1390 Henricus
422 1351 660 1390 CARETUS
681 1350 767 1388 sive
792 1348 841 1386 de
866 1347 1122 1397 CARRETO,

147 1413 236 1452 aliis
272 1413 321 1452 de
343 1413 572 1461 CALETO,
596 1411 757 1451 Ordinis
785 1412 923 1449 Minor.
960 1411 1125 1460 Episco-

145 1486 223 1525 pus
246 1475 295 1514 ab
317 1474 394 1514 An.
420 1476 523 1514 4300
555 1476 767 1521 Lucanus,
792 1484 871 1523 qua
895 1472 990 1510 sede
1014 1473 1122 1510 exci-

145 1536 203 1575 dit
224 1547 319 1576 cum
343 1538 449 1576 Petri
470 1537 645 1577 Corbarii
666 1535 910 1586 Anti-Papae
933 1538 974 1573 et
996 1533 1123 1572 Ludo—

141 1599 221 1637 vici
243 1600 388 1638 Bavari
424 1599 607 1650 partibus
631 1598 850 1637 adversum
886 1608 929 1635 se
954 1597 1121 1634 statuis-

145 1664 221 1698 set.
239 1659 339 1710 Ejus
362 1660 508 1712 L09ica
542 1664 582 1700 et
600 1659 741 1700 Modus
777 1662 896 1710 atque
931 1656 1120 1697 resolutio

143 1723 183 1762 S.
205 1722 444 1775 Scripturae
467 1723 510 1762 in
532 1722 781 1762 Ezechielem
806 1720 1048 1772 Prophetam
1072 1720 1118 1758 A.

146 1784 215 1822 434
227 1785 250 1821 6
268 1784 399 1823 dicata
413 1785 556 1823 Joanni
573 1785 687 1823 XXII
700 1785 807 1823 MSta
828 1782 1117 1821 iuBibliotlieca

145 1844 386 1885 Colbertina.
407 1845 505 1884 Vide
529 1845 734 1884 Oudinum
759 1849 854 1883 tom.
874 1845 947 1889 Ill,
969 1855 1006 1893 p.
1028 1843 1116 1880 806.

199 1906 221 1928 *
246 1907 395 1956 Synodi
427 1908 624 1945 Lucensis
653 1906 702 1945 ab
732 1906 874 1945 eodem
899 1905 1122 1943 celebratae

150 1969 462 2007 constitutiones
473 1979 523 2006 ex
537 1966 1121 2006 membranaceoLucensiCod.

154 2040 227 2080 ego
260 2029 423 2080 vulgavi
459 2031 499 2068 in
533 2041 622 2068 meo
655 2030 924 2069 Conciliorum
965 2028 1125 2079 supple-

154 2094 292 2129 mento
315 2091 380 2129 lV.
404 2091 494 2129 307.

209 2151 399 2203 AEqidius
437 2152 725 2192 CARLERIUS
769 2153 850 2201 (De
888 2162 967 2201 quo
1005 2160 1125 2201 supra

150 2225 242 2265 pag.
263 2214 364 2264 49),
385 2215 454 2265 qui
476 2214 552 2254 An.
579 2216 647 2254 444
661 2216 682 2253 4
703 2215 923 2254 Basileensi
948 2213 1122 2252 Concilio

150 2276 352 2325 interfuit,
370 2277 556 2316 Decanus
570 2277 619 2315 ab
635 2275 710 2316 An.
728 2277 822 2316 4434
847 2275 896 2315 ad
915 2277 929 2314 4
943 2275 1031 2313 472.
1049 2275 1122 2313 Ca-

149 2348 408 2386 meracenffis,
423 2339 584 2389 scripsit
602 2337 919 2379 consultationes
939 2337 1118 2377 Casuum

146 2403 325 2448 sportam
346 2400 650 2450 sportulamque
670 2400 848 2439 Bruxell.
868 2398 971 2438 4478
992 2399 1055 2437 fol.
1077 2402 1117 2435 et

144 2459 221 2498 alia
244 2472 347 2510 quae
372 2462 411 2499 in
435 2462 512 2501 MS.
538 2462 703 2512 Collegii
723 2460 931 2501 Navarrici
954 2460 1116 2510 Collegii

146 2521 270 2559 Paris.
290 2526 474 2572 exstant,
488 2527 610 2574 atque
625 2528 889 2563 recensentur
903 2534 925 2560 a
941 2521 1115 2571 Launojo

144 2583 183 2620 in
218 2581 383 2622 historia
410 2585 520 2634 Regii
550 2586 751 2624 Navarrae
784 2584 994 2634 Gymnasii
1027 2595 1113 2633 pag.

145 2644 215 2682 584
240 2654 324 2693 seq.
343 2645 402 2693 (et
421 2649 516 2683 tom.
534 2647 597 2684 IV.
613 2646 712 2697 Opp.
728 2646 821 2685 edit.
839 2646 991 2684 Genev.
1008 2646 1114 2683 Part.

147 2706 170 2744 3
186 2705 250 2744 lib.
267 2705 290 2744 2
307 2716 392 2756 cap.
406 2708 416 2755 )
433 2711 474 2744 et
488 2707 593 2757 apud
608 2707 811 2746 Oudinum
827 2711 922 2744 tom.
941 2707 992 2744 111
1005 2735 1012 2754 ,
1023 2718 1110 2757 pag.

144 2767 251 2806 2552
271 2777 355 2817 seq.

196 2830 240 2867 In
271 2831 504 2869 memoriam
534 2831 631 2868 mihi
662 2831 725 2870 hic
755 2835 872 2869 vocat
900 2830 1112 2869 Antonium

147 2889 396 2940 Carlerium,
427 2893 542 2943 longe
581 2894 813 2931 recentioris
847 2893 938 2931 licet
970 2895 1112 2932 aetatis

141 2963 216 2990 nec
239 2955 400 3004 scriptis
421 2954 578 3003 nobilis,
599 2955 663 2992 cui
684 2954 788 2992 idem
809 2954 1012 3003 Launojus
1030 2957 1112 3005 epi-

139 3015 321 3066 taphium
346 3018 479 3066 posuit
509 3017 607 3054 libro
633 3017 803 3066 septimo
827 3017 953 3066 Epist.
976 3017 999 3055 2
1021 3028 1109 3067 pag.

139 3077 229 3116 623.
247 3088 323 3115 non
343 3077 549 3128 indignum
567 3078 671 3128 quod
689 3082 730 3116 et
746 3078 817 3116 hoc
834 3078 917 3117 loco
933 3078 1107 3128 legatur:

419 3202 492 3241 Sta
514 3201 645 3241 viator
669 3206 704 3240 et
727 3201 827 3240 vide.

139 3321 214 3361 Hic
228 3325 342 3374 jacet
361 3323 556 3366 Antonius
582 3325 794 3367 Carlerius
808 3357 819 3375 ,
859 3325 1046 3366 Lauduni
1069 3326 1106 3364 in

1202 294 1364 346 Belqica
1382 289 1558 332 secunda
1573 323 1582 340 ,
1608 288 1779 329 honestis
1799 298 1847 326 ac
1883 284 2082 337 reliqiosis
2098 297 2174 337 pa-

1201 355 1382 395 rentebus
1404 358 1543 402 natm,-
1562 349 1785 392 facultatis
1809 347 2035 399 Theoloqiae
2056 346 2174 385 Pari-

1201 418 1344 458 siensis
1385 415 1691 457 Baccalaureus
1717 426 1728 462 ;
1769 411 1968 451 Basilicae
2009 412 2172 449 sanctae

1202 482 1359 520 Marsae
1411 478 1637 520 Canonicus
1654 508 1663 525 ,
1708 478 1746 514 et
1776 472 2020 513 Ecclesiolae
2067 470 2176 509 beati

1200 543 1370 582 Martini
1384 542 1439 581 ad
1457 540 1621 580 eandem
1637 537 1856 576 Basilicam
1886 534 2010 576 Curio
2027 546 2039 582 ;
2063 533 2172 571 inno-

1201 605 1449 645 centissimae
1477 606 1515 641 et
1544 599 1849 640 actuosissimae
1872 599 2003 650 juoeta
2038 594 2169 634 vitae:

1202 667 1366 706 Duobus
1391 666 1451 704 his
1469 663 1685 715 plusquam
1698 673 1780 712 par
1805 659 1950 707 titulis,
1973 658 2013 697 si
2040 660 2171 695 tamen

1200 729 1304 768 alter
1327 727 1374 766 ob
1402 725 1533 778 plebis
1574 723 1808 773 reditusque
1845 720 2088 772 paucitatem
2130 717 2172 756 id

1198 790 1367 829 nominis
1403 791 1603 826 meretur:
1648 783 1875 823 absolutum
1915 781 2170 821 Christianae

1197 850 1434 890 humilitatis
1455 846 1687 900 eacemplar;
1701 845 1767 884 vir
1786 843 2054 895 simplicitatis
2078 840 2172 880 emi-

1195 913 1469 959 uentissimae,
1492 906 1819 961 incomparabilis
1838 905 2066 953 modestiae,
2082 915 2171 942 cum

1198 974 1238 1013 in
1260 974 1405 1013 arduis
1424 973 1511 1026 fere
1534 971 1635 1011 nihil
1655 969 1735 1010 sibi
1755 970 1949 1015 sumeret,
1967 964 2170 1017 permulta

1196 1037 1236 1076 si
1257 1036 1471 1085 voluisset,
1503 1033 1690 1074 diuturni
1724 1042 1824 1071 usus
1861 1027 2114 1080 mayisteriO,
2135 1029 2173 1064 et

1198 1098 1423 1150 acquisitae
1452 1096 1641 1137 scientiae
1661 1095 1759 1147 jure
1793 1092 1874 1132 sibi
1907 1092 2170 1140 sumpturus:

1194 1162 1243 1199 In
1266 1164 1418 1198 tantum
1453 1158 1589 1212 fraqi,
1611 1162 1658 1196 ut
1688 1155 1945 1208 quotidianus
1970 1155 2007 1190 et
2040 1149 2169 1189 dome-

1194 1222 1318 1261 sticus
1340 1221 1469 1261 victus
1491 1233 1569 1259 uon
1592 1219 1761 1259 multum
1790 1216 1948 1255 abesset
1970 1226 1996 1251 a
2010 1211 2167 1265 jejunio

1191 1296 1298 1334 prae
1328 1283 1509 1322 ciborum
1532 1282 1751 1335 parcitate:
1776 1278 1976 1319 Assiduus
2006 1279 2044 1314 et
2066 1272 2172 1312 inde-

1194 1344 1328 1397 fessus
1351 1345 1608 1393 catechistas,
1634 1355 1724 1382 cum
1747 1340 1907 1393 publice
1931 1343 2013 1376 tum
2034 1335 2172 1388 prica-

1201 1408 1288 1446 tim:
1319 1407 1618 1447 Sermocinatus
1641 1403 1867 1455 vulyariter
1900 1412 1970 1439 nec
1994 1397 2068 1437 ulli
2101 1408 2170 1435 nec

1197 1481 1372 1521 usquam
1391 1468 1472 1521 fuit
1491 1467 1653 1521 fastidio
1667 1499 1676 1517 Ι,
1698 1464 1870 1504 auribus
1895 1467 1933 1502 et
1958 1460 2104 1500 animis
2131 1459 2171 1496 in

1195 1532 1278 1570 dies
1301 1530 1547 1570 audiebatur
1560 1527 1834 1583 pronioribus.
1859 1527 1896 1564 ΙΙ
1900 1523 2168 1563 ierarchicum

1195 1593 1366 1646 deperiit
1387 1592 1585 1641 ordinem,
1612 1590 1872 1630 obedientiam
1894 1591 1932 1626 et
1947 1590 2094 1626 veteris
2111 1584 2170 1622 di-

1194 1655 1386 1707 sciplinae
1433 1653 1792 1704 instaurationem:
1841 1651 2054 1691 Contentus
2096 1658 2170 1684 ‘nu‘

1194 1729 1340 1769 squam
1375 1718 1507 1769 mayis
1541 1717 1679 1765 visus,
1713 1718 1788 1753 aut
1826 1712 2022 1761 hilarior,
2048 1720 2169 1762 quam

1192 1792 1282 1818 cum
1311 1780 1432 1819 varia
1454 1779 1645 1831 Episcopi
1662 1789 1736 1830 pro
1766 1775 1935 1828 neyotiis
1953 1773 2037 1826 piis
2057 1783 2170 1811 man-

1193 1841 1289 1879 data
1311 1841 1522 1880 identidem
1550 1840 1764 1893 perficeret
1784 1850 1856 1878 seu
1881 1838 1921 1875 in
1949 1835 2067 1884 urbe,
2098 1845 2168 1872 seu

1196 1903 1237 1941 in
1252 1902 1397 1955 passis:
1427 1902 1690 1942 Inimicarum
1724 1899 1934 1940 charitatis
1956 1897 2085 1936 litium
2103 1895 2169 1947 su-

1193 1967 1328 2018 yitans
1345 1980 1356 2016 ,·
1377 1969 1622 2006 exortarum
1643 1964 1748 2002 inter
1760 1962 1946 2014 privatos
1965 1959 2166 1998 rimi-um

1194 2029 1432 2081 pacificator
1458 2026 1798 2066 humanissimus:
1823 2023 1877 2062 ad
1898 2022 2166 2074 captivorum.

1199 2090 1264 2128 rei
1292 2089 1476 2143 capitalis
1511 2089 1820 2135 damnatorum,
1856 2085 2095 2124 miserorum
2134 2086 2170 2120 et

1198 2163 1484 2203 oppressorum
1501 2148 1772 2202 quorumlibet·
1786 2147 2092 2186 consolationem.
2101 2156 2176 2196 pa-

1199 2214 1436 2253 ratissimus
1451 2227 1464 2262 ;
1488 2210 1728 2260 advolabat,
1748 2222 1826 2249 uon
1845 2207 2065 2255 currebat;
2088 2205 2177 2245 ubi-

1196 2287 1273 2327 que
1298 2276 1475 2315 locorum
1504 2274 1834 2327 acceptissimus,
1860 2283 1907 2310 ac
1926 2274 2096 2322 propter
2117 2269 2174 2306 in<

1190 2349 1340 2388 9enuos
1361 2350 1492 2377 mores
1517 2350 1564 2377 ne
1588 2336 1707 2376 malis
1735 2335 1895 2388 quidem
1921 2334 2076 2372 invisus
2099 2337 2172 2371 aut

1190 2401 1378 2441 molestus
1416 2400 1589 2440 habitus.
1636 2398 1830 2438 Omnibus
1862 2400 2028 2450 praesto
2062 2394 2167 2446 fuit,

1190 2463 1336 2515 quibus
1365 2464 1521 2516 potuit3
1554 2461 1771 2509 divitibus,
1808 2459 1963 2511 eyenis,
1986 2469 2068 2508 qua
2105 2467 2169 2494 co-

1186 2525 1310 2575 ynitis
1326 2558 1337 2575 ,
1362 2538 1444 2578 qua
1482 2525 1716 2576 incoqnitis,
1741 2527 1911 2562 caeteris
1941 2522 1982 2559 in
2019 2518 2136 2559 Clero
2153 2549 2162 2566 ‚

1190 2588 1231 2625 in
1250 2588 1523 2635 Monasteriis,
1542 2588 1582 2625 in
1597 2585 1844 2634 Nosocomio,
1865 2584 1906 2622 in
1927 2583 2162 2621 Gerontoco-

1188 2649 1266 2687 mio
1285 2648 1540 2700 deyentibus:
1566 2646 1678 2685 Nulli
1697 2645 1840 2697 defuit,
1866 2645 1904 2683 si
1924 2644 2059 2683 deesse
2081 2655 2159 2681 uon

1181 2712 1335 2763 potuit,
1362 2711 1403 2749 z'n
1431 2710 1574 2748 (Iamno
1607 2708 1783 2760 positum
1821 2707 1968 2745 ducens
2003 2710 2157 2758 tempus

1187 2784 1320 2820 omne,
1345 2771 1448 2823 qnod
1471 2771 1511 2809 in
1529 2770 1605 2809 Dei
1617 2769 1789 2821 qloriam
1805 2801 1816 2817 ,
1840 2768 1905 2808 vel
1928 2769 1967 2806 in
1989 2769 2157 2820 privata

1179 2832 1394 2884 publicave
1402 2831 1607 2870 Ecclesiae
1616 2831 1904 2870 commodanon
1919 2829 2156 2869 insumebat.

1184 2896 1242 2934 Eo
1266 2894 1424 2933 tandem
1447 2894 1586 2934 Divini
1607 2894 1759 2933 amoris
1784 2904 1968 2932 incensus
1989 2892 2154 2941 ardore,

1184 2960 1231 2995 ut
1263 2956 1367 3008 quod
1401 2955 1546 2996 bonum
1580 2959 1798 3007 praestare
1837 2955 1972 3002 licuit,
1998 2965 2155 3005 semper

1177 3019 1452 3070 praestiterit,
1477 3022 1515 3057 et
1535 3018 1642 3070 quod
1664 3017 1833 3067 malum,
1858 3029 1905 3055 ne
1922 3017 2055 3068 fieret,
2082 3016 2156 3054 im-

1174 3080 1317 3131 pedire
1341 3079 1511 3119 liberum
1526 3079 1629 3133 fuit,
1651 3091 1807 3131 semper
1837 3078 2070 3130 impediret:
2100 3078 2156 3117 Et

1181 3143 1237 3181 sic
1263 3142 1394 3181 omnia
1429 3141 1563 3195 factus
1600 3141 1810 3191 omnibus,
1850 3145 1888 3179 et
1907 3140 2151 3193 jamdudum

1182 3204 1350 3256 impletis
1380 3217 1472 3243 vere
1513 3204 1737 3245 Christiani
1768 3203 1935 3242 hominis
1959 3202 2151 3254 partibus

1181 3266 1385 3305 universis
1403 3298 1410 3316 ‚
1431 3271 1469 3305 et
1490 3266 1594 3305 coelo
1619 3270 1808 3305 maturus
1825 3297 1832 3315 ,
1849 3270 1895 3305 ut
1912 3266 2149 3304 immortalis

1182 3327 1262 3366 illic
1286 3327 1464 3378 viveret,
1491 3328 1552 3367 hic
1578 3328 1680 3367 inter
1714 3328 1903 3369 mortales
1926 3329 2062 3369 'vz'vere
2085 3327 2150 3369 de-
