<?xml version="1.0" encoding="UTF-8"?>
<!DOCTYPE html PUBLIC "-//W3C//DTD XHTML 1.0 Transitional//EN"
    "http://www.w3.org/TR/xhtml1/DTD/xhtml1-transitional.dtd">
<html xmlns="http://www.w3.org/1999/xhtml" xml:lang="en" lang="en">
 <head>
  <title>
</title>
<meta http-equiv="Content-Type" content="text/html;charset=utf-8" />
  <meta name='ocr-system' content='tesseract 3.04.00' />
  <meta name='ocr-capabilities' content='ocr_page ocr_carea ocr_par ocr_line ocrx_word'/>
</head>
<body>
  <div class='ocr_page' id='page_1' title='image "./bibliothecalatin01fabruoft_0529.png"; bbox 0 0 2500 3841; ppageno 0'>
   <div class='ocr_carea' id='block_1_1' title="bbox 880 232 2034 272">
    <p class='ocr_par' dir='ltr' id='par_1_1' title="bbox 880 232 2034 272">
     <span class='ocr_line' id='line_1_1' title="bbox 880 232 2034 272; baseline -0.002 -1"><span class='ocrx_word' id='word_1_1' title='bbox 880 234 910 271; x_wconf 81' lang='grc' dir='ltr'>Ε</span> <span class='ocrx_word' id='word_1_2' title='bbox 936 232 964 271; x_wconf 73' lang='lat'>(3</span> <span class='ocrx_word' id='word_1_3' title='bbox 986 234 1013 272; x_wconf 76' lang='lat' dir='ltr'>C</span> <span class='ocrx_word' id='word_1_4' title='bbox 1037 234 1068 272; x_wconf 73' lang='lat' dir='ltr'>A</span> <span class='ocrx_word' id='word_1_5' title='bbox 1092 234 1123 271; x_wconf 78' lang='lat' dir='ltr'>R</span> <span class='ocrx_word' id='word_1_6' title='bbox 1148 233 1180 270; x_wconf 78' lang='lat' dir='ltr'>l)</span> <span class='ocrx_word' id='word_1_7' title='bbox 1201 232 1215 269; x_wconf 87' lang='grc' dir='ltr'>Ι</span> <span class='ocrx_word' id='word_1_8' title='bbox 1964 232 2034 270; x_wconf 66' lang='grc' dir='ltr'>ΗΜ</span> 
     </span>
    </p>
   </div>
   <div class='ocr_carea' id='block_1_2' title="bbox 0 302 1023 3018">
    <p class='ocr_par' dir='ltr' id='par_1_2' title="bbox 3 302 1020 1595">
     <span class='ocr_line' id='line_1_2' title="bbox 52 302 1013 354; baseline -0.003 -9"><span class='ocrx_word' id='word_1_9' title='bbox 52 307 92 346; x_wconf 89' lang='lat' dir='ltr'>S.</span> <span class='ocrx_word' id='word_1_10' title='bbox 118 303 322 344; x_wconf 74' lang='lat' dir='ltr'><em>Elisabeth</em></span> <span class='ocrx_word' id='word_1_11' title='bbox 339 334 350 354; x_wconf 89' lang='lat'>,</span> <span class='ocrx_word' id='word_1_12' title='bbox 375 303 548 353; x_wconf 87' lang='lat' dir='ltr'>Virginis</span> <span class='ocrx_word' id='word_1_13' title='bbox 589 302 827 343; x_wconf 85' lang='lat' dir='ltr'>Abbatissae</span> <span class='ocrx_word' id='word_1_14' title='bbox 866 305 1013 344; x_wconf 83' lang='lat' dir='ltr'>Schoe-</span> 
     </span>
     <span class='ocr_line' id='line_1_3' title="bbox 52 363 1015 418; baseline -0.002 -12"><span class='ocrx_word' id='word_1_15' title='bbox 52 367 308 418; x_wconf 89' lang='lat' dir='ltr'>naugiensis,</span> <span class='ocrx_word' id='word_1_16' title='bbox 329 364 541 403; x_wconf 81' lang='lat' dir='ltr'>defunctae</span> <span class='ocrx_word' id='word_1_17' title='bbox 564 363 641 402; x_wconf 87' lang='lat' dir='ltr'>An.</span> <span class='ocrx_word' id='word_1_18' title='bbox 660 366 775 404; x_wconf 80' lang='grc'><strong>4465.</strong></span> <span class='ocrx_word' id='word_1_19' title='bbox 797 366 844 404; x_wconf 86' lang='lat' dir='ltr'>ad</span> <span class='ocrx_word' id='word_1_20' title='bbox 871 377 1015 416; x_wconf 85' lang='lat' dir='ltr'>cogna-</span> 
     </span>
     <span class='ocr_line' id='line_1_4' title="bbox 52 425 1014 477; baseline -0.003 -9"><span class='ocrx_word' id='word_1_21' title='bbox 52 433 116 468; x_wconf 91' lang='lat' dir='ltr'>tas</span> <span class='ocrx_word' id='word_1_22' title='bbox 135 439 258 468; x_wconf 88' lang='lat' dir='ltr'>suas:</span> <span class='ocrx_word' id='word_1_23' title='bbox 280 425 424 477; x_wconf 88' lang='lat' dir='ltr'>prodiit</span> <span class='ocrx_word' id='word_1_24' title='bbox 449 426 486 463; x_wconf 93' lang='lat' dir='ltr'>in</span> <span class='ocrx_word' id='word_1_25' title='bbox 511 425 623 464; x_wconf 87' lang='lat' dir='ltr'>Actis</span> <span class='ocrx_word' id='word_1_26' title='bbox 654 429 893 467; x_wconf 84' lang='lat' dir='ltr'>Sanctorum</span> <span class='ocrx_word' id='word_1_27' title='bbox 919 433 1014 466; x_wconf 87' lang='lat' dir='ltr'>tom.</span> 
     </span>
     <span class='ocr_line' id='line_1_5' title="bbox 51 486 1015 538; baseline -0.001 -10"><span class='ocrx_word' id='word_1_28' title='bbox 51 491 89 529; x_wconf 90' lang='lat'>3.</span> <span class='ocrx_word' id='word_1_29' title='bbox 107 490 212 528; x_wconf 90' lang='lat' dir='ltr'>Junii</span> <span class='ocrx_word' id='word_1_30' title='bbox 228 488 278 528; x_wconf 94' lang='grc'>48</span> <span class='ocrx_word' id='word_1_31' title='bbox 293 498 382 538; x_wconf 86' lang='lat' dir='ltr'>pag.</span> <span class='ocrx_word' id='word_1_32' title='bbox 399 486 488 525; x_wconf 87' lang='lat'><strong>607.</strong></span> <span class='ocrx_word' id='word_1_33' title='bbox 505 498 598 526; x_wconf 90' lang='lat' dir='ltr'>cum</span> <span class='ocrx_word' id='word_1_34' title='bbox 620 488 741 538; x_wconf 89' lang='lat' dir='ltr'>hujus</span> <span class='ocrx_word' id='word_1_35' title='bbox 757 490 1015 529; x_wconf 78' lang='lat' dir='ltr'>Elisabctliae</span> 
     </span>
     <span class='ocr_line' id='line_1_6' title="bbox 51 549 1016 600; baseline -0.002 -10"><span class='ocrx_word' id='word_1_36' title='bbox 51 552 261 591; x_wconf 86' lang='lat' dir='ltr'>Visionum</span> <span class='ocrx_word' id='word_1_37' title='bbox 282 549 395 588; x_wconf 87' lang='lat' dir='ltr'>libris</span> <span class='ocrx_word' id='word_1_38' title='bbox 419 549 463 587; x_wconf 92' lang='lat' dir='ltr'>V.</span> <span class='ocrx_word' id='word_1_39' title='bbox 489 553 537 588; x_wconf 87' lang='lat' dir='ltr'>ut</span> <span class='ocrx_word' id='word_1_40' title='bbox 557 551 669 600; x_wconf 88' lang='lat' dir='ltr'>prius</span> <span class='ocrx_word' id='word_1_41' title='bbox 695 551 827 589; x_wconf 90' lang='lat' dir='ltr'>lucem</span> <span class='ocrx_word' id='word_1_42' title='bbox 860 550 1016 589; x_wconf 87' lang='lat' dir='ltr'>viderat</span> 
     </span>
     <span class='ocr_line' id='line_1_7' title="bbox 51 611 1017 663; baseline -0.002 -10"><span class='ocrx_word' id='word_1_43' title='bbox 51 612 196 653; x_wconf 85' lang='lat' dir='ltr'>edente</span> <span class='ocrx_word' id='word_1_44' title='bbox 218 611 363 650; x_wconf 87' lang='lat' dir='ltr'>Jacobo</span> <span class='ocrx_word' id='word_1_45' title='bbox 386 611 510 649; x_wconf 85' lang='lat' dir='ltr'>Fabro</span> <span class='ocrx_word' id='word_1_46' title='bbox 529 642 537 660; x_wconf 89' lang='lat'>,</span> <span class='ocrx_word' id='word_1_47' title='bbox 562 612 791 663; x_wconf 78' lang='lat' dir='ltr'>stapulensi</span> <span class='ocrx_word' id='word_1_48' title='bbox 811 640 820 656; x_wconf 94' lang='lat'>‚</span> <span class='ocrx_word' id='word_1_49' title='bbox 856 614 1017 651; x_wconf 87' lang='lat' dir='ltr'>Parisiis</span> 
     </span>
     <span class='ocr_line' id='line_1_8' title="bbox 52 671 1015 714; baseline -0.002 -1"><span class='ocrx_word' id='word_1_50' title='bbox 52 674 170 714; x_wconf 82' lang='grc'><strong>4500.</strong></span> <span class='ocrx_word' id='word_1_51' title='bbox 203 677 245 712; x_wconf 88' lang='lat' dir='ltr'>et</span> <span class='ocrx_word' id='word_1_52' title='bbox 278 671 422 710; x_wconf 85' lang='lat' dir='ltr'>deinde</span> <span class='ocrx_word' id='word_1_53' title='bbox 460 673 645 711; x_wconf 81' lang='lat' dir='ltr'>Coloniae</span> <span class='ocrx_word' id='word_1_54' title='bbox 671 674 787 712; x_wconf 72' lang='lat'>4628.</span> <span class='ocrx_word' id='word_1_55' title='bbox 813 678 888 712; x_wconf 80' lang='lat' dir='ltr'>otc.</span> <span class='ocrx_word' id='word_1_56' title='bbox 919 674 1015 713; x_wconf 88' lang='lat' dir='ltr'>Vidc</span> 
     </span>
     <span class='ocr_line' id='line_1_9' title="bbox 50 733 1017 784; baseline 0 -10"><span class='ocrx_word' id='word_1_57' title='bbox 50 735 151 774; x_wconf 86' lang='lat' dir='ltr'>infra</span> <span class='ocrx_word' id='word_1_58' title='bbox 165 765 177 784; x_wconf 85' lang='lat'><em>‚</em></span> <span class='ocrx_word' id='word_1_59' title='bbox 192 733 527 773; x_wconf 84' lang='lat' dir='ltr'>ELISABETHA.</span> <span class='ocrx_word' id='word_1_60' title='bbox 544 736 753 774; x_wconf 77' lang='lat' dir='ltr'>Sermones</span> <span class='ocrx_word' id='word_1_61' title='bbox 768 736 854 774; x_wconf 83' lang='lat' dir='ltr'>XII.</span> <span class='ocrx_word' id='word_1_62' title='bbox 873 735 1017 774; x_wconf 79' lang='lat' dir='ltr'>adver-</span> 
     </span>
     <span class='ocr_line' id='line_1_10' title="bbox 51 795 1018 847; baseline -0.001 -11"><span class='ocrx_word' id='word_1_63' title='bbox 51 807 122 836; x_wconf 79' lang='lat' dir='ltr'>sus</span> <span class='ocrx_word' id='word_1_64' title='bbox 144 795 331 836; x_wconf 81' lang='lat' dir='ltr'>haereses</span> <span class='ocrx_word' id='word_1_65' title='bbox 357 795 630 836; x_wconf 77' lang='lat' dir='ltr'>Catharorum</span> <span class='ocrx_word' id='word_1_66' title='bbox 647 829 658 847; x_wconf 76' lang='lat'>,</span> <span class='ocrx_word' id='word_1_67' title='bbox 681 798 865 837; x_wconf 84' lang='lat' dir='ltr'>haeresin</span> <span class='ocrx_word' id='word_1_68' title='bbox 889 797 1018 837; x_wconf 78' lang='lat' dir='ltr'>Mani-</span> 
     </span>
     <span class='ocr_line' id='line_1_11' title="bbox 51 858 1017 911; baseline -0.001 -13"><span class='ocrx_word' id='word_1_69' title='bbox 51 858 268 898; x_wconf 78' lang='lat' dir='ltr'>chaeorum</span> <span class='ocrx_word' id='word_1_70' title='bbox 284 863 529 897; x_wconf 78' lang='lat' dir='ltr'>renovantes</span> <span class='ocrx_word' id='word_1_71' title='bbox 549 860 651 909; x_wconf 77' lang='lat' dir='ltr'>(cum</span> <span class='ocrx_word' id='word_1_72' title='bbox 670 863 859 911; x_wconf 75' lang='lat' dir='ltr'>eoecerpto</span> <span class='ocrx_word' id='word_1_73' title='bbox 876 859 1017 899; x_wconf 61' lang='lat' dir='ltr'>dejici-</span> 
     </span>
     <span class='ocr_line' id='line_1_12' title="bbox 49 920 1018 972; baseline -0.001 -12"><span class='ocrx_word' id='word_1_74' title='bbox 49 920 232 960; x_wconf 78' lang='lat' dir='ltr'>nichaeis</span> <span class='ocrx_word' id='word_1_75' title='bbox 258 933 308 960; x_wconf 79' lang='lat' dir='ltr'>ex</span> <span class='ocrx_word' id='word_1_76' title='bbox 331 920 569 971; x_wconf 77' lang='lat' dir='ltr'>Augustino)</span> <span class='ocrx_word' id='word_1_77' title='bbox 584 921 631 960; x_wconf 88' lang='lat' dir='ltr'>ad</span> <span class='ocrx_word' id='word_1_78' title='bbox 648 921 1018 972; x_wconf 64' lang='lat' dir='ltr'>Re92·220ldmn,A1—-</span> 
     </span>
     <span class='ocr_line' id='line_1_13' title="bbox 51 982 1016 1034; baseline -0.003 -11"><span class='ocrx_word' id='word_1_79' title='bbox 51 982 351 1034; x_wconf 88' lang='lat' dir='ltr'>chiepiscopum</span> <span class='ocrx_word' id='word_1_80' title='bbox 369 983 651 1022; x_wconf 88' lang='lat' dir='ltr'>Coloniensem</span> <span class='ocrx_word' id='word_1_81' title='bbox 669 1013 677 1031; x_wconf 95' lang='lat'>,</span> <span class='ocrx_word' id='word_1_82' title='bbox 697 984 882 1024; x_wconf 87' lang='lat' dir='ltr'>Coloniae</span> <span class='ocrx_word' id='word_1_83' title='bbox 900 985 914 1022; x_wconf 90' lang='grc'><strong>4</strong></span> <span class='ocrx_word' id='word_1_84' title='bbox 926 983 1016 1021; x_wconf 76' lang='lat'>530.</span> 
     </span>
     <span class='ocr_line' id='line_1_14' title="bbox 51 1045 1015 1096; baseline -0.002 -12"><span class='ocrx_word' id='word_1_85' title='bbox 51 1047 88 1084; x_wconf 89' lang='lat'>8.</span> <span class='ocrx_word' id='word_1_86' title='bbox 109 1046 143 1095; x_wconf 77' lang='lat' dir='ltr'>a)</span> <span class='ocrx_word' id='word_1_87' title='bbox 169 1049 210 1084; x_wconf 91' lang='lat' dir='ltr'>et</span> <span class='ocrx_word' id='word_1_88' title='bbox 228 1049 324 1083; x_wconf 90' lang='lat' dir='ltr'>tom.</span> <span class='ocrx_word' id='word_1_89' title='bbox 341 1047 429 1084; x_wconf 88' lang='lat' dir='ltr'><strong>XII.</strong></span> <span class='ocrx_word' id='word_1_90' title='bbox 450 1045 587 1086; x_wconf 89' lang='lat' dir='ltr'>Colon.</span> <span class='ocrx_word' id='word_1_91' title='bbox 609 1051 732 1096; x_wconf 86' lang='lat' dir='ltr'>atque</span> <span class='ocrx_word' id='word_1_92' title='bbox 749 1050 844 1084; x_wconf 88' lang='lat' dir='ltr'>tom.</span> <span class='ocrx_word' id='word_1_93' title='bbox 870 1045 1015 1084; x_wconf 82' lang='lat' dir='ltr'><strong>XXIII.</strong></span> 
     </span>
     <span class='ocr_line' id='line_1_15' title="bbox 48 1107 1015 1158; baseline -0.001 -12"><span class='ocrx_word' id='word_1_94' title='bbox 48 1108 316 1148; x_wconf 84' lang='lat' dir='ltr'>Bibliothecae</span> <span class='ocrx_word' id='word_1_95' title='bbox 340 1109 503 1146; x_wconf 87' lang='lat' dir='ltr'>Patrum</span> <span class='ocrx_word' id='word_1_96' title='bbox 529 1107 624 1146; x_wconf 86' lang='lat' dir='ltr'>edit.</span> <span class='ocrx_word' id='word_1_97' title='bbox 661 1107 782 1158; x_wconf 85' lang='lat' dir='ltr'>Lugd.</span> <span class='ocrx_word' id='word_1_98' title='bbox 809 1119 895 1158; x_wconf 85' lang='lat' dir='ltr'>pag.</span> <span class='ocrx_word' id='word_1_99' title='bbox 927 1108 1015 1146; x_wconf 84' lang='grc'><strong>604.</strong></span> 
     </span>
     <span class='ocr_line' id='line_1_16' title="bbox 48 1168 1015 1218; baseline -0.002 -10"><span class='ocrx_word' id='word_1_100' title='bbox 48 1168 218 1208; x_wconf 77' lang='lat' dir='ltr'>Caetera</span> <span class='ocrx_word' id='word_1_101' title='bbox 237 1180 340 1218; x_wconf 87' lang='lat' dir='ltr'>quae</span> <span class='ocrx_word' id='word_1_102' title='bbox 363 1169 455 1208; x_wconf 88' lang='lat' dir='ltr'>huic</span> <span class='ocrx_word' id='word_1_103' title='bbox 472 1170 645 1208; x_wconf 88' lang='lat' dir='ltr'>Ecberto</span> <span class='ocrx_word' id='word_1_104' title='bbox 666 1170 899 1208; x_wconf 86' lang='lat' dir='ltr'>tribuuntur</span> <span class='ocrx_word' id='word_1_105' title='bbox 913 1168 1015 1218; x_wconf 87' lang='lat' dir='ltr'>apud</span> 
     </span>
     <span class='ocr_line' id='line_1_17' title="bbox 48 1230 1018 1280; baseline -0.003 -10"><span class='ocrx_word' id='word_1_106' title='bbox 48 1230 314 1270; x_wconf 88' lang='lat' dir='ltr'>Trithemium</span> <span class='ocrx_word' id='word_1_107' title='bbox 350 1241 436 1280; x_wconf 90' lang='lat' dir='ltr'>cap.</span> <span class='ocrx_word' id='word_1_108' title='bbox 472 1231 561 1269; x_wconf 74' lang='lat'>403.</span> <span class='ocrx_word' id='word_1_109' title='bbox 587 1230 636 1269; x_wconf 90' lang='lat' dir='ltr'>de</span> <span class='ocrx_word' id='word_1_110' title='bbox 667 1232 705 1269; x_wconf 88' lang='lat' dir='ltr'>S.</span> <span class='ocrx_word' id='word_1_111' title='bbox 729 1232 774 1270; x_wconf 86' lang='lat' dir='ltr'>E.</span> <span class='ocrx_word' id='word_1_112' title='bbox 800 1236 841 1269; x_wconf 85' lang='lat' dir='ltr'>et</span> <span class='ocrx_word' id='word_1_113' title='bbox 875 1231 1018 1269; x_wconf 79' lang='lat' dir='ltr'>illustr.</span> 
     </span>
     <span class='ocr_line' id='line_1_18' title="bbox 48 1291 1020 1344; baseline -0.003 -12"><span class='ocrx_word' id='word_1_114' title='bbox 48 1292 297 1332; x_wconf 90' lang='lat' dir='ltr'>Benedictin.</span> <span class='ocrx_word' id='word_1_115' title='bbox 328 1292 378 1330; x_wconf 92' lang='grc' dir='ltr'>ΙΙ.</span> <span class='ocrx_word' id='word_1_116' title='bbox 415 1293 505 1332; x_wconf 72' lang='grc'><strong>424.</strong></span> <span class='ocrx_word' id='word_1_117' title='bbox 548 1296 669 1331; x_wconf 82' lang='lat' dir='ltr'>sunt:</span> <span class='ocrx_word' id='word_1_118' title='bbox 700 1293 748 1330; x_wconf 82' lang='lat' dir='ltr'>In</span> <span class='ocrx_word' id='word_1_119' title='bbox 771 1291 1020 1344; x_wconf 72' lang='lat' dir='ltr'>principium</span> 
     </span>
     <span class='ocr_line' id='line_1_19' title="bbox 3 1352 1020 1409; baseline -0.001 -16"><span class='ocrx_word' id='word_1_120' title='bbox 3 1405 17 1409; x_wconf 73' lang='lat'>-</span> <span class='ocrx_word' id='word_1_121' title='bbox 48 1352 490 1405; x_wconf 62' lang='lat' dir='ltr'>EvanqelitJohanms:</span> <span class='ocrx_word' id='word_1_122' title='bbox 513 1355 645 1405; x_wconf 81' lang='lat' dir='ltr'>Super</span> <span class='ocrx_word' id='word_1_123' title='bbox 666 1354 919 1405; x_wconf 69' lang='lat' dir='ltr'>Magynifieat:</span> <span class='ocrx_word' id='word_1_124' title='bbox 945 1355 1020 1393; x_wconf 82' lang='lat' dir='ltr'>Su-</span> 
     </span>
     <span class='ocr_line' id='line_1_20' title="bbox 45 1415 1020 1469; baseline -0.003 -14"><span class='ocrx_word' id='word_1_125' title='bbox 45 1427 122 1469; x_wconf 84' lang='lat' dir='ltr'>per</span> <span class='ocrx_word' id='word_1_126' title='bbox 137 1429 146 1454; x_wconf 92' lang='lat'>:</span> <span class='ocrx_word' id='word_1_127' title='bbox 161 1417 313 1455; x_wconf 89' lang='lat' dir='ltr'>missus</span> <span class='ocrx_word' id='word_1_128' title='bbox 329 1421 392 1455; x_wconf 88' lang='lat' dir='ltr'>est</span> <span class='ocrx_word' id='word_1_129' title='bbox 406 1415 605 1468; x_wconf 79' lang='lat' dir='ltr'>Angelus:</span> <span class='ocrx_word' id='word_1_130' title='bbox 622 1415 908 1464; x_wconf 60' lang='lat' dir='ltr'>limitationes,</span> <span class='ocrx_word' id='word_1_131' title='bbox 927 1417 1020 1455; x_wconf 80' lang='lat' dir='ltr'>Ser-</span> 
     </span>
     <span class='ocr_line' id='line_1_21' title="bbox 53 1477 1018 1530; baseline -0.003 -12"><span class='ocrx_word' id='word_1_132' title='bbox 53 1490 188 1519; x_wconf 79' lang='lat' dir='ltr'>mones</span> <span class='ocrx_word' id='word_1_133' title='bbox 211 1490 283 1530; x_wconf 86' lang='lat' dir='ltr'>per</span> <span class='ocrx_word' id='word_1_134' title='bbox 311 1490 462 1518; x_wconf 90' lang='lat' dir='ltr'>annum</span> <span class='ocrx_word' id='word_1_135' title='bbox 480 1510 490 1527; x_wconf 88' lang='lat'>,</span> <span class='ocrx_word' id='word_1_136' title='bbox 518 1478 673 1518; x_wconf 79' lang='lat' dir='ltr'>Laudes</span> <span class='ocrx_word' id='word_1_137' title='bbox 702 1477 954 1526; x_wconf 74' lang='lat' dir='ltr'>Salvatorz‘s,</span> <span class='ocrx_word' id='word_1_138' title='bbox 979 1482 1018 1516; x_wconf 82' lang='lat' dir='ltr'>et</span> 
     </span>
     <span class='ocr_line' id='line_1_22' title="bbox 52 1541 558 1595; baseline -0.004 -13"><span class='ocrx_word' id='word_1_139' title='bbox 52 1541 256 1595; x_wconf 81' lang='lat' dir='ltr'>Epistolas</span> <span class='ocrx_word' id='word_1_140' title='bbox 284 1541 334 1581; x_wconf 89' lang='lat' dir='ltr'>ad</span> <span class='ocrx_word' id='word_1_141' title='bbox 357 1541 558 1580; x_wconf 87' lang='lat' dir='ltr'>diversos.</span> 
     </span>
    </p>

    <p class='ocr_par' dir='ltr' id='par_1_3' title="bbox 51 1603 1021 2015">
     <span class='ocr_line' id='line_1_23' title="bbox 103 1603 1019 1654; baseline -0.007 -9"><span class='ocrx_word' id='word_1_142' title='bbox 103 1603 327 1646; x_wconf 85' lang='lat' dir='ltr'>ECCARDI</span> <span class='ocrx_word' id='word_1_143' title='bbox 352 1615 496 1642; x_wconf 90' lang='lat' dir='ltr'>nomen</span> <span class='ocrx_word' id='word_1_144' title='bbox 523 1604 632 1642; x_wconf 86' lang='lat' dir='ltr'>varie</span> <span class='ocrx_word' id='word_1_145' title='bbox 648 1605 845 1654; x_wconf 87' lang='lat' dir='ltr'>scriptum</span> <span class='ocrx_word' id='word_1_146' title='bbox 866 1604 1019 1654; x_wconf 76' lang='lat' dir='ltr'>reperio</span> 
     </span>
     <span class='ocr_line' id='line_1_24' title="bbox 52 1663 1020 1715; baseline -0.004 -9"><span class='ocrx_word' id='word_1_147' title='bbox 52 1665 292 1706; x_wconf 77' lang='lat' dir='ltr'>Ecclzardus</span> <span class='ocrx_word' id='word_1_148' title='bbox 309 1697 320 1714; x_wconf 84' lang='lat'>,</span> <span class='ocrx_word' id='word_1_149' title='bbox 333 1663 547 1704; x_wconf 72' lang='lat' dir='ltr'>Eckarclus</span> <span class='ocrx_word' id='word_1_150' title='bbox 559 1696 571 1715; x_wconf 73' lang='grc'>,</span> <span class='ocrx_word' id='word_1_151' title='bbox 587 1663 876 1705; x_wconf 70' lang='lat' dir='ltr'>Eckerhardus</span> <span class='ocrx_word' id='word_1_152' title='bbox 893 1697 904 1713; x_wconf 85' lang='lat'>,</span> <span class='ocrx_word' id='word_1_153' title='bbox 920 1665 1020 1715; x_wconf 69' lang='lat' dir='ltr'>Eye-</span> 
     </span>
     <span class='ocr_line' id='line_1_25' title="bbox 58 1724 1021 1778; baseline -0.004 -11"><span class='ocrx_word' id='word_1_154' title='bbox 58 1727 232 1777; x_wconf 77' lang='lat' dir='ltr'>bardus,</span> <span class='ocrx_word' id='word_1_155' title='bbox 257 1726 540 1778; x_wconf 78' lang='lat' dir='ltr'>E99elmrclzcs,</span> <span class='ocrx_word' id='word_1_156' title='bbox 561 1726 841 1777; x_wconf 67' lang='lat' dir='ltr'>Essyerarclus,</span> <span class='ocrx_word' id='word_1_157' title='bbox 863 1724 1021 1764; x_wconf 61' lang='lat' dir='ltr'>Elclcar-</span> 
     </span>
     <span class='ocr_line' id='line_1_26' title="bbox 51 1786 1014 1838; baseline -0.003 -10"><span class='ocrx_word' id='word_1_158' title='bbox 51 1790 153 1838; x_wconf 83' lang='lat' dir='ltr'>dus,</span> <span class='ocrx_word' id='word_1_159' title='bbox 177 1787 442 1828; x_wconf 70' lang='lat' dir='ltr'>Ekkerarclus</span> <span class='ocrx_word' id='word_1_160' title='bbox 459 1818 468 1836; x_wconf 88' lang='lat'>,</span> <span class='ocrx_word' id='word_1_161' title='bbox 496 1787 727 1827; x_wconf 71' lang='lat' dir='ltr'>Aichardus</span> <span class='ocrx_word' id='word_1_162' title='bbox 743 1820 752 1835; x_wconf 86' lang='lat'>,</span> <span class='ocrx_word' id='word_1_163' title='bbox 785 1786 987 1826; x_wconf 70' lang='lat' dir='ltr'>Aieardus</span> <span class='ocrx_word' id='word_1_164' title='bbox 1004 1818 1014 1835; x_wconf 77' lang='lat'>,</span> 
     </span>
     <span class='ocr_line' id='line_1_27' title="bbox 51 1849 1019 1903; baseline -0.004 -13"><span class='ocrx_word' id='word_1_165' title='bbox 51 1850 296 1903; x_wconf 76' lang='lat' dir='ltr'>Haycardus</span> <span class='ocrx_word' id='word_1_166' title='bbox 313 1879 326 1899; x_wconf 40' lang='lat'>,.</span> <span class='ocrx_word' id='word_1_167' title='bbox 354 1849 615 1898; x_wconf 67' lang='lat' dir='ltr'>[fecem-dus,</span> <span class='ocrx_word' id='word_1_168' title='bbox 646 1850 914 1899; x_wconf 69' lang='lat' dir='ltr'>Heyecartus:</span> <span class='ocrx_word' id='word_1_169' title='bbox 947 1851 1019 1887; x_wconf 75' lang='lat' dir='ltr'>ita-</span> 
     </span>
     <span class='ocr_line' id='line_1_28' title="bbox 53 1911 1019 1966; baseline -0.005 -12"><span class='ocrx_word' id='word_1_170' title='bbox 53 1926 131 1966; x_wconf 91' lang='lat' dir='ltr'>que</span> <span class='ocrx_word' id='word_1_171' title='bbox 157 1913 276 1964; x_wconf 89' lang='lat' dir='ltr'>juvat</span> <span class='ocrx_word' id='word_1_172' title='bbox 306 1917 514 1963; x_wconf 83' lang='lat' dir='ltr'>utcunque</span> <span class='ocrx_word' id='word_1_173' title='bbox 552 1923 792 1963; x_wconf 80' lang='lat' dir='ltr'>expressum</span> <span class='ocrx_word' id='word_1_174' title='bbox 831 1923 910 1951; x_wconf 90' lang='lat' dir='ltr'>uno</span> <span class='ocrx_word' id='word_1_175' title='bbox 945 1911 1019 1949; x_wconf 88' lang='lat' dir='ltr'>hoc</span> 
     </span>
     <span class='ocr_line' id='line_1_29' title="bbox 52 1974 547 2015; baseline -0.006 0"><span class='ocrx_word' id='word_1_176' title='bbox 52 1976 138 2015; x_wconf 93' lang='lat' dir='ltr'>loco</span> <span class='ocrx_word' id='word_1_177' title='bbox 163 1976 318 2014; x_wconf 87' lang='lat' dir='ltr'>Lectori</span> <span class='ocrx_word' id='word_1_178' title='bbox 343 1974 547 2013; x_wconf 85' lang='lat' dir='ltr'>exhibere.</span> 
     </span>
    </p>

    <p class='ocr_par' dir='ltr' id='par_1_4' title="bbox 51 2036 1017 2212">
     <span class='ocr_line' id='line_1_30' title="bbox 105 2036 1017 2086; baseline -0.004 -10"><span class='ocrx_word' id='word_1_179' title='bbox 105 2037 378 2078; x_wconf 85' lang='lat' dir='ltr'>ECCARDUS</span> <span class='ocrx_word' id='word_1_180' title='bbox 401 2037 553 2086; x_wconf 84' lang='lat' dir='ltr'>speculi</span> <span class='ocrx_word' id='word_1_181' title='bbox 576 2036 760 2075; x_wconf 84' lang='lat' dir='ltr'>Saxonici</span> <span class='ocrx_word' id='word_1_182' title='bbox 785 2036 954 2085; x_wconf 80' lang='lat' dir='ltr'>scriptor</span> <span class='ocrx_word' id='word_1_183' title='bbox 977 2040 1017 2073; x_wconf 90' lang='lat' dir='ltr'>et</span> 
     </span>
     <span class='ocr_line' id='line_1_31' title="bbox 51 2095 1015 2150; baseline -0.006 -11"><span class='ocrx_word' id='word_1_184' title='bbox 51 2101 262 2150; x_wconf 87' lang='lat' dir='ltr'>interpres.</span> <span class='ocrx_word' id='word_1_185' title='bbox 287 2098 380 2137; x_wconf 90' lang='lat' dir='ltr'>vide</span> <span class='ocrx_word' id='word_1_186' title='bbox 420 2098 522 2136; x_wconf 81' lang='lat' dir='ltr'>infra</span> <span class='ocrx_word' id='word_1_187' title='bbox 551 2108 638 2148; x_wconf 87' lang='lat' dir='ltr'>pag.</span> <span class='ocrx_word' id='word_1_188' title='bbox 680 2097 770 2136; x_wconf 73' lang='lat'>492.</span> <span class='ocrx_word' id='word_1_189' title='bbox 807 2096 941 2137; x_wconf 86' lang='lat' dir='ltr'>ECCO</span> <span class='ocrx_word' id='word_1_190' title='bbox 969 2095 1015 2134; x_wconf 84' lang='lat' dir='ltr'>de</span> 
     </span>
     <span class='ocr_line' id='line_1_32' title="bbox 52 2162 260 2212; baseline -0.014 -10"><span class='ocrx_word' id='word_1_191' title='bbox 52 2162 260 2212; x_wconf 70' lang='lat' dir='ltr'>Repqowe.</span> 
     </span>
    </p>

    <p class='ocr_par' dir='ltr' id='par_1_5' title="bbox 0 2220 1023 3018">
     <span class='ocr_line' id='line_1_33' title="bbox 105 2220 1018 2272; baseline -0.007 -8"><span class='ocrx_word' id='word_1_192' title='bbox 105 2221 378 2264; x_wconf 86' lang='lat' dir='ltr'>ECCARDUS</span> <span class='ocrx_word' id='word_1_193' title='bbox 394 2222 564 2272; x_wconf 80' lang='lat' dir='ltr'>scriptor</span> <span class='ocrx_word' id='word_1_194' title='bbox 581 2220 779 2270; x_wconf 77' lang='lat' dir='ltr'>Clzronz&#39;ci,</span> <span class='ocrx_word' id='word_1_195' title='bbox 795 2232 916 2270; x_wconf 87' lang='lat' dir='ltr'>quem</span> <span class='ocrx_word' id='word_1_196' title='bbox 932 2220 1018 2259; x_wconf 90' lang='lat' dir='ltr'>lau-</span> 
     </span>
     <span class='ocr_line' id='line_1_34' title="bbox 54 2280 1015 2333; baseline -0.005 -8"><span class='ocrx_word' id='word_1_197' title='bbox 54 2286 122 2325; x_wconf 90' lang='lat' dir='ltr'>dat</span> <span class='ocrx_word' id='word_1_198' title='bbox 137 2286 392 2324; x_wconf 87' lang='lat' dir='ltr'>Hermannus</span> <span class='ocrx_word' id='word_1_199' title='bbox 413 2283 614 2323; x_wconf 90' lang='lat' dir='ltr'>Cornerus</span> <span class='ocrx_word' id='word_1_200' title='bbox 629 2283 678 2321; x_wconf 88' lang='lat' dir='ltr'>ad</span> <span class='ocrx_word' id='word_1_201' title='bbox 695 2281 769 2321; x_wconf 90' lang='lat' dir='ltr'>An.</span> <span class='ocrx_word' id='word_1_202' title='bbox 793 2280 909 2322; x_wconf 89' lang='grc'><strong>4447.</strong></span> <span class='ocrx_word' id='word_1_203' title='bbox 929 2293 1015 2333; x_wconf 89' lang='lat' dir='ltr'>pag.</span> 
     </span>
     <span class='ocr_line' id='line_1_35' title="bbox 0 2344 1019 2396; baseline -0.006 -9"><span class='ocrx_word' id='word_1_204' title='bbox 0 2376 1 2393; x_wconf 58' lang='grc'>,</span> <span class='ocrx_word' id='word_1_205' title='bbox 55 2349 144 2388; x_wconf 79' lang='grc'><strong>659.</strong></span> <span class='ocrx_word' id='word_1_206' title='bbox 169 2350 210 2385; x_wconf 92' lang='lat' dir='ltr'>et</span> <span class='ocrx_word' id='word_1_207' title='bbox 230 2346 347 2396; x_wconf 91' lang='lat' dir='ltr'>alibi,</span> <span class='ocrx_word' id='word_1_208' title='bbox 367 2348 408 2384; x_wconf 90' lang='lat' dir='ltr'>et</span> <span class='ocrx_word' id='word_1_209' title='bbox 427 2356 549 2395; x_wconf 90' lang='lat' dir='ltr'>quem</span> <span class='ocrx_word' id='word_1_210' title='bbox 573 2345 641 2383; x_wconf 86' lang='lat' dir='ltr'>Vir</span> <span class='ocrx_word' id='word_1_211' title='bbox 664 2344 923 2383; x_wconf 89' lang='lat' dir='ltr'>doctissimus</span> <span class='ocrx_word' id='word_1_212' title='bbox 953 2344 1019 2381; x_wconf 82' lang='lat' dir='ltr'>Jo-</span> 
     </span>
     <span class='ocr_line' id='line_1_36' title="bbox 53 2405 1016 2459; baseline -0.006 -10"><span class='ocrx_word' id='word_1_213' title='bbox 53 2410 212 2449; x_wconf 89' lang='lat' dir='ltr'>hannes</span> <span class='ocrx_word' id='word_1_214' title='bbox 233 2408 429 2459; x_wconf 81' lang='lat' dir='ltr'>Georgius</span> <span class='ocrx_word' id='word_1_215' title='bbox 451 2406 679 2455; x_wconf 89' lang='lat' dir='ltr'>Eccardus,</span> <span class='ocrx_word' id='word_1_216' title='bbox 701 2407 769 2457; x_wconf 87' lang='lat' dir='ltr'>qui</span> <span class='ocrx_word' id='word_1_217' title='bbox 794 2405 1016 2445; x_wconf 88' lang='lat' dir='ltr'>Cornerum</span> 
     </span>
     <span class='ocr_line' id='line_1_37' title="bbox 0 2460 1016 2523; baseline -0.008 -11"><span class='ocrx_word' id='word_1_218' title='bbox 0 2460 2 2470; x_wconf 38' lang='lat'><em>¹</em></span> <span class='ocrx_word' id='word_1_219' title='bbox 25 2518 30 2523; x_wconf 25' lang='lat'>⁸</span> <span class='ocrx_word' id='word_1_220' title='bbox 53 2476 150 2511; x_wconf 90' lang='lat' dir='ltr'>tom.</span> <span class='ocrx_word' id='word_1_221' title='bbox 171 2471 208 2511; x_wconf 72' lang='lat'>2.</span> <span class='ocrx_word' id='word_1_222' title='bbox 233 2469 420 2520; x_wconf 88' lang='lat' dir='ltr'>Corporis</span> <span class='ocrx_word' id='word_1_223' title='bbox 443 2468 582 2507; x_wconf 89' lang='lat' dir='ltr'>histor.</span> <span class='ocrx_word' id='word_1_224' title='bbox 610 2468 727 2506; x_wconf 86' lang='lat' dir='ltr'>medii</span> <span class='ocrx_word' id='word_1_225' title='bbox 758 2469 846 2506; x_wconf 86' lang='lat' dir='ltr'>aevi</span> <span class='ocrx_word' id='word_1_226' title='bbox 870 2466 1016 2514; x_wconf 85' lang='lat' dir='ltr'>edidit,</span> 
     </span>
     <span class='ocr_line' id='line_1_38' title="bbox 52 2529 1022 2586; baseline -0.007 -13"><span class='ocrx_word' id='word_1_227' title='bbox 52 2533 219 2586; x_wconf 89' lang='lat' dir='ltr'>putabat</span> <span class='ocrx_word' id='word_1_228' title='bbox 241 2542 332 2571; x_wconf 88' lang='lat' dir='ltr'>esse</span> <span class='ocrx_word' id='word_1_229' title='bbox 355 2535 559 2570; x_wconf 87' lang='lat' dir='ltr'>auctorem</span> <span class='ocrx_word' id='word_1_230' title='bbox 584 2531 771 2570; x_wconf 87' lang='lat' dir='ltr'>Chronici</span> <span class='ocrx_word' id='word_1_231' title='bbox 787 2529 1022 2580; x_wconf 73' lang='lat' dir='ltr'>M‘agdebur-</span> 
     </span>
     <span class='ocr_line' id='line_1_39' title="bbox 53 2591 1019 2648; baseline -0.007 -14"><span class='ocrx_word' id='word_1_232' title='bbox 53 2596 128 2648; x_wconf 84' lang='lat' dir='ltr'>gici</span> <span class='ocrx_word' id='word_1_233' title='bbox 151 2625 158 2646; x_wconf 88' lang='lat'>‚</span> <span class='ocrx_word' id='word_1_234' title='bbox 180 2594 217 2644; x_wconf 81' lang='lat' dir='ltr'>b)</span> <span class='ocrx_word' id='word_1_235' title='bbox 239 2594 326 2632; x_wconf 89' lang='lat' dir='ltr'>sive</span> <span class='ocrx_word' id='word_1_236' title='bbox 341 2591 557 2632; x_wconf 85' lang='lat' dir='ltr'>Annalium</span> <span class='ocrx_word' id='word_1_237' title='bbox 584 2593 893 2640; x_wconf 81' lang='lat' dir='ltr'>Saxonicorum,</span> <span class='ocrx_word' id='word_1_238' title='bbox 917 2600 1019 2640; x_wconf 87' lang='lat' dir='ltr'>quos</span> 
     </span>
     <span class='ocr_line' id='line_1_40' title="bbox 53 2654 1023 2708; baseline -0.008 -11"><span class='ocrx_word' id='word_1_239' title='bbox 53 2657 236 2708; x_wconf 84' lang='lat' dir='ltr'>vulgavit</span> <span class='ocrx_word' id='word_1_240' title='bbox 265 2655 434 2694; x_wconf 86' lang='lat' dir='ltr'>illustris</span> <span class='ocrx_word' id='word_1_241' title='bbox 458 2654 679 2693; x_wconf 83' lang='lat' dir='ltr'>Leibnit-ius</span> <span class='ocrx_word' id='word_1_242' title='bbox 704 2658 799 2691; x_wconf 91' lang='lat' dir='ltr'>tom.</span> <span class='ocrx_word' id='word_1_243' title='bbox 828 2654 863 2691; x_wconf 93' lang='grc'>4.</span> <span class='ocrx_word' id='word_1_244' title='bbox 888 2662 1023 2690; x_wconf 85' lang='lat' dir='ltr'>acces-</span> 
     </span>
     <span class='ocr_line' id='line_1_41' title="bbox 56 2715 1020 2758; baseline -0.007 0"><span class='ocrx_word' id='word_1_245' title='bbox 56 2720 214 2758; x_wconf 89' lang='lat' dir='ltr'>sionum</span> <span class='ocrx_word' id='word_1_246' title='bbox 238 2717 534 2756; x_wconf 88' lang='lat' dir='ltr'>historicarum.</span> <span class='ocrx_word' id='word_1_247' title='bbox 566 2715 645 2755; x_wconf 89' lang='lat' dir='ltr'>Sed</span> <span class='ocrx_word' id='word_1_248' title='bbox 685 2715 892 2753; x_wconf 88' lang='lat' dir='ltr'>diversum</span> <span class='ocrx_word' id='word_1_249' title='bbox 930 2724 1020 2751; x_wconf 87' lang='lat' dir='ltr'>esse</span> 
     </span>
     <span class='ocr_line' id='line_1_42' title="bbox 53 2775 1021 2821; baseline -0.007 -1"><span class='ocrx_word' id='word_1_250' title='bbox 53 2779 272 2821; x_wconf 83' lang='lat' dir='ltr'>Annalium</span> <span class='ocrx_word' id='word_1_251' title='bbox 295 2778 441 2818; x_wconf 90' lang='lat' dir='ltr'>horum</span> <span class='ocrx_word' id='word_1_252' title='bbox 466 2781 674 2816; x_wconf 85' lang='lat' dir='ltr'>auctorem</span> <span class='ocrx_word' id='word_1_253' title='bbox 699 2788 720 2815; x_wconf 87' lang='lat' dir='ltr'>a</span> <span class='ocrx_word' id='word_1_254' title='bbox 750 2775 912 2815; x_wconf 90' lang='lat' dir='ltr'>Corneri</span> <span class='ocrx_word' id='word_1_255' title='bbox 946 2775 1021 2814; x_wconf 90' lang='lat' dir='ltr'>Ec-</span> 
     </span>
     <span class='ocr_line' id='line_1_43' title="bbox 55 2836 1020 2890; baseline -0.008 -8"><span class='ocrx_word' id='word_1_256' title='bbox 55 2841 174 2882; x_wconf 88' lang='lat' dir='ltr'>cardo</span> <span class='ocrx_word' id='word_1_257' title='bbox 195 2871 204 2890; x_wconf 94' lang='lat'>,</span> <span class='ocrx_word' id='word_1_258' title='bbox 225 2852 303 2880; x_wconf 89' lang='lat' dir='ltr'>non</span> <span class='ocrx_word' id='word_1_259' title='bbox 325 2842 412 2878; x_wconf 87' lang='lat' dir='ltr'>sine</span> <span class='ocrx_word' id='word_1_260' title='bbox 432 2840 584 2877; x_wconf 85' lang='lat' dir='ltr'>ratione</span> <span class='ocrx_word' id='word_1_261' title='bbox 604 2837 757 2887; x_wconf 86' lang='lat' dir='ltr'>judicat</span> <span class='ocrx_word' id='word_1_262' title='bbox 788 2836 1020 2876; x_wconf 89' lang='lat' dir='ltr'>Theodorus</span> 
     </span>
     <span class='ocr_line' id='line_1_44' title="bbox 54 2899 1022 2943; baseline -0.007 0"><span class='ocrx_word' id='word_1_263' title='bbox 54 2904 236 2943; x_wconf 88' lang='lat' dir='ltr'>Hasaeus</span> <span class='ocrx_word' id='word_1_264' title='bbox 273 2906 368 2940; x_wconf 88' lang='lat' dir='ltr'>tom.</span> <span class='ocrx_word' id='word_1_265' title='bbox 407 2899 444 2938; x_wconf 91' lang='lat'>7.</span> <span class='ocrx_word' id='word_1_266' title='bbox 486 2899 753 2938; x_wconf 86' lang='lat' dir='ltr'>Bibliothecae</span> <span class='ocrx_word' id='word_1_267' title='bbox 791 2899 1022 2937; x_wconf 91' lang='lat' dir='ltr'>Bremensis</span> 
     </span>
     <span class='ocr_line' id='line_1_45' title="bbox 55 2955 1020 3018; baseline -0.008 -12"><span class='ocrx_word' id='word_1_268' title='bbox 55 2978 146 3018; x_wconf 84' lang='lat' dir='ltr'>pag.</span> <span class='ocrx_word' id='word_1_269' title='bbox 168 2955 259 3005; x_wconf 86' lang='grc'><strong>944.</strong></span> <span class='ocrx_word' id='word_1_270' title='bbox 284 2964 500 3003; x_wconf 86' lang='lat' dir='ltr'>Caeterum</span> <span class='ocrx_word' id='word_1_271' title='bbox 525 2961 688 3001; x_wconf 87' lang='lat' dir='ltr'>Corneri</span> <span class='ocrx_word' id='word_1_272' title='bbox 711 2959 917 2999; x_wconf 89' lang='lat' dir='ltr'>Eccardus</span> <span class='ocrx_word' id='word_1_273' title='bbox 942 2971 1020 2998; x_wconf 89' lang='lat' dir='ltr'>non</span> 
     </span>
    </p>
   </div>
   <div class='ocr_carea' id='block_1_3' title="bbox 44 3100 1031 3244">
    <p class='ocr_par' dir='ltr' id='par_1_6' title="bbox 44 3100 1031 3244">
     <span class='ocr_line' id='line_1_46' title="bbox 113 3100 1030 3147; baseline -0.008 -9"><span class='ocrx_word' id='word_1_274' title='bbox 113 3105 148 3147; x_wconf 81' lang='lat' dir='ltr'>a)</span> <span class='ocrx_word' id='word_1_275' title='bbox 168 3106 353 3137; x_wconf 76' lang='lat' dir='ltr'>nei-manni</span> <span class='ocrx_word' id='word_1_276' title='bbox 378 3104 422 3136; x_wconf 83' lang='lat' dir='ltr'>ab</span> <span class='ocrx_word' id='word_1_277' title='bbox 442 3102 547 3135; x_wconf 76' lang='lat' dir='ltr'>Hardt</span> <span class='ocrx_word' id='word_1_278' title='bbox 579 3100 795 3142; x_wconf 78' lang='lat' dir='ltr'>Autographa</span> <span class='ocrx_word' id='word_1_279' title='bbox 817 3104 899 3133; x_wconf 80' lang='lat' dir='ltr'>tom.</span> <span class='ocrx_word' id='word_1_280' title='bbox 927 3102 1030 3132; x_wconf 76' lang='lat' dir='ltr'>tortio</span> 
     </span>
     <span class='ocr_line' id='line_1_47' title="bbox 44 3154 1031 3244; baseline -0.007 -7"><span class='ocrx_word' id='word_1_281' title='bbox 44 3164 149 3244; x_wconf 43' lang='lat' dir='ltr'>pagg)</span> <span class='ocrx_word' id='word_1_282' title='bbox 157 3154 264 3237; x_wconf 39' lang='lat' dir='ltr'>1135in</span> <span class='ocrx_word' id='word_1_283' title='bbox 281 3208 355 3242; x_wconf 80' lang='lat' dir='ltr'>est,</span> <span class='ocrx_word' id='word_1_284' title='bbox 371 3202 463 3244; x_wconf 90' lang='lat' dir='ltr'>quod</span> <span class='ocrx_word' id='word_1_285' title='bbox 481 3202 587 3235; x_wconf 83' lang='lat' dir='ltr'>edidit</span> <span class='ocrx_word' id='word_1_286' title='bbox 603 3202 817 3235; x_wconf 78' lang='lat' dir='ltr'>Clarissimus</span> <span class='ocrx_word' id='word_1_287' title='bbox 834 3200 1031 3232; x_wconf 74' lang='lat' dir='ltr'>meibomius</span> 
     </span>
    </p>
   </div>
   <div class='ocr_carea' id='block_1_4' title="bbox 51 3249 1034 3293">
    <p class='ocr_par' dir='ltr' id='par_1_7' title="bbox 51 3249 1034 3293">
     <span class='ocr_line' id='line_1_48' title="bbox 51 3249 1034 3293; baseline -0.006 -7"><span class='ocrx_word' id='word_1_288' title='bbox 51 3256 134 3286; x_wconf 80' lang='lat' dir='ltr'>tom.</span> <span class='ocrx_word' id='word_1_289' title='bbox 157 3252 306 3286; x_wconf 85' lang='lat' dir='ltr'>secundo</span> <span class='ocrx_word' id='word_1_290' title='bbox 331 3260 407 3293; x_wconf 82' lang='lat' dir='ltr'>pag.</span> <span class='ocrx_word' id='word_1_291' title='bbox 431 3252 505 3285; x_wconf 74' lang='lat'>⁶269.</span> <span class='ocrx_word' id='word_1_292' title='bbox 530 3256 562 3284; x_wconf 85' lang='lat' dir='ltr'>et</span> <span class='ocrx_word' id='word_1_293' title='bbox 585 3254 681 3292; x_wconf 82' lang='lat' dir='ltr'>cujus</span> <span class='ocrx_word' id='word_1_294' title='bbox 715 3251 872 3283; x_wconf 78' lang='lat' dir='ltr'>lacunam</span> <span class='ocrx_word' id='word_1_295' title='bbox 895 3249 1034 3290; x_wconf 82' lang='lat' dir='ltr'>supple-</span> 
     </span>
    </p>
   </div>
   <div class='ocr_carea' id='block_1_5' title="bbox 52 3301 1024 3391">
    <p class='ocr_par' dir='ltr' id='par_1_8' title="bbox 52 3301 1024 3391">
     <span class='ocr_line' id='line_1_49' title="bbox 52 3301 1024 3340; baseline -0.004 -5"><span class='ocrx_word' id='word_1_296' title='bbox 52 3305 102 3335; x_wconf 69' lang='grc' dir='ltr'>νὴ</span> <span class='ocrx_word' id='word_1_297' title='bbox 124 3301 280 3334; x_wconf 78' lang='lat' dir='ltr'>laudatus</span> <span class='ocrx_word' id='word_1_298' title='bbox 317 3302 504 3336; x_wconf 81' lang='lat' dir='ltr'>Leibnitius</span> <span class='ocrx_word' id='word_1_299' title='bbox 527 3306 609 3335; x_wconf 84' lang='lat' dir='ltr'>torn.</span> <span class='ocrx_word' id='word_1_300' title='bbox 637 3301 657 3332; x_wconf 84' lang='lat'>5</span> <span class='ocrx_word' id='word_1_301' title='bbox 684 3302 889 3340; x_wconf 77' lang='lat' dir='ltr'>scriptorum</span> <span class='ocrx_word' id='word_1_302' title='bbox 913 3302 1024 3331; x_wconf 81' lang='lat' dir='ltr'>Brun-</span> 
     </span>
     <span class='ocr_line' id='line_1_50' title="bbox 54 3351 463 3391; baseline 0.002 -7"><span class='ocrx_word' id='word_1_303' title='bbox 54 3353 261 3386; x_wconf 69' lang='lat' dir='ltr'>nicensium</span> <span class='ocrx_word' id='word_1_304' title='bbox 283 3359 360 3391; x_wconf 83' lang='lat' dir='ltr'>pag.</span> <span class='ocrx_word' id='word_1_305' title='bbox 387 3351 463 3385; x_wconf 79' lang='grc'><strong>749.</strong></span> 
     </span>
    </p>
   </div>
   <div class='ocr_carea' id='block_1_6' title="bbox 1087 301 2061 1151">
    <p class='ocr_par' dir='ltr' id='par_1_9' title="bbox 1087 301 2054 528">
     <span class='ocr_line' id='line_1_51' title="bbox 1088 301 2039 352; baseline -0.005 -9"><span class='ocrx_word' id='word_1_306' title='bbox 1088 304 1287 352; x_wconf 83' lang='lat' dir='ltr'>diversus,</span> <span class='ocrx_word' id='word_1_307' title='bbox 1310 307 1354 342; x_wconf 87' lang='lat' dir='ltr'>ut</span> <span class='ocrx_word' id='word_1_308' title='bbox 1373 303 1534 341; x_wconf 80' lang='lat' dir='ltr'>videtur</span> <span class='ocrx_word' id='word_1_309' title='bbox 1548 303 1596 340; x_wconf 86' lang='lat' dir='ltr'>ab</span> <span class='ocrx_word' id='word_1_310' title='bbox 1614 301 1802 351; x_wconf 72' lang='lat' dir='ltr'>licem-do,</span> <span class='ocrx_word' id='word_1_311' title='bbox 1820 302 2039 351; x_wconf 83' lang='lat' dir='ltr'>Urangicns</span> 
     </span>
     <span class='ocr_line' id='line_1_52' title="bbox 1087 363 2054 415; baseline -0.005 -10"><span class='ocrx_word' id='word_1_312' title='bbox 1087 366 1259 414; x_wconf 83' lang='lat' dir='ltr'>Abbate,</span> <span class='ocrx_word' id='word_1_313' title='bbox 1277 365 1326 403; x_wconf 88' lang='lat' dir='ltr'>de</span> <span class='ocrx_word' id='word_1_314' title='bbox 1341 376 1420 415; x_wconf 86' lang='lat' dir='ltr'>quo</span> <span class='ocrx_word' id='word_1_315' title='bbox 1444 364 1561 411; x_wconf 72' lang='lat' dir='ltr'>infra,</span> <span class='ocrx_word' id='word_1_316' title='bbox 1578 363 1801 402; x_wconf 90' lang='lat' dir='ltr'>Chronicon</span> <span class='ocrx_word' id='word_1_317' title='bbox 1818 374 1927 411; x_wconf 87' lang='lat' dir='ltr'>vero,</span> <span class='ocrx_word' id='word_1_318' title='bbox 1947 363 2054 413; x_wconf 90' lang='lat' dir='ltr'>quod</span> 
     </span>
     <span class='ocr_line' id='line_1_53' title="bbox 1090 424 2052 478; baseline -0.006 -12"><span class='ocrx_word' id='word_1_319' title='bbox 1090 429 1278 478; x_wconf 86' lang='lat' dir='ltr'>respicit,</span> <span class='ocrx_word' id='word_1_320' title='bbox 1306 426 1477 465; x_wconf 78' lang='lat' dir='ltr'>necdum</span> <span class='ocrx_word' id='word_1_321' title='bbox 1509 428 1547 463; x_wconf 89' lang='lat' dir='ltr'>in</span> <span class='ocrx_word' id='word_1_322' title='bbox 1586 426 1717 464; x_wconf 89' lang='lat' dir='ltr'>lucem</span> <span class='ocrx_word' id='word_1_323' title='bbox 1750 424 1917 472; x_wconf 89' lang='lat' dir='ltr'>datum,</span> <span class='ocrx_word' id='word_1_324' title='bbox 1949 424 2052 475; x_wconf 88' lang='lat' dir='ltr'>quod</span> 
     </span>
     <span class='ocr_line' id='line_1_54' title="bbox 1091 500 1230 528; baseline 0 -1"><span class='ocrx_word' id='word_1_325' title='bbox 1091 500 1230 528; x_wconf 82' lang='lat' dir='ltr'>sciam.</span> 
     </span>
    </p>

    <p class='ocr_par' dir='ltr' id='par_1_10' title="bbox 1090 548 2060 775">
     <span class='ocr_line' id='line_1_55' title="bbox 1143 548 2056 599; baseline -0.005 -9"><span class='ocrx_word' id='word_1_326' title='bbox 1143 549 1364 590; x_wconf 81' lang='lat' dir='ltr'>ECCARDI</span> <span class='ocrx_word' id='word_1_327' title='bbox 1390 550 1568 599; x_wconf 79' lang='lat' dir='ltr'>quinque</span> <span class='ocrx_word' id='word_1_328' title='bbox 1595 550 1698 586; x_wconf 87' lang='lat' dir='ltr'>inter</span> <span class='ocrx_word' id='word_1_329' title='bbox 1723 559 1817 597; x_wconf 90' lang='lat' dir='ltr'>eos,</span> <span class='ocrx_word' id='word_1_330' title='bbox 1837 549 1904 598; x_wconf 89' lang='lat' dir='ltr'>qui</span> <span class='ocrx_word' id='word_1_331' title='bbox 1924 548 2056 586; x_wconf 84' lang='lat' dir='ltr'>Mona-</span> 
     </span>
     <span class='ocr_line' id='line_1_56' title="bbox 1091 609 2058 658; baseline -0.004 -7"><span class='ocrx_word' id='word_1_332' title='bbox 1091 614 1258 651; x_wconf 87' lang='lat' dir='ltr'>sterium</span> <span class='ocrx_word' id='word_1_333' title='bbox 1290 613 1331 650; x_wconf 92' lang='lat' dir='ltr'>S.</span> <span class='ocrx_word' id='word_1_334' title='bbox 1363 609 1470 649; x_wconf 68' lang='lat' dir='ltr'>Galli</span> <span class='ocrx_word' id='word_1_335' title='bbox 1496 610 1764 658; x_wconf 87' lang='lat' dir='ltr'>decorarunt,</span> <span class='ocrx_word' id='word_1_336' title='bbox 1802 609 2058 648; x_wconf 85' lang='lat' dir='ltr'>celebrantur</span> 
     </span>
     <span class='ocr_line' id='line_1_57' title="bbox 1090 670 2060 724; baseline -0.004 -11"><span class='ocrx_word' id='word_1_337' title='bbox 1090 675 1138 713; x_wconf 86' lang='lat' dir='ltr'>ab</span> <span class='ocrx_word' id='word_1_338' title='bbox 1158 673 1389 724; x_wconf 89' lang='lat' dir='ltr'>Hepidanno</span> <span class='ocrx_word' id='word_1_339' title='bbox 1408 701 1416 719; x_wconf 92' lang='lat'>,</span> <span class='ocrx_word' id='word_1_340' title='bbox 1441 673 1630 721; x_wconf 87' lang='lat' dir='ltr'>Ratperto</span> <span class='ocrx_word' id='word_1_341' title='bbox 1651 672 1819 722; x_wconf 83' lang='lat' dir='ltr'>aliisque</span> <span class='ocrx_word' id='word_1_342' title='bbox 1843 670 1948 722; x_wconf 87' lang='lat' dir='ltr'>apud</span> <span class='ocrx_word' id='word_1_343' title='bbox 1969 671 2060 709; x_wconf 91' lang='lat' dir='ltr'>Gol-</span> 
     </span>
     <span class='ocr_line' id='line_1_58' title="bbox 1091 733 1642 775; baseline -0.009 0"><span class='ocrx_word' id='word_1_344' title='bbox 1091 736 1253 775; x_wconf 87' lang='lat' dir='ltr'>dastum</span> <span class='ocrx_word' id='word_1_345' title='bbox 1279 736 1317 772; x_wconf 91' lang='lat' dir='ltr'>in</span> <span class='ocrx_word' id='word_1_346' title='bbox 1342 733 1642 772; x_wconf 75' lang='lat' dir='ltr'>Alamannicis:</span> 
     </span>
    </p>

    <p class='ocr_par' dir='ltr' id='par_1_11' title="bbox 1090 795 2061 960">
     <span class='ocr_line' id='line_1_59' title="bbox 1142 795 2061 844; baseline -0.004 -8"><span class='ocrx_word' id='word_1_347' title='bbox 1142 796 1415 836; x_wconf 79' lang='lat' dir='ltr'>ECCARDUS</span> <span class='ocrx_word' id='word_1_348' title='bbox 1435 796 1464 833; x_wconf 94' lang='lat' dir='ltr'>I.</span> <span class='ocrx_word' id='word_1_349' title='bbox 1490 795 1639 840; x_wconf 85' lang='lat' dir='ltr'>senior,</span> <span class='ocrx_word' id='word_1_350' title='bbox 1665 796 1879 843; x_wconf 83' lang='lat' dir='ltr'>Decanus,</span> <span class='ocrx_word' id='word_1_351' title='bbox 1903 799 2061 844; x_wconf 84' lang='lat' dir='ltr'>tempo-</span> 
     </span>
     <span class='ocr_line' id='line_1_60' title="bbox 1090 855 2060 906; baseline -0.005 -8"><span class='ocrx_word' id='word_1_352' title='bbox 1090 860 1200 898; x_wconf 88' lang='lat' dir='ltr'>ribus</span> <span class='ocrx_word' id='word_1_353' title='bbox 1220 858 1378 896; x_wconf 82' lang='lat' dir='ltr'>OttoniS</span> <span class='ocrx_word' id='word_1_354' title='bbox 1402 858 1431 895; x_wconf 90' lang='lat' dir='ltr'>I.</span> <span class='ocrx_word' id='word_1_355' title='bbox 1470 857 1728 906; x_wconf 73' lang='lat' dir='ltr'>Imperatoris</span> <span class='ocrx_word' id='word_1_356' title='bbox 1765 856 1814 894; x_wconf 90' lang='lat' dir='ltr'>ab</span> <span class='ocrx_word' id='word_1_357' title='bbox 1853 855 1928 895; x_wconf 82' lang='lat' dir='ltr'>An.</span> <span class='ocrx_word' id='word_1_358' title='bbox 1967 857 2060 895; x_wconf 80' lang='lat'>958.</span> 
     </span>
     <span class='ocr_line' id='line_1_61' title="bbox 1090 920 1258 960; baseline -0.012 0"><span class='ocrx_word' id='word_1_359' title='bbox 1090 921 1139 960; x_wconf 81' lang='lat' dir='ltr'>ad</span> <span class='ocrx_word' id='word_1_360' title='bbox 1164 920 1258 959; x_wconf 72' lang='lat'>972.</span> 
     </span>
    </p>

    <p class='ocr_par' dir='ltr' id='par_1_12' title="bbox 1092 980 2060 1091">
     <span class='ocr_line' id='line_1_62' title="bbox 1144 980 2060 1029; baseline -0.005 -8"><span class='ocrx_word' id='word_1_361' title='bbox 1144 981 1416 1021; x_wconf 79' lang='lat' dir='ltr'>ECCARDUS</span> <span class='ocrx_word' id='word_1_362' title='bbox 1462 981 1508 1019; x_wconf 79' lang='grc' dir='ltr'>ΙΙ.</span> <span class='ocrx_word' id='word_1_363' title='bbox 1552 980 1757 1018; x_wconf 90' lang='lat' dir='ltr'>Palatinus</span> <span class='ocrx_word' id='word_1_364' title='bbox 1791 983 1831 1017; x_wconf 89' lang='lat' dir='ltr'>et</span> <span class='ocrx_word' id='word_1_365' title='bbox 1873 980 2060 1029; x_wconf 77' lang='lat' dir='ltr'>Magister</span> 
     </span>
     <span class='ocr_line' id='line_1_63' title="bbox 1092 1041 1818 1091; baseline -0.007 -8"><span class='ocrx_word' id='word_1_366' title='bbox 1092 1045 1355 1091; x_wconf 88' lang='lat' dir='ltr'>Scholarum,</span> <span class='ocrx_word' id='word_1_367' title='bbox 1381 1043 1600 1081; x_wconf 85' lang='lat' dir='ltr'>defunctus</span> <span class='ocrx_word' id='word_1_368' title='bbox 1624 1041 1698 1080; x_wconf 82' lang='lat' dir='ltr'>An.</span> <span class='ocrx_word' id='word_1_369' title='bbox 1726 1041 1818 1079; x_wconf 89' lang='grc'><strong>996.</strong></span> 
     </span>
    </p>

    <p class='ocr_par' dir='ltr' id='par_1_13' title="bbox 1144 1102 2061 1151">
     <span class='ocr_line' id='line_1_64' title="bbox 1144 1102 2061 1151; baseline -0.008 -5"><span class='ocrx_word' id='word_1_370' title='bbox 1144 1105 1416 1147; x_wconf 83' lang='lat' dir='ltr'>ECCARDUS</span> <span class='ocrx_word' id='word_1_371' title='bbox 1439 1106 1506 1143; x_wconf 81' lang='lat' dir='ltr'>III.</span> <span class='ocrx_word' id='word_1_372' title='bbox 1537 1105 1743 1151; x_wconf 76' lang='lat' dir='ltr'>Decanus,</span> <span class='ocrx_word' id='word_1_373' title='bbox 1774 1108 1815 1140; x_wconf 77' lang='lat' dir='ltr'>et</span> <span class='ocrx_word' id='word_1_374' title='bbox 1846 1103 1921 1141; x_wconf 88' lang='lat' dir='ltr'>sub</span> <span class='ocrx_word' id='word_1_375' title='bbox 1957 1102 2061 1140; x_wconf 85' lang='lat' dir='ltr'>idem</span> 
     </span>
    </p>
   </div>
   <div class='ocr_carea' id='block_1_7' title="bbox 1082 1173 1270 1220">
    <p class='ocr_par' dir='ltr' id='par_1_14' title="bbox 1082 1173 1270 1220">
     <span class='ocr_line' id='line_1_65' title="bbox 1082 1173 1270 1220; baseline -0.005 -13"><span class='ocrx_word' id='word_1_376' title='bbox 1082 1173 1270 1220; x_wconf 84' lang='lat' dir='ltr'>tempus.</span> 
     </span>
    </p>
   </div>
   <div class='ocr_carea' id='block_1_8' title="bbox 1091 1226 2069 3385">
    <p class='ocr_par' dir='ltr' id='par_1_15' title="bbox 1091 1226 2066 2019">
     <span class='ocr_line' id='line_1_66' title="bbox 1144 1226 2059 1276; baseline -0.007 -7"><span class='ocrx_word' id='word_1_377' title='bbox 1144 1230 1414 1271; x_wconf 82' lang='lat' dir='ltr'>ECCARDUS</span> <span class='ocrx_word' id='word_1_378' title='bbox 1453 1230 1515 1268; x_wconf 86' lang='lat' dir='ltr'>IV.</span> <span class='ocrx_word' id='word_1_379' title='bbox 1554 1228 1725 1276; x_wconf 71' lang='lat' dir='ltr'>Junz’or,</span> <span class='ocrx_word' id='word_1_380' title='bbox 1764 1226 1984 1267; x_wconf 76' lang='lat' dir='ltr'>Monachus</span> <span class='ocrx_word' id='word_1_381' title='bbox 2019 1227 2059 1264; x_wconf 87' lang='lat' dir='ltr'>S.</span> 
     </span>
     <span class='ocr_line' id='line_1_67' title="bbox 1095 1288 2064 1332; baseline -0.008 0"><span class='ocrx_word' id='word_1_382' title='bbox 1095 1293 1202 1332; x_wconf 62' lang='lat' dir='ltr'>Galla·</span> <span class='ocrx_word' id='word_1_383' title='bbox 1221 1295 1326 1332; x_wconf 86' lang='lat' dir='ltr'>circa</span> <span class='ocrx_word' id='word_1_384' title='bbox 1347 1292 1509 1331; x_wconf 86' lang='lat' dir='ltr'>Annum</span> <span class='ocrx_word' id='word_1_385' title='bbox 1543 1291 1659 1330; x_wconf 72' lang='grc'><strong>4040.</strong></span> <span class='ocrx_word' id='word_1_386' title='bbox 1696 1290 1873 1328; x_wconf 84' lang='lat' dir='ltr'>carmine</span> <span class='ocrx_word' id='word_1_387' title='bbox 1904 1288 2064 1326; x_wconf 86' lang='lat' dir='ltr'>heroico</span> 
     </span>
     <span class='ocr_line' id='line_1_68' title="bbox 1094 1349 2066 1407; baseline -0.01 -11"><span class='ocrx_word' id='word_1_388' title='bbox 1094 1357 1254 1407; x_wconf 85' lang='lat' dir='ltr'>scripsit</span> <span class='ocrx_word' id='word_1_389' title='bbox 1275 1358 1391 1404; x_wconf 69' lang='lat' dir='ltr'>qesta</span> <span class='ocrx_word' id='word_1_390' title='bbox 1426 1351 1664 1401; x_wconf 66' lang='lat' dir='ltr'>waltharii,</span> <span class='ocrx_word' id='word_1_391' title='bbox 1691 1351 1851 1390; x_wconf 84' lang='lat' dir='ltr'>laudata</span> <span class='ocrx_word' id='word_1_392' title='bbox 1882 1349 1930 1388; x_wconf 85' lang='lat' dir='ltr'>al)</span> <span class='ocrx_word' id='word_1_393' title='bbox 1959 1349 2066 1388; x_wconf 85' lang='lat' dir='ltr'>Ano—</span> 
     </span>
     <span class='ocr_line' id='line_1_69' title="bbox 1093 1410 2063 1468; baseline -0.008 -12"><span class='ocrx_word' id='word_1_394' title='bbox 1093 1429 1215 1468; x_wconf 72' lang='lat' dir='ltr'>nymo</span> <span class='ocrx_word' id='word_1_395' title='bbox 1239 1417 1455 1456; x_wconf 82' lang='lat' dir='ltr'>Mellicensi</span> <span class='ocrx_word' id='word_1_396' title='bbox 1477 1427 1562 1466; x_wconf 87' lang='lat' dir='ltr'>cap.</span> <span class='ocrx_word' id='word_1_397' title='bbox 1589 1414 1651 1452; x_wconf 87' lang='lat'>70.</span> <span class='ocrx_word' id='word_1_398' title='bbox 1678 1413 1778 1463; x_wconf 82' lang='lat' dir='ltr'>Ejus</span> <span class='ocrx_word' id='word_1_399' title='bbox 1803 1413 1902 1451; x_wconf 89' lang='lat' dir='ltr'>liber</span> <span class='ocrx_word' id='word_1_400' title='bbox 1926 1410 1972 1449; x_wconf 83' lang='lat' dir='ltr'>cle</span> <span class='ocrx_word' id='word_1_401' title='bbox 1997 1422 2063 1449; x_wconf 85' lang='lat' dir='ltr'>ca-</span> 
     </span>
     <span class='ocr_line' id='line_1_70' title="bbox 1091 1473 2063 1525; baseline -0.008 -6"><span class='ocrx_word' id='word_1_402' title='bbox 1091 1478 1202 1519; x_wconf 74' lang='lat' dir='ltr'>sibus</span> <span class='ocrx_word' id='word_1_403' title='bbox 1229 1476 1464 1519; x_wconf 44' lang='lat' dir='ltr'>Monassterie‘</span> <span class='ocrx_word' id='word_1_404' title='bbox 1491 1478 1530 1515; x_wconf 89' lang='lat' dir='ltr'>S.</span> <span class='ocrx_word' id='word_1_405' title='bbox 1564 1474 1690 1524; x_wconf 74' lang='lat' dir='ltr'>Galli,</span> <span class='ocrx_word' id='word_1_406' title='bbox 1721 1486 1800 1525; x_wconf 89' lang='lat' dir='ltr'>quo</span> <span class='ocrx_word' id='word_1_407' title='bbox 1843 1473 2063 1512; x_wconf 79' lang='lat' dir='ltr'>RATPER-</span> 
     </span>
     <span class='ocr_line' id='line_1_71' title="bbox 1094 1536 2062 1584; baseline -0.008 -3"><span class='ocrx_word' id='word_1_408' title='bbox 1094 1543 1198 1580; x_wconf 74' lang='lat' dir='ltr'>TUM</span> <span class='ocrx_word' id='word_1_409' title='bbox 1223 1541 1272 1579; x_wconf 88' lang='lat' dir='ltr'>ab</span> <span class='ocrx_word' id='word_1_410' title='bbox 1295 1540 1368 1578; x_wconf 81' lang='lat' dir='ltr'>An.</span> <span class='ocrx_word' id='word_1_411' title='bbox 1395 1539 1485 1576; x_wconf 88' lang='grc'><strong>891.</strong></span> <span class='ocrx_word' id='word_1_412' title='bbox 1511 1537 1560 1576; x_wconf 90' lang='lat' dir='ltr'>ad</span> <span class='ocrx_word' id='word_1_413' title='bbox 1591 1537 1680 1575; x_wconf 74' lang='lat'>982.</span> <span class='ocrx_word' id='word_1_414' title='bbox 1712 1537 1978 1584; x_wconf 79' lang='lat' dir='ltr'>continuavit,</span> <span class='ocrx_word' id='word_1_415' title='bbox 2008 1536 2062 1573; x_wconf 84' lang='lat' dir='ltr'>le-</span> 
     </span>
     <span class='ocr_line' id='line_1_72' title="bbox 1093 1598 2061 1654; baseline -0.009 -12"><span class='ocrx_word' id='word_1_416' title='bbox 1093 1605 1198 1654; x_wconf 83' lang='lat' dir='ltr'>gitur</span> <span class='ocrx_word' id='word_1_417' title='bbox 1221 1604 1260 1640; x_wconf 86' lang='lat' dir='ltr'>in</span> <span class='ocrx_word' id='word_1_418' title='bbox 1285 1600 1464 1640; x_wconf 80' lang='lat' dir='ltr'>Goldasti</span> <span class='ocrx_word' id='word_1_419' title='bbox 1486 1598 1758 1638; x_wconf 80' lang='lat' dir='ltr'>Alemannicis</span> <span class='ocrx_word' id='word_1_420' title='bbox 1784 1602 1878 1635; x_wconf 88' lang='lat' dir='ltr'>tom.</span> <span class='ocrx_word' id='word_1_421' title='bbox 1906 1599 1919 1635; x_wconf 90' lang='grc'><strong>4</strong></span> <span class='ocrx_word' id='word_1_422' title='bbox 1940 1626 1948 1644; x_wconf 83' lang='grc'>,</span> <span class='ocrx_word' id='word_1_423' title='bbox 1975 1607 2061 1647; x_wconf 76' lang='lat' dir='ltr'>pag.</span> 
     </span>
     <span class='ocr_line' id='line_1_73' title="bbox 1096 1658 2064 1705; baseline -0.01 0"><span class='ocrx_word' id='word_1_424' title='bbox 1096 1667 1237 1705; x_wconf 66' lang='lat' dir='ltr'>fil—64.</span> <span class='ocrx_word' id='word_1_425' title='bbox 1281 1662 1508 1703; x_wconf 85' lang='lat' dir='ltr'>Eccardum</span> <span class='ocrx_word' id='word_1_426' title='bbox 1550 1661 1802 1699; x_wconf 82' lang='lat' dir='ltr'>continuavit</span> <span class='ocrx_word' id='word_1_427' title='bbox 1839 1658 2064 1698; x_wconf 75' lang='lat' dir='ltr'>BL&#39;RKAR-</span> 
     </span>
     <span class='ocr_line' id='line_1_74' title="bbox 1092 1719 2064 1776; baseline -0.01 -10"><span class='ocrx_word' id='word_1_428' title='bbox 1092 1727 1190 1766; x_wconf 87' lang='lat' dir='ltr'>DUS</span> <span class='ocrx_word' id='word_1_429' title='bbox 1215 1726 1275 1776; x_wconf 80' lang='lat' dir='ltr'>(de</span> <span class='ocrx_word' id='word_1_430' title='bbox 1299 1736 1378 1774; x_wconf 86' lang='lat' dir='ltr'>quo</span> <span class='ocrx_word' id='word_1_431' title='bbox 1404 1734 1525 1773; x_wconf 87' lang='lat' dir='ltr'>supra</span> <span class='ocrx_word' id='word_1_432' title='bbox 1543 1734 1628 1773; x_wconf 84' lang='lat' dir='ltr'>pag.</span> <span class='ocrx_word' id='word_1_433' title='bbox 1653 1721 1743 1759; x_wconf 69' lang='lat'>279.</span> <span class='ocrx_word' id='word_1_434' title='bbox 1761 1721 1810 1760; x_wconf 90' lang='lat' dir='ltr'>ab</span> <span class='ocrx_word' id='word_1_435' title='bbox 1826 1732 1888 1759; x_wconf 89' lang='lat' dir='ltr'>an.</span> <span class='ocrx_word' id='word_1_436' title='bbox 1912 1720 1990 1758; x_wconf 71' lang='lat'>982</span> <span class='ocrx_word' id='word_1_437' title='bbox 2014 1719 2064 1757; x_wconf 90' lang='lat' dir='ltr'>ad</span> 
     </span>
     <span class='ocr_line' id='line_1_75' title="bbox 1095 1780 2064 1838; baseline -0.012 -9"><span class='ocrx_word' id='word_1_438' title='bbox 1095 1789 1211 1829; x_wconf 70' lang='lat'>4204.</span> <span class='ocrx_word' id='word_1_439' title='bbox 1235 1787 1341 1838; x_wconf 85' lang='lat' dir='ltr'>apud</span> <span class='ocrx_word' id='word_1_440' title='bbox 1367 1785 1605 1824; x_wconf 86' lang='lat' dir='ltr'>Goldastum</span> <span class='ocrx_word' id='word_1_441' title='bbox 1630 1795 1719 1834; x_wconf 81' lang='lat' dir='ltr'>pag.</span> <span class='ocrx_word' id='word_1_442' title='bbox 1754 1783 1900 1822; x_wconf 68' lang='lat'>65-91.</span> <span class='ocrx_word' id='word_1_443' title='bbox 1937 1780 2064 1831; x_wconf 77' lang='lat' dir='ltr'>Cujus</span> 
     </span>
     <span class='ocr_line' id='line_1_76' title="bbox 1092 1843 2064 1896; baseline -0.01 -6"><span class='ocrx_word' id='word_1_444' title='bbox 1092 1856 1209 1891; x_wconf 89' lang='lat' dir='ltr'>notae</span> <span class='ocrx_word' id='word_1_445' title='bbox 1233 1852 1272 1887; x_wconf 89' lang='lat' dir='ltr'>in</span> <span class='ocrx_word' id='word_1_446' title='bbox 1296 1847 1521 1887; x_wconf 82' lang='lat' dir='ltr'>Eccardum</span> <span class='ocrx_word' id='word_1_447' title='bbox 1548 1858 1636 1896; x_wconf 80' lang='lat' dir='ltr'>pag.</span> <span class='ocrx_word' id='word_1_448' title='bbox 1672 1844 1760 1884; x_wconf 92' lang='grc'><strong>409.</strong></span> <span class='ocrx_word' id='word_1_449' title='bbox 1791 1855 1875 1894; x_wconf 80' lang='lat' dir='ltr'>seq.</span> <span class='ocrx_word' id='word_1_450' title='bbox 1902 1843 1999 1883; x_wconf 87' lang='lat' dir='ltr'>Vide</span> <span class='ocrx_word' id='word_1_451' title='bbox 2023 1847 2064 1881; x_wconf 82' lang='lat' dir='ltr'>et</span> 
     </span>
     <span class='ocr_line' id='line_1_77' title="bbox 1094 1904 2064 1962; baseline -0.01 -10"><span class='ocrx_word' id='word_1_452' title='bbox 1094 1918 1189 1952; x_wconf 87' lang='lat' dir='ltr'>tom.</span> <span class='ocrx_word' id='word_1_453' title='bbox 1218 1913 1241 1951; x_wconf 66' lang='lat'>⁶2</span> <span class='ocrx_word' id='word_1_454' title='bbox 1257 1943 1267 1960; x_wconf 80' lang='lat'>,</span> <span class='ocrx_word' id='word_1_455' title='bbox 1293 1922 1380 1962; x_wconf 80' lang='lat' dir='ltr'>pag.</span> <span class='ocrx_word' id='word_1_456' title='bbox 1407 1909 1494 1948; x_wconf 71' lang='lat'>465.</span> <span class='ocrx_word' id='word_1_457' title='bbox 1514 1909 1719 1958; x_wconf 73' lang='lat' dir='ltr'>Excerpta</span> <span class='ocrx_word' id='word_1_458' title='bbox 1736 1905 1933 1957; x_wconf 87' lang='lat' dir='ltr'>quaedam</span> <span class='ocrx_word' id='word_1_459' title='bbox 1958 1904 2064 1955; x_wconf 84' lang='lat' dir='ltr'>apud</span> 
     </span>
     <span class='ocr_line' id='line_1_78' title="bbox 1092 1967 2061 2019; baseline -0.01 -5"><span class='ocrx_word' id='word_1_460' title='bbox 1092 1975 1292 2014; x_wconf 88' lang='lat' dir='ltr'>Andream</span> <span class='ocrx_word' id='word_1_461' title='bbox 1319 1973 1374 2011; x_wconf 90' lang='lat' dir='ltr'>du</span> <span class='ocrx_word' id='word_1_462' title='bbox 1398 1972 1557 2010; x_wconf 86' lang='lat' dir='ltr'>Chesne</span> <span class='ocrx_word' id='word_1_463' title='bbox 1575 1976 1669 2008; x_wconf 86' lang='lat' dir='ltr'>tom.</span> <span class='ocrx_word' id='word_1_464' title='bbox 1692 1970 1714 2007; x_wconf 91' lang='lat'>3</span> <span class='ocrx_word' id='word_1_465' title='bbox 1731 2000 1739 2019; x_wconf 95' lang='lat'>,</span> <span class='ocrx_word' id='word_1_466' title='bbox 1755 1980 1842 2019; x_wconf 83' lang='lat' dir='ltr'>pag.</span> <span class='ocrx_word' id='word_1_467' title='bbox 1872 1967 2061 2005; x_wconf 61' lang='lat' dir='ltr'>lat-489.</span> 
     </span>
    </p>

    <p class='ocr_par' dir='ltr' id='par_1_16' title="bbox 1091 2032 2069 3013">
     <span class='ocr_line' id='line_1_79' title="bbox 1147 2032 2066 2079; baseline -0.011 -3"><span class='ocrx_word' id='word_1_468' title='bbox 1147 2036 1415 2076; x_wconf 76' lang='lat' dir='ltr'>ECCARDUS</span> <span class='ocrx_word' id='word_1_469' title='bbox 1440 2035 1485 2072; x_wconf 89' lang='lat' dir='ltr'>V.</span> <span class='ocrx_word' id='word_1_470' title='bbox 1510 2034 1700 2072; x_wconf 80' lang='lat' dir='ltr'>Minimus</span> <span class='ocrx_word' id='word_1_471' title='bbox 1718 2062 1728 2079; x_wconf 85' lang='lat'><em>‚</em></span> <span class='ocrx_word' id='word_1_472' title='bbox 1751 2032 1939 2069; x_wconf 86' lang='lat' dir='ltr'>Decanus</span> <span class='ocrx_word' id='word_1_473' title='bbox 1964 2033 2066 2068; x_wconf 89' lang='lat' dir='ltr'>tem-</span> 
     </span>
     <span class='ocr_line' id='line_1_80' title="bbox 1091 2093 2066 2149; baseline -0.008 -12"><span class='ocrx_word' id='word_1_474' title='bbox 1091 2110 1185 2149; x_wconf 89' lang='lat' dir='ltr'>pore</span> <span class='ocrx_word' id='word_1_475' title='bbox 1209 2097 1429 2136; x_wconf 87' lang='lat' dir='ltr'>Innocentii</span> <span class='ocrx_word' id='word_1_476' title='bbox 1454 2097 1519 2134; x_wconf 81' lang='lat' dir='ltr'>III.</span> <span class='ocrx_word' id='word_1_477' title='bbox 1547 2101 1588 2132; x_wconf 86' lang='lat' dir='ltr'>et</span> <span class='ocrx_word' id='word_1_478' title='bbox 1612 2093 1798 2132; x_wconf 83' lang='lat' dir='ltr'>Friderici</span> <span class='ocrx_word' id='word_1_479' title='bbox 1825 2093 1872 2131; x_wconf 91' lang='lat' dir='ltr'>II.</span> <span class='ocrx_word' id='word_1_480' title='bbox 1891 2093 2066 2142; x_wconf 84' lang='lat' dir='ltr'>Impera-</span> 
     </span>
     <span class='ocr_line' id='line_1_81' title="bbox 1093 2152 2067 2208; baseline -0.008 -10"><span class='ocrx_word' id='word_1_481' title='bbox 1093 2162 1216 2208; x_wconf 83' lang='lat' dir='ltr'>toris,</span> <span class='ocrx_word' id='word_1_482' title='bbox 1244 2161 1329 2197; x_wconf 89' lang='lat' dir='ltr'>sive</span> <span class='ocrx_word' id='word_1_483' title='bbox 1354 2160 1460 2196; x_wconf 88' lang='lat' dir='ltr'>circa</span> <span class='ocrx_word' id='word_1_484' title='bbox 1483 2158 1648 2196; x_wconf 77' lang='lat' dir='ltr'>Annum</span> <span class='ocrx_word' id='word_1_485' title='bbox 1674 2155 1771 2194; x_wconf 76' lang='grc'>121’</span> <span class='ocrx_word' id='word_1_486' title='bbox 1759 2168 1792 2192; x_wconf 71' lang='grc' dir='ltr'>ι.</span> <span class='ocrx_word' id='word_1_487' title='bbox 1815 2154 1984 2204; x_wconf 88' lang='lat' dir='ltr'>scriptor</span> <span class='ocrx_word' id='word_1_488' title='bbox 2006 2152 2067 2191; x_wconf 78' lang='lat' dir='ltr'>Vi-</span> 
     </span>
     <span class='ocr_line' id='line_1_82' title="bbox 1094 2214 2064 2267; baseline -0.01 -7"><span class='ocrx_word' id='word_1_489' title='bbox 1094 2225 1156 2260; x_wconf 79' lang='lat' dir='ltr'>tae</span> <span class='ocrx_word' id='word_1_490' title='bbox 1192 2219 1359 2260; x_wconf 71' lang='lat' dir='ltr'>Netkeri</span> <span class='ocrx_word' id='word_1_491' title='bbox 1392 2217 1761 2267; x_wconf 67' lang='lat' dir='ltr'>Balbuli,e1ud1t1</span> <span class='ocrx_word' id='word_1_492' title='bbox 1801 2214 1983 2255; x_wconf 86' lang='lat' dir='ltr'>Monachi</span> <span class='ocrx_word' id='word_1_493' title='bbox 2024 2215 2064 2252; x_wconf 97' lang='lat' dir='ltr'>S</span> 
     </span>
     <span class='ocr_line' id='line_1_83' title="bbox 1091 2277 2066 2334; baseline -0.009 -11"><span class='ocrx_word' id='word_1_494' title='bbox 1091 2284 1210 2332; x_wconf 85' lang='lat' dir='ltr'>Galli,</span> <span class='ocrx_word' id='word_1_495' title='bbox 1236 2283 1304 2334; x_wconf 87' lang='lat' dir='ltr'>qui</span> <span class='ocrx_word' id='word_1_496' title='bbox 1327 2282 1404 2321; x_wconf 91' lang='lat' dir='ltr'>An.</span> <span class='ocrx_word' id='word_1_497' title='bbox 1428 2282 1518 2321; x_wconf 72' lang='grc'><strong>942.</strong></span> <span class='ocrx_word' id='word_1_498' title='bbox 1541 2280 1649 2318; x_wconf 80' lang='lat' dir='ltr'>diem</span> <span class='ocrx_word' id='word_1_499' title='bbox 1687 2278 1809 2326; x_wconf 88' lang='lat' dir='ltr'>obiit,</span> <span class='ocrx_word' id='word_1_500' title='bbox 1836 2281 1877 2315; x_wconf 83' lang='lat' dir='ltr'>et</span> <span class='ocrx_word' id='word_1_501' title='bbox 1901 2277 1950 2315; x_wconf 87' lang='lat' dir='ltr'>de</span> <span class='ocrx_word' id='word_1_502' title='bbox 1988 2287 2066 2326; x_wconf 89' lang='lat' dir='ltr'>quo</span> 
     </span>
     <span class='ocr_line' id='line_1_84' title="bbox 1092 2307 2069 2390; baseline -0.009 -5"><span class='ocrx_word' id='word_1_503' title='bbox 1092 2347 1192 2385; x_wconf 88' lang='lat' dir='ltr'>infra</span> <span class='ocrx_word' id='word_1_504' title='bbox 1215 2357 1286 2384; x_wconf 92' lang='lat' dir='ltr'>suo</span> <span class='ocrx_word' id='word_1_505' title='bbox 1312 2346 1407 2384; x_wconf 91' lang='lat' dir='ltr'>loco</span> <span class='ocrx_word' id='word_1_506' title='bbox 1438 2345 1546 2383; x_wconf 85' lang='lat' dir='ltr'>Hanc</span> <span class='ocrx_word' id='word_1_507' title='bbox 1577 2344 1703 2381; x_wconf 85' lang='lat' dir='ltr'>vitam</span> <span class='ocrx_word' id='word_1_508' title='bbox 1743 2307 1813 2379; x_wconf 82' lang='lat' dir='ltr'>sed</span> <span class='ocrx_word' id='word_1_509' title='bbox 1855 2339 2069 2390; x_wconf 90' lang='lat' dir='ltr'>interpola-</span> 
     </span>
     <span class='ocr_line' id='line_1_85' title="bbox 1092 2400 2067 2447; baseline -0.011 0"><span class='ocrx_word' id='word_1_510' title='bbox 1092 2413 1174 2447; x_wconf 85' lang='lat' dir='ltr'>tam</span> <span class='ocrx_word' id='word_1_511' title='bbox 1198 2407 1357 2446; x_wconf 75' lang='lat' dir='ltr'>edidere</span> <span class='ocrx_word' id='word_1_512' title='bbox 1374 2407 1570 2445; x_wconf 89' lang='lat' dir='ltr'>Henricus</span> <span class='ocrx_word' id='word_1_513' title='bbox 1591 2404 1777 2443; x_wconf 89' lang='lat' dir='ltr'>Canisius</span> <span class='ocrx_word' id='word_1_514' title='bbox 1802 2406 1898 2439; x_wconf 85' lang='lat' dir='ltr'>tom.</span> <span class='ocrx_word' id='word_1_515' title='bbox 1922 2401 1957 2437; x_wconf 90' lang='lat'>6.</span> <span class='ocrx_word' id='word_1_516' title='bbox 1985 2400 2067 2438; x_wconf 88' lang='lat' dir='ltr'>An—</span> 
     </span>
     <span class='ocr_line' id='line_1_86' title="bbox 1093 2462 2064 2520; baseline -0.01 -12"><span class='ocrx_word' id='word_1_517' title='bbox 1093 2471 1297 2520; x_wconf 85' lang='lat' dir='ltr'>tiquarum</span> <span class='ocrx_word' id='word_1_518' title='bbox 1322 2468 1557 2507; x_wconf 89' lang='lat' dir='ltr'>Lectionum</span> <span class='ocrx_word' id='word_1_519' title='bbox 1587 2477 1674 2516; x_wconf 86' lang='lat' dir='ltr'>pag.</span> <span class='ocrx_word' id='word_1_520' title='bbox 1702 2464 1792 2503; x_wconf 59' lang='lat'>937».</span> <span class='ocrx_word' id='word_1_521' title='bbox 1817 2468 1856 2501; x_wconf 88' lang='lat' dir='ltr'>et</span> <span class='ocrx_word' id='word_1_522' title='bbox 1876 2462 2064 2501; x_wconf 88' lang='lat' dir='ltr'>editionis</span> 
     </span>
     <span class='ocr_line' id='line_1_87' title="bbox 1095 2525 2064 2580; baseline -0.009 -10"><span class='ocrx_word' id='word_1_523' title='bbox 1095 2543 1222 2570; x_wconf 89' lang='lat' dir='ltr'>novae</span> <span class='ocrx_word' id='word_1_524' title='bbox 1244 2534 1342 2569; x_wconf 88' lang='lat' dir='ltr'>tom.</span> <span class='ocrx_word' id='word_1_525' title='bbox 1363 2530 1429 2568; x_wconf 88' lang='grc' dir='ltr'><strong>ΙΙΙ.</strong></span> <span class='ocrx_word' id='word_1_526' title='bbox 1452 2541 1540 2580; x_wconf 86' lang='lat' dir='ltr'>pag.</span> <span class='ocrx_word' id='word_1_527' title='bbox 1561 2528 1650 2567; x_wconf 72' lang='lat'>552.</span> <span class='ocrx_word' id='word_1_528' title='bbox 1673 2526 1889 2565; x_wconf 88' lang='lat' dir='ltr'>Goldastns</span> <span class='ocrx_word' id='word_1_529' title='bbox 1909 2529 2004 2562; x_wconf 87' lang='lat' dir='ltr'>tom.</span> <span class='ocrx_word' id='word_1_530' title='bbox 2029 2525 2064 2562; x_wconf 95' lang='grc'>4.</span> 
     </span>
     <span class='ocr_line' id='line_1_88' title="bbox 1093 2586 2068 2640; baseline -0.01 -7"><span class='ocrx_word' id='word_1_531' title='bbox 1093 2594 1446 2633; x_wconf 84' lang='lat' dir='ltr'>Alemannicarum</span> <span class='ocrx_word' id='word_1_532' title='bbox 1470 2602 1605 2629; x_wconf 87' lang='lat' dir='ltr'>rerum</span> <span class='ocrx_word' id='word_1_533' title='bbox 1630 2601 1717 2640; x_wconf 86' lang='lat' dir='ltr'>pag.</span> <span class='ocrx_word' id='word_1_534' title='bbox 1741 2589 1834 2630; x_wconf 72' lang='lat'>226.</span> <span class='ocrx_word' id='word_1_535' title='bbox 1872 2586 2068 2637; x_wconf 91' lang='lat' dir='ltr'>Papebro—</span> 
     </span>
     <span class='ocr_line' id='line_1_89' title="bbox 1095 2648 2066 2695; baseline -0.01 0"><span class='ocrx_word' id='word_1_536' title='bbox 1095 2656 1213 2695; x_wconf 89' lang='lat' dir='ltr'>chius</span> <span class='ocrx_word' id='word_1_537' title='bbox 1237 2654 1383 2693; x_wconf 90' lang='lat' dir='ltr'>additis</span> <span class='ocrx_word' id='word_1_538' title='bbox 1408 2654 1513 2691; x_wconf 87' lang='lat' dir='ltr'>notis</span> <span class='ocrx_word' id='word_1_539' title='bbox 1531 2653 1569 2690; x_wconf 94' lang='lat' dir='ltr'>in</span> <span class='ocrx_word' id='word_1_540' title='bbox 1591 2656 1685 2690; x_wconf 88' lang='lat' dir='ltr'>tom.</span> <span class='ocrx_word' id='word_1_541' title='bbox 1705 2649 1949 2690; x_wconf 84' lang='lat' dir='ltr'>l.Actorum</span> <span class='ocrx_word' id='word_1_542' title='bbox 1968 2648 2066 2686; x_wconf 85' lang='lat' dir='ltr'>San-</span> 
     </span>
     <span class='ocr_line' id='line_1_90' title="bbox 1096 2710 2065 2767; baseline -0.01 -10"><span class='ocrx_word' id='word_1_543' title='bbox 1096 2723 1251 2757; x_wconf 91' lang='lat' dir='ltr'>ctorum</span> <span class='ocrx_word' id='word_1_544' title='bbox 1276 2716 1423 2767; x_wconf 87' lang='lat' dir='ltr'>Aprilis</span> <span class='ocrx_word' id='word_1_545' title='bbox 1448 2716 1484 2763; x_wconf 79' lang='lat'>6,</span> <span class='ocrx_word' id='word_1_546' title='bbox 1518 2725 1605 2764; x_wconf 87' lang='lat' dir='ltr'>pag.</span> <span class='ocrx_word' id='word_1_547' title='bbox 1632 2711 1720 2752; x_wconf 78' lang='lat'>579.</span> <span class='ocrx_word' id='word_1_548' title='bbox 1747 2716 1788 2750; x_wconf 88' lang='lat' dir='ltr'>et</span> <span class='ocrx_word' id='word_1_549' title='bbox 1816 2710 2065 2750; x_wconf 86' lang='lat' dir='ltr'>Mabillonius</span> 
     </span>
     <span class='ocr_line' id='line_1_91' title="bbox 1097 2773 2064 2827; baseline -0.011 -7"><span class='ocrx_word' id='word_1_550' title='bbox 1097 2782 1182 2820; x_wconf 88' lang='lat' dir='ltr'>Sec.</span> <span class='ocrx_word' id='word_1_551' title='bbox 1208 2781 1252 2819; x_wconf 91' lang='lat' dir='ltr'>V.</span> <span class='ocrx_word' id='word_1_552' title='bbox 1278 2777 1528 2817; x_wconf 89' lang='lat' dir='ltr'>Benedictin.</span> <span class='ocrx_word' id='word_1_553' title='bbox 1548 2788 1637 2827; x_wconf 87' lang='lat' dir='ltr'>pag.</span> <span class='ocrx_word' id='word_1_554' title='bbox 1674 2776 1735 2814; x_wconf 91' lang='grc'>44.</span> <span class='ocrx_word' id='word_1_555' title='bbox 1762 2774 1915 2812; x_wconf 91' lang='lat' dir='ltr'>Dicitur</span> <span class='ocrx_word' id='word_1_556' title='bbox 1944 2773 2064 2810; x_wconf 85' lang='lat' dir='ltr'>etiam</span> 
     </span>
     <span class='ocr_line' id='line_1_92' title="bbox 1096 2832 2064 2882; baseline -0.011 0"><span class='ocrx_word' id='word_1_557' title='bbox 1096 2843 1159 2882; x_wconf 89' lang='lat' dir='ltr'>hic</span> <span class='ocrx_word' id='word_1_558' title='bbox 1178 2841 1381 2881; x_wconf 89' lang='lat' dir='ltr'>Eccardus</span> <span class='ocrx_word' id='word_1_559' title='bbox 1398 2841 1535 2879; x_wconf 82' lang='lat' dir='ltr'>Latine</span> <span class='ocrx_word' id='word_1_560' title='bbox 1549 2838 1721 2877; x_wconf 89' lang='lat' dir='ltr'>vertisse</span> <span class='ocrx_word' id='word_1_561' title='bbox 1742 2835 1870 2875; x_wconf 80' lang='lat' dir='ltr'>Vitam</span> <span class='ocrx_word' id='word_1_562' title='bbox 1886 2835 1927 2874; x_wconf 89' lang='lat' dir='ltr'>S.</span> <span class='ocrx_word' id='word_1_563' title='bbox 1946 2832 2064 2880; x_wconf 81' lang='lat' dir='ltr'>Galli,</span> 
     </span>
     <span class='ocr_line' id='line_1_93' title="bbox 1095 2895 2062 2955; baseline -0.01 -12"><span class='ocrx_word' id='word_1_564' title='bbox 1095 2916 1215 2955; x_wconf 89' lang='lat' dir='ltr'>quam</span> <span class='ocrx_word' id='word_1_565' title='bbox 1236 2903 1471 2942; x_wconf 89' lang='lat' dir='ltr'>Germanice</span> <span class='ocrx_word' id='word_1_566' title='bbox 1487 2901 1702 2952; x_wconf 78' lang='lat' dir='ltr'>scripserat</span> <span class='ocrx_word' id='word_1_567' title='bbox 1718 2898 1946 2948; x_wconf 83' lang='lat' dir='ltr'>Ratpertus.</span> <span class='ocrx_word' id='word_1_568' title='bbox 1964 2895 2062 2934; x_wconf 90' lang='lat' dir='ltr'>Vide</span> 
     </span>
     <span class='ocr_line' id='line_1_94' title="bbox 1096 2962 1704 3013; baseline -0.01 -8"><span class='ocrx_word' id='word_1_569' title='bbox 1096 2966 1300 3005; x_wconf 91' lang='lat' dir='ltr'>Oudinum</span> <span class='ocrx_word' id='word_1_570' title='bbox 1325 2970 1421 3003; x_wconf 92' lang='lat' dir='ltr'>tom.</span> <span class='ocrx_word' id='word_1_571' title='bbox 1448 2965 1490 3011; x_wconf 81' lang='lat'>3,</span> <span class='ocrx_word' id='word_1_572' title='bbox 1525 2974 1611 3013; x_wconf 83' lang='lat' dir='ltr'>pag.</span> <span class='ocrx_word' id='word_1_573' title='bbox 1641 2962 1704 3000; x_wconf 86' lang='lat'>80.</span> 
     </span>
    </p>

    <p class='ocr_par' dir='ltr' id='par_1_17' title="bbox 1099 3019 2065 3385">
     <span class='ocr_line' id='line_1_95' title="bbox 1150 3019 2064 3067; baseline -0.011 -1"><span class='ocrx_word' id='word_1_574' title='bbox 1150 3027 1421 3066; x_wconf 82' lang='lat' dir='ltr'>ECCARDUS</span> <span class='ocrx_word' id='word_1_575' title='bbox 1464 3023 1830 3065; x_wconf 79' lang='lat' dir='ltr'>Saxo-Teutonicus</span> <span class='ocrx_word' id='word_1_576' title='bbox 1853 3051 1861 3067; x_wconf 86' lang='lat'>‚</span> <span class='ocrx_word' id='word_1_577' title='bbox 1904 3019 2064 3059; x_wconf 88' lang='lat' dir='ltr'>Ordinis</span> 
     </span>
     <span class='ocr_line' id='line_1_96' title="bbox 1099 3082 2064 3136; baseline -0.007 -8"><span class='ocrx_word' id='word_1_578' title='bbox 1099 3088 1446 3134; x_wconf 87' lang='lat' dir='ltr'>Praedicatorum,</span> <span class='ocrx_word' id='word_1_579' title='bbox 1472 3086 1696 3136; x_wconf 86' lang='lat' dir='ltr'>Theologus</span> <span class='ocrx_word' id='word_1_580' title='bbox 1739 3085 1871 3123; x_wconf 83' lang='lat' dir='ltr'>clarus</span> <span class='ocrx_word' id='word_1_581' title='bbox 1905 3084 1942 3121; x_wconf 88' lang='lat' dir='ltr'>in</span> <span class='ocrx_word' id='word_1_582' title='bbox 1982 3082 2064 3122; x_wconf 82' lang='lat' dir='ltr'>Au-</span> 
     </span>
     <span class='ocr_line' id='line_1_97' title="bbox 1101 3146 2065 3200; baseline -0.006 -11"><span class='ocrx_word' id='word_1_583' title='bbox 1101 3152 1196 3190; x_wconf 90' lang='lat' dir='ltr'>stria</span> <span class='ocrx_word' id='word_1_584' title='bbox 1212 3181 1222 3198; x_wconf 84' lang='lat'><em>‚</em></span> <span class='ocrx_word' id='word_1_585' title='bbox 1249 3154 1289 3188; x_wconf 88' lang='lat' dir='ltr'>et</span> <span class='ocrx_word' id='word_1_586' title='bbox 1307 3149 1392 3200; x_wconf 88' lang='lat' dir='ltr'>jam</span> <span class='ocrx_word' id='word_1_587' title='bbox 1417 3148 1634 3187; x_wconf 81' lang='lat' dir='ltr'>defunctus</span> <span class='ocrx_word' id='word_1_588' title='bbox 1657 3146 1731 3185; x_wconf 83' lang='lat' dir='ltr'>An.</span> <span class='ocrx_word' id='word_1_589' title='bbox 1760 3146 1873 3185; x_wconf 70' lang='lat'>4:329.</span> <span class='ocrx_word' id='word_1_590' title='bbox 1899 3155 1978 3194; x_wconf 90' lang='lat' dir='ltr'>quo</span> <span class='ocrx_word' id='word_1_591' title='bbox 2001 3154 2065 3183; x_wconf 92' lang='lat' dir='ltr'>se-</span> 
     </span>
     <span class='ocr_line' id='line_1_98' title="bbox 1100 3207 2061 3264; baseline -0.006 -13"><span class='ocrx_word' id='word_1_592' title='bbox 1100 3211 1324 3264; x_wconf 85' lang='lat' dir='ltr'>ptendecim</span> <span class='ocrx_word' id='word_1_593' title='bbox 1345 3212 1474 3262; x_wconf 85' lang='lat' dir='ltr'>capita</span> <span class='ocrx_word' id='word_1_594' title='bbox 1490 3220 1512 3248; x_wconf 91' lang='lat' dir='ltr'>a</span> <span class='ocrx_word' id='word_1_595' title='bbox 1529 3208 1716 3247; x_wconf 78' lang='lat' dir='ltr'>pontifice</span> <span class='ocrx_word' id='word_1_596' title='bbox 1737 3208 1917 3246; x_wconf 87' lang='lat' dir='ltr'>Johanne</span> <span class='ocrx_word' id='word_1_597' title='bbox 1935 3207 2061 3246; x_wconf 88' lang='lat' dir='ltr'>XXII.</span> 
     </span>
     <span class='ocr_line' id='line_1_99' title="bbox 1100 3269 2063 3323; baseline -0.008 -9"><span class='ocrx_word' id='word_1_598' title='bbox 1100 3279 1140 3314; x_wconf 89' lang='lat' dir='ltr'>et</span> <span class='ocrx_word' id='word_1_599' title='bbox 1163 3274 1236 3315; x_wconf 85' lang='lat' dir='ltr'>An.</span> <span class='ocrx_word' id='word_1_600' title='bbox 1264 3275 1378 3313; x_wconf 88' lang='grc'><strong>4330.</strong></span> <span class='ocrx_word' id='word_1_601' title='bbox 1404 3284 1482 3323; x_wconf 89' lang='lat' dir='ltr'>quo</span> <span class='ocrx_word' id='word_1_602' title='bbox 1506 3271 1692 3311; x_wconf 90' lang='lat' dir='ltr'>undecim</span> <span class='ocrx_word' id='word_1_603' title='bbox 1716 3271 1844 3322; x_wconf 82' lang='lat' dir='ltr'>capita</span> <span class='ocrx_word' id='word_1_604' title='bbox 1860 3269 2063 3311; x_wconf 80' lang='lat' dir='ltr'>doctrinae</span> 
     </span>
     <span class='ocr_line' id='line_1_100' title="bbox 1101 3331 2062 3385; baseline -0.009 -10"><span class='ocrx_word' id='word_1_605' title='bbox 1101 3335 1189 3385; x_wconf 83' lang='lat' dir='ltr'>ejus</span> <span class='ocrx_word' id='word_1_606' title='bbox 1212 3344 1403 3385; x_wconf 83' lang='lat' dir='ltr'>tanquam</span> <span class='ocrx_word' id='word_1_607' title='bbox 1431 3338 1617 3385; x_wconf 81' lang='lat' dir='ltr'>suspecta</span> <span class='ocrx_word' id='word_1_608' title='bbox 1641 3332 1820 3372; x_wconf 90' lang='lat' dir='ltr'>damnari</span> <span class='ocrx_word' id='word_1_609' title='bbox 1852 3331 2017 3381; x_wconf 87' lang='lat' dir='ltr'>contigit</span> <span class='ocrx_word' id='word_1_610' title='bbox 2041 3341 2062 3367; x_wconf 89' lang='lat' dir='ltr'>a</span> 
     </span>
    </p>
   </div>
  </div>
 </body>
</html>
