2500 3841
922 218 1302 260 AUSONIUS

105 298 159 336 rei
184 306 270 334 rara
295 296 422 343 (certa
443 291 597 340 tamen>
629 293 667 328 in
692 292 852 342 scriptis
876 292 960 330 suis
983 292 1071 329 reli—

104 359 189 409 quit
212 357 394 406 vestigia.
416 354 477 393 Ab
496 355 584 404 Imp
621 353 826 401 Gratiano,
851 365 972 404 quem
992 366 1068 392 non

106 421 243 458 minus
267 429 313 457 ac
333 417 661 456 Valentinianum
687 415 851 454 fratrem
891 417 927 453 in
959 416 1073 454 bonis

102 482 246 520 litteris
271 480 519 528 instituerat,
548 482 754 528 promotus
791 477 840 516 ad
875 479 1075 524 Quaestu-

104 554 214 591 ram,
235 538 277 581 et
300 541 375 580 An.
402 541 555 580 CHristi
583 539 660 578 376
699 540 748 578 ad
778 540 1075 578 Praefecturam

107 604 294 655 praetorii
316 604 472 649 Italiae,
497 607 537 641 et
561 601 637 640 An.
664 601 739 640 387
764 601 813 640 ad
852 602 1078 640 Praefectu-

105 678 191 705 ram
213 666 398 717 praetorii
417 664 656 712 Galliarum,
679 668 719 702 et
738 663 854 702 Anno
875 665 916 703 C.
936 663 1010 701 379
1027 663 1075 702 ad

105 728 388 775 Consulatum,
415 727 510 765 obiit
552 727 772 777 imperante
797 727 964 764 Honorio
988 729 1077 776 post

104 790 151 829 Α.
176 791 219 829 C.
246 790 323 828 392
353 788 479 839 major
516 790 779 839 octogenario.
815 789 872 826 De
900 787 1077 827 Ausonio

44 857 46 860 ’
104 851 350 891 consulenda
374 853 459 890 vita
479 851 536 889 Fl.
576 851 676 890 Malli
704 850 899 889 Theodori
929 851 1077 900 scripta

105 912 324 954 abAlberto
338 912 461 952 Paulo
470 912 707 961 Rubem'02et
719 913 880 963 vulgata
895 923 917 950 a
927 913 1078 950 Joanne

104 977 270 1027 Georgio
295 976 479 1014 Graevio.
511 976 714 1026 UltraJ'ect.
743 971 1078 1025 4699,i2pag.47

106 1051 217 1090 seqq.
233 1043 274 1078 et
283 1039 455 1077 Joannes
472 1037 659 1089 AEyz‘de'us
683 1038 865 1088 Lacarry
877 1037 956 1075 S.J.
968 1037 1006 1073 in
1020 1034 1079 1072 hi—

108 1102 231 1140 storia
243 1101 462 1140 Galliarum
480 1100 775 1140 subPraefectis
783 1098 978 1137 Praetorio
987 1096 1079 1135 Gal-

108 1164 256 1203 liarum
277 1175 300 1202 a
316 1164 580 1203 Constantino
595 1163 642 1201 M.
660 1161 708 1200 ad
723 1161 995 1200 Justinianum
1009 1161 1080 1198 Pa-

106 1227 174 1264 ris.
201 1225 323 1277 ⁴675,
349 1226 370 1264 4
394 1230 435 1265 et
458 1226 517 1263 Jo.
532 1223 717 1275 Baptista
736 1221 920 1274 Souchay
936 1222 974 1260 in
995 1222 1079 1260 vita

106 1287 272 1328 Ausonii
288 1299 462 1339 nuperae
476 1287 636 1326 editioni
653 1286 886 1336 praemissa,
905 1295 978 1323 nec
999 1295 1078 1321 non

106 1349 263 1389 Beletus
286 1349 383 1389 diss.
407 1350 456 1388 de
479 1348 656 1388 Ausonio
678 1349 843 1386 recitata
868 1348 907 1384 in
929 1346 1081 1385 Acade—

109 1415 186 1452 mia
208 1413 330 1464 Regia
360 1413 629 1451 Scientiarum
665 1414 705 1449 et
745 1410 972 1448 litterarum
1003 1409 1082 1447 ele-

110 1476 337 1526 gantiorum
352 1473 649 1524 Burdegalensi.
661 1471 844 1510 Biblioch.
862 1472 896 1510 F
898 1470 1081 1520 raneoise

109 1537 184 1576 An.
209 1535 312 1576 ⁴726
330 1547 469 1575 mense
489 1534 589 1586 Majo
605 1540 646 1574 et
661 1535 778 1573 Junio
793 1545 880 1585 pag.
901 1534 950 1573 52
968 1545 1078 1583 seqq.

113 1599 223 1638 Idem
245 1598 409 1637 Beletus
429 1609 576 1636 novam
595 1601 708 1648 parat
727 1595 892 1636 Ausonii
912 1591 1080 1647 ἐ’κδοσιν,

107 1662 146 1700 in
168 1672 247 1712 qua
268 1661 437 1712 singulis
459 1660 670 1711 poematiis
693 1662 943 1711 caeterisque
968 1661 1080 1700 lucu-

104 1724 352 1762 brationibus
373 1727 535 1774 tempus
559 1727 600 1760 et
623 1722 721 1761 alios
742 1722 996 1762 characteres
1017 1724 1077 1762 hi-

109 1787 277 1825 storicos
292 1789 355 1824 est
368 1783 837 1835 assignaturusJournal
844 1784 911 1825 des
923 1787 977 1825 Sa
984 1798 1081 1826 vans

110 1847 212 1887 1730
241 1847 399 1886 Octobr.
436 1858 532 1897 pag2
561 1846 649 1885 176.
687 1847 889 1885 Viearium
921 1847 1076 1887 Africae

110 1910 234 1949 fuisse
259 1913 370 1948 notat
403 1907 603 1959 ,Iosephus
628 1909 804 1959 Scaliger
827 1909 890 1947 lib.
931 1910 955 1948 2
985 1910 1075 1950 lect.

87 1980 89 1982 ·
110 1970 373 2010 Ausonianar.
390 1981 473 2021 cap.
495 1969 556 2009 17.
570 1970 634 2009 ubi
651 1974 691 2009 et
707 1971 793 2009 alia.
811 1971 1076 2011 Consulatum

113 2044 232 2072 suum
271 2031 445 2071 incidere
483 2033 522 2070 in
556 2030 720 2070 Annum
751 2032 867 2071 Urbis
895 2034 1077 2073 conditae

101 2168 380 2207 praeceptorem,
403 2164 466 2195 sed
487 2167 527 2196 uc
550 2173 715 2196 aversum
737 2174 759 2196 a
787 2166 998 2198 Christiana
1025 2176 1083 2198 reo

101 2216 236 2256 liyione
254 2214 403 2246 subinde
423 2214 650 2255 increpabat.
673 2218 714 2247 At.
736 2219 827 2247 enim
843 2215 947 2248 dubio
964 2216 1081 2257 procul

105 2265 231 2297 fallitur
252 2266 304 2297 vir
326 2264 443 2297 doetus
466 2273 533 2296 una
557 2274 634 2297 cum
658 2267 798 2304 vossio,
833 2268 891 2306 qui
932 2276 1011 2307 pag.
1033 2267 1087 2298 55.

108 2315 200 2346 poet.
225 2313 322 2346 latin.
343 2313 385 2345 dc
405 2315 572 2346 Ausonio:
595 2315 711 2346 Poeta
743 2317 855 2355 inquit
871 2340 879 2353 ‚
902 2316 974 2356 suit
996 2325 1084 2357 yen-

103 2364 204 2402 tt'lis,
228 2363 523 2404 quemadmodum
546 2373 592 2395 cx
617 2365 772 2396 Paulino
796 2366 922 2405 liquet.
946 2366 1085 2398 Videtur

102 2415 204 2445 etiam
225 2422 284 2454 pro
306 2413 452 2446 Ethnieo
489 2414 612 2446 habere
637 2414 796 2447 Bailletus
820 2418 854 2447 in
879 2416 1019 2448 Judiciis
1044 2415 1084 2448 dc

103 2464 213 2495 Poetis
228 2488 239 2502 ‚
261 2468 330 2495 tam
351 2463 527 2504 Philippus
545 2466 689 2496 Brietius
706 2469 915 2504 syntagmate
941 2467 980 2497 de
997 2468 1083 2497 Poe-

105 2513 147 2543 tis
168 2514 308 2550 Latinis,
331 2521 419 2552 quae
453 2515 622 2545 sententia
660 2522 728 2545 non
765 2516 877 2547 minus
899 2523 918 2545 a
945 2517 1086 2546 veritate

108 2565 158 2592 est
182 2561 338 2601 repulsa,
362 2570 465 2600 quam
490 2563 580 2601 quod
598 2562 725 2594 Gaddio
746 2572 943 2602 persuasum
964 2572 1087 2603 prope-

105 2609 242 2642 modum
276 2618 296 2641 a
332 2611 518 2642 Trithemio
556 2618 630 2642 esse
665 2611 782 2650 video,
822 2615 960 2644 Poetam
996 2613 1086 2644 hunc

105 2659 249 2692 eundem
270 2661 474 2699 Episcopum
487 2667 622 2699 quoque
640 2662 791 2692 extitisse
807 2661 1088 2701 Burdegalensem

106 2715 188 2742 tom.
206 2711 218 2740 1
236 2708 277 2741 de
300 2708 525 2748 scriptoribus
555 2716 623 2740 non
646 2710 890 2742 Ecclesiasticis
919 2719 995 2750 pag.
1033 2710 1086 2742 57.

104 2761 335 2792 Christianum
358 2766 436 2790 vero
459 2757 560 2789 ruisse
582 2760 770 2789 Ausonium
787 2784 796 2796 ,
820 2764 857 2790 ut
881 2761 922 2790 ad
943 2761 1011 2791 alia
1033 2768 1090 2791 ar-

107 2813 267 2851 gumenta
302 2817 342 2840 ex
376 2809 481 2848 ipsius
507 2809 641 2847 scriptis
664 2815 836 2839 recurrere
864 2817 932 2840 non
956 2811 999 2840 sit
1027 2819 1091 2841 ne-

108 2867 227 2897 cesse,
253 2857 342 2890 idem
367 2857 540 2888 Paullinus
565 2856 752 2889 luculenter
788 2856 930 2889 testatur
951 2858 993 2889 ad
1015 2866 1093 2893 eum

108 2908 265 2942 scribens
288 2909 324 2940 in
347 2907 430 2939 baec
453 2907 553 2939 verba
572 2932 580 2939 .

149 2987 254 3025 Inque
276 2989 336 3016 tuo
361 2987 474 3017 tantus
499 2984 595 3015 nobis
619 2991 801 3016 consensus
823 2991 935 3015 amore
961 2989 1034 3022 est,

152 3038 305 3074 Quantus
322 3038 356 3066 et
377 3036 413 3066 in
430 3034 602 3065 CHRiSTO
627 3042 776 3066 connexa
793 3038 903 3065 mente
920 3032 1070 3066 colendo.

109 3102 244 3134 Rectius
261 3103 376 3142 itaque
399 3100 560 3141 Gyraldus
578 3100 710 3139 dialogo
730 3100 767 3131 10
781 3100 821 3132 de
843 3102 971 3131 Poetis:
988 3100 1091 3132 Chri-

112 3151 256 3183 stianus
275 3151 415 3190 quidem
434 3150 615 3182 Ausonius
630 3149 713 3189 suit,
729 3154 766 3180 uc
781 3159 825 3180 ea*
838 3149 915 3188 ejus
935 3149 1093 3180 versibus

116 3203 151 3230 et
170 3199 256 3231 item
273 3200 440 3231 Paullini
464 3201 540 3231 eius
566 3200 738 3239 discipuli
752 3199 858 3239 facile
873 3199 1090 3238 colliyimus,

112 3249 175 3280 scd
183 3249 407 3289 petulantior
417 3255 537 3281 tamen
547 3254 580 3281 et
593 3250 763 3281 lascivior
773 3251 922 3289 (respicit
933 3247 1095 3287 Gyraidus-

113 3302 186 3329 tum
200 3300 452 3338 Epigrammata
464 3300 630 3340 quaedam
641 3300 764 3331 lasciva
779 3303 810 3330 ct
828 3298 1092 3337 flaminis-jndice

114 3348 254 3380 caesare
261 3347 428 3389 scaligero
437 3349 615 3390 expianda,
623 3353 693 3382 tum
703 3349 908 3382 obscoenum
919 3352 1098 3380 centonem

2049 220 2126 261 145

1149 292 1259 330 1118.
1279 293 1347 341 qui
1364 302 1413 329 ex
1433 290 1715 340 supputatione
1732 287 1897 328 Ausonii
1918 289 2121 339 Epoeliam

1146 353 1430 391 Varronianam
1456 352 1647 390 tredecim
1677 352 1794 389 annis
1815 353 2119 390 intervertentis

1146 415 1185 462 c)
1209 414 1422 465 respondet
1446 413 1562 452 Anno
1597 414 1689 453 Chr.
1719 412 2008 467 3793testatur
2037 416 2122 464 ipse

1149 477 1446 526 Epigrammate
1473 477 1495 513 3
1520 488 1606 526 pag.
1633 477 1683 514 93
1707 475 1801 514 edit.
1825 475 2037 515 Tollianae.

1183 545 1270 576 Mille
1293 553 1399 576 annos
1423 549 1631 584 centumque
1655 549 1687 576 et
1704 545 1756 576 bis
1776 545 1913 577 fluxisse
1938 554 2088 579 novenos

1226 595 1380 626 Consulis
1404 596 1545 626 Ausonii
1572 602 1696 624 nomen
1723 594 1875 634 adusque
1902 595 2003 635 leges,

1150 656 1201 694 Et
1232 655 1531 705 Epigrammate
1558 654 1592 690 2.

1184 725 1289 755 Annis
1307 721 1465 754 undecies
1485 725 1622 752 centum
1647 724 1812 762 conjunge
1837 727 2019 762 quaternos
2035 750 2044 761 ,

1185 773 1345 806 Undecies
1370 778 1556 809 unumque,
1585 770 1620 809 d)
1645 779 1745 809 super
1767 773 1941 804 trieterida
1965 779 2063 806 necte

1185 823 1272 852 Haec
1295 822 1358 851 erit
1380 824 1535 851 aeternae
1559 821 1660 851 series
1683 821 1724 850 ab
1748 822 1879 860 origine
1901 826 2034 854 Romae.

1151 883 1290 919 Fastos
1315 880 1481 931 digessit
1502 878 1706 917 Ausonius
1726 890 1855 929 usque
1880 881 1928 918 ad
1958 881 2118 921 Annum

1152 942 1268 982 Urbis
1292 941 1473 980 conditae
1497 943 1537 980 11
1550 942 1599 982 22
1624 941 1779 980 Cllristi
1803 942 1891 980 382.
1917 944 2014 981 Hinc
2044 946 2124 994 epi0

1147 1007 1372 1056 grammate
1399 1004 1433 1042 4.

1189 1078 1357 1107 Hactenus
1380 1073 1544 1115 adscripsi
1570 1075 1695 1113 sast0s5
1719 1076 1745 1106 si
1766 1082 1838 1106 sors
1862 1074 1974 1113 volet,
1997 1074 2087 1106 ultra

1207 1125 1382 1165 Adjiciam.
1412 1125 1443 1155 si
1468 1133 1534 1157 non
1550 1149 1559 1162 ‚
1582 1126 1640 1164 qui
1668 1124 1750 1164 legis
1774 1123 1926 1164 adjicies.

1188 1178 1277 1208 Scire
1291 1176 1387 1215 cupis
1402 1177 1460 1214 qui
1475 1176 1556 1206 sim?
1567 1174 1703 1206 titulum
1717 1175 1774 1214 qui
1786 1178 1924 1213 quartus
1937 1173 1979 1205 ab
1996 1175 2063 1205 imo
2081 1179 2129 1205 est

1209 1229 1340 1264 Quaere
1355 1249 1366 1264 ‚
1394 1225 1483 1265 leges
1506 1232 1628 1256 nornen
1652 1223 1807 1255 Consulis
1827 1226 1982 1255 Ausonii.

1154 1285 1232 1324 Sed
1251 1285 1334 1335 jam
1358 1284 1510 1335 pridem
1537 1285 1602 1322 isti
1625 1283 1843 1323 Ausoniani
1861 1284 1952 1323 fasti
1968 1284 2126 1321 interci-

1155 1347 1314 1386 derunt.
1335 1348 1404 1386 Vir
1428 1347 1594 1385 illustris
1613 1346 1758 1385 Ezech.
1785 1346 2051 1397 Spanhemius
2068 1349 2126 1382 to-

1156 1420 1221 1447 mo
1241 1409 1274 1447 ΙΙ
1296 1409 1345 1447 de
1369 1420 1448 1447 usu
1471 1410 1705 1447 numismat.
1730 1419 1816 1458 pag.
1842 1408 1916 1447 4¹4
1941 1408 1995 1445 ait
2020 1418 2041 1444 a
2064 1418 2127 1444 sa-

1158 1473 1336 1511 nioribus
1359 1472 1517 1511 Criticis
1542 1471 1766 1510 Ausonium
1790 1471 1978 1520 religione
2001 1470 2128 1520 genti-

1157 1535 1235 1573 lem
1259 1534 1383 1582 eredi,
1409 1545 1486 1572 non
1513 1534 1798 1574 Christianum.
1822 1533 1964 1572 Verius
1988 1536 2122 1569 tamen

1155 1601 1218 1635 est
1242 1597 1396 1636 Cllristi
1421 1598 1544 1634 saeris
1564 1595 1767 1634 addictum
1793 1595 1932 1642 fuisse⁷
1950 1598 1993 1633 ut
2010 1606 2125 1643 argu-

1154 1660 1303 1698 mentis
1333 1670 1410 1697 non
1448 1658 1673 1697 inficiandis
1710 1656 1793 1707 jam
1828 1656 2006 1700 ostendi,
2035 1656 2126 1694 licet

1153 1733 1314 1761 carmen
1339 1721 1530 1760 Paschale
1554 1725 1594 1760 et
1619 1731 1763 1759 versus
1788 1719 2011 1770 rophalieos
2031 1719 2129 1758 alte-

1160 1785 1243 1822 rius
1267 1784 1472 1834 scriptoris
1500 1794 1591 1821 esse
1611 1793 1820 1834 ponamus.
1842 1781 1971 1819 Nolim
1992 1786 2127 1820 tamen

1162 1847 1348 1885 assentiri
1378 1846 1596 1884 Trithemio
1633 1844 1857 1883 Ausonium
1885 1844 2129 1894 Episcopum

1151 1908 1493 1959 Burdegalensem
1510 1907 1684 1947 Concilio
1703 1907 1943 1944 Treverensi
1969 1907 1977 1953 [ζ
1987 1904 2061 1942 An.
2080 1904 2123 1942 C.

1153 1972 1247 2020 386)
1273 1971 1503 2010 interfuisse
1520 1969 1733 2008 affirmanti
1756 1980 1839 2019 cap.
1868 1968 1942 2007 111·
1961 1967 2009 2005 de
2034 1967 2129 2004 seri-

1151 2034 1331 2086 ptoribus
1354 2033 1659 2072 Ecclesiasticis.
1682 2030 1795 2069 Alius
1820 2031 1895 2068 fuit
1924 2029 2128 2068 Ausonius

1147 2167 1332 2209 nuptialem
1349 2166 1582 2198 Valentiniano
1597 2167 1802 2206 Imperatore
1826 2167 1978 2204 rogante,
1993 2165 2049 2202 qui
2069 2171 2136 2194 nu-

1143 2221 1230 2260 ptias
1239 2218 1338 2250 simili
1350 2218 1424 2249 lusu
1432 2216 1713 2256 descripserat,ab
1721 2217 1868 2247 Ausonio
1889 2213 2130 2254 compositum)

1146 2278 1253 2311 quam
1276 2272 1315 2299 ut
1338 2268 1433 2299 inter
1459 2267 1690 2299 Christianos
1709 2265 1895 2296 numerari
1908 2265 2054 2304 dianus.
2078 2266 2136 2294 Jo-

1145 2319 1268 2360 sephus
1290 2326 1425 2359 quoque
1450 2318 1597 2356 Scaliger
1629 2310 1815 2348 A‘usonium
1832 2316 1926 2346 serio
1948 2314 2130 2347 Christia-

1149 2379 1234 2401 num
1255 2368 1370 2408 fuisse
1393 2368 1513 2400 scribit
1539 2366 1598 2399 lib.
1624 2368 1653 2396 11
1678 2374 1751 2406 cap.
1771 2366 1811 2396 δ’]
1831 2369 1957 2396 Auson.
1974 2363 2050 2395 lect.
2066 2364 2135 2394 Ad-

1147 2420 1188 2451 de
1212 2420 1263 2451 his
1288 2417 1512 2457 Theophilum
1536 2416 1758 2455 Raynaudum
1774 2416 1809 2445 in
1829 2414 2035 2453 Hoplotheea
2050 2420 2134 2444 con—

1145 2474 1199 2501 tra
1223 2471 1327 2500 ictum
1352 2466 1541 2499 calumniae
1563 2470 1644 2496 tom.
1667 2467 1723 2495 xli
1748 2466 1832 2503 Opp.
1856 2473 1876 2503 p
1903 2463 1978 2493 420.
1992 2466 2024 2493 et
2041 2460 2129 2492 Baeti

1148 2518 1400 2551 Dictionarium
1438 2517 1520 2547 edit.
1555 2516 1587 2545 2.
1615 2515 1813 2554 objurgavit
1836 2521 1914 2544 vero
1943 2512 2133 2542 Ausonium

1151 2567 1323 2601 Paullinus
1347 2574 1414 2597 non
1438 2569 1475 2596 ut
1498 2573 1654 2596 aversum
1677 2572 1695 2594 a
1719 2564 1916 2595 Christiana
1940 2561 2102 2599 religione
2119 2583 2128 2595 ‚

1148 2617 1205 2650 sed
1230 2615 1318 2655 quod
1344 2614 1398 2646 ille
1424 2615 1620 2654 religiosum
1655 2612 1799 2643 Paullini
1827 2618 1993 2642 secessum
2019 2608 2129 2648 palam

1150 2665 1370 2706 improbaret.
1406 2666 1571 2695 Fortassis
1597 2663 1683 2694 male
1707 2669 1842 2701 quoque
1883 2659 2010 2690 ferebat
2034 2658 2132 2688 Paul-

1151 2717 1238 2747 linus
1263 2716 1298 2745 in
1322 2715 1463 2745 Ausonii
1501 2712 1710 2745 carminibus
1748 2711 1855 2749 legere
1891 2717 1925 2739 se
1961 2706 2130 2746 quaedam

1150 2758 1402 2802 ’23²‘ffl'1·‘s5?0²'
1416 2768 1540 2805 scripta
1555 2790 1565 2802 ‚
1588 2764 1685 2803 quale
1703 2767 1751 2793 est
1769 2761 1850 2793 illud
1874 2768 1947 2800 cap.
1974 2759 1987 2790 vl
2007 2761 2040 2790 in
2057 2762 2132 2790 Pro<

1153 2817 1333 2850 sessoribus
1355 2815 1657 2855 Burdegalensibus
1674 2826 1681 2843 :

1194 2889 1235 2917 Et
1251 2892 1361 2920 nunc,
1377 2885 1446 2914 sive
1462 2882 1590 2921 aliquid
1615 2884 1687 2921 post
1707 2879 1772 2910 fata
1786 2882 1934 2910 extrema
1951 2878 2109 2917 supersit,

1236 2935 1327 2966 Vivis
1351 2932 1463 2964 adhuc
1482 2957 1490 2969 ,
1522 2932 1593 2962 aevi
1620 2929 1709 2969 quod
1735 2931 1834 2969 periit
1858 2929 2058 2959 meminens.

1197 2986 1271 3015 Sive
1285 2982 1371 3015 nihil
1386 2985 1549 3021 superest,
1567 2989 1628 3012 nec
1643 2979 1766 3012 habent
1783 2979 1880 3017 ionga
1900 2980 1969 3008 otia
1983 2984 2113 3012 sensus,

1236 3036 1285 3064 Tu
1315 3032 1375 3062 tibi
1400 3032 1511 3062 nixisti
1531 3054 1539 3067 ,
1562 3038 1622 3061 nos
1647 3034 1703 3060 tua
1727 3029 1813 3058 i'ania
1833 3029 1941 3067 Juvat.

1216 3100 1248 3137 c)
1271 3097 1351 3130 Vide
1373 3099 1508 3129 Antonii
1539 3098 1618 3135 Pagi
1657 3098 1816 3127 Criticam
1841 3095 2064 3124 Baronianani
2089 3093 2130 3123 ad

1153 3153 1285 3180 Annum
1309 3149 1435 3178 curisti
1461 3147 1522 3177 :io-2
1546 3155 1637 3177 num.
1662 3146 1700 3175 15
1726 3153 1793 3183 seq.
1820 3148 1850 3174 et
1877 3144 1964 3173 Petri
1993 3141 2130 3172 iieiandi

1157 3199 1256 3229 fastos
1281 3197 1478 3228 Consulares
1505 3205 1580 3236 pig.
1605 3195 1678 3226 4135.
1706 3196 1827 3233 i‘agins
1861 3192 2028 3223 consimili
2053 3199 2135 3230 epo-

1155 3248 1216 3279 cha
1239 3255 1315 3279 cum
1338 3247 1485 3277 Ausonio
1509 3245 1692 3276 Arnobiuni
1710 3251 1843 3282 qnoque
1865 3250 1960 3273 usum
1979 3242 2128 3281 conjicit.

1214 3296 1249 3334 d)
1278 3296 1436 3327 Undecies
1461 3303 1565 3327 unum
1590 3296 1610 3325 i.
1636 3301 1664 3324 e.
1694 3292 1836 3324 nndeeia
1852 3315 1862 3329 ‚
1900 3291 2022 3330 quibus
2045 3297 2130 3329 qua«

1157 3351 1231 3378 tuor
1256 3356 1332 3379 cum
1357 3345 1528 3377 trieteride
1554 3343 1658 3376 additi
1677 3343 1862 3374 conticinnt
1885 3340 2131 3380 duodeviginti.

1792 3414 1833 3449 iti
