2500 3841
936 207 1288 247 EVANTUs

97 278 311 318 illustravit
332 276 511 327 ejusdem
529 275 788 317 Archivarius
803 309 814 326 ,
831 279 873 317 D.
895 278 1070 317 Joannes

96 340 277 380 Andreas
311 338 528 378 Astezatus
549 367 557 385 ,
590 340 825 388 BrixianuS,
851 340 1068 379 Monachus

96 402 379 441 Benedictinus
402 401 656 440 Cassinensis
671 433 681 450 ,
703 402 796 441 olim
822 403 861 440 in
883 403 1067 441 Brixiana

95 462 309 502 Academia
343 461 596 512 Matheseos⁷
631 464 832 502 Professor
857 463 1066 514 publicus,

95 524 240 564 additis
274 529 432 576 praeter
473 524 645 576 diploma
688 526 845 564 Henrici
885 527 984 575 Imp.
1027 529 1066 563 et

94 587 291 625 Francisci
325 587 483 626 Barbari
525 588 742 637 gratiarum
780 587 978 625 actionem
1016 586 1065 624 ad

93 647 283 699 populum
320 649 581 695 Brixianum⁷
619 648 966 687 dissertationibus
997 648 1067 686 tri-

93 709 196 759 hus,
233 709 283 748 de
317 720 421 748 anno
458 711 723 749 coronationis
758 710 884 749 Caroli
931 710 1063 748 Crassi

93 770 192 822 Imp.
213 772 269 810 De
285 782 389 810 anno
413 773 540 822 primo
563 773 675 822 regni
707 770 899 810 Desiderii
918 800 925 818 ,
948 771 1065 821 Regis

93 832 223 871 ultimi
257 833 625 885 Longobardorum,
647 838 687 872 et
711 833 759 872 de
785 844 886 872 nova
915 832 1063 883 epocha

94 894 284 934 Ludovici
308 896 354 934 ΙΙ.
381 896 479 946 Imp.
506 895 675 944 Confer,
696 906 799 946 quae
822 895 871 933 de
905 895 1065 933 Franci—

94 967 162 996 sco
185 956 425 997 BARBARO
456 969 576 1008 supra
601 962 695 996 tom.
722 959 737 996 1
763 986 771 1004 ,
797 968 883 1008 pag.
912 956 997 1014 169.
1023 959 1065 993 et

91 1018 502 1058 CHRISTOPHORUS
539 1030 561 1058 a
600 1018 718 1057 Soldo
761 1020 799 1056 in
841 1018 1063 1057 Annalibus

89 1080 289 1118 Brixianis
305 1091 327 1119 a
345 1081 470 1119 celeb.
493 1082 705 1120 Muratorio
728 1092 856 1131 nuper
873 1081 911 1118 in
933 1081 1062 1118 lucem

93 1140 222 1180 editis.

145 1202 409 1252 EVANTUS,
429 1205 516 1242 sive
534 1204 793 1244 EVANTIUS
808 1235 818 1253 ,
839 1203 972 1243 Abbas
993 1203 1063 1242 Hi-

89 1275 253 1317 spanus,
267 1265 317 1304 ab
329 1266 501 1304 Evantio
523 1267 742 1305 Viennensi
766 1267 805 1304 in
826 1266 950 1305 Gallia
969 1266 1063 1316 Epi-

91 1338 210 1378 scopo
232 1326 310 1366 An.
331 1327 421 1366 586.
441 1327 475 1376 a)
500 1327 688 1366 defuncto
712 1327 911 1376 diversus,
935 1338 1061 1377 eoque

90 1390 251 1439 junior,
275 1390 436 1440 scripsit
467 1389 689 1440 Epistolam
717 1393 855 1428 contra
878 1400 942 1429 eos
959 1421 968 1439 ‚
992 1389 1065 1441 qui

89 1453 433 1502 Caesaraugustae
460 1451 696 1503 sanquinem
731 1452 964 1491 animalium
988 1453 1061 1490 im-

88 1512 280 1552 mundum
312 1524 397 1552 esse
412 1513 604 1566 judicant
624 1517 663 1552 et
683 1525 846 1553 carnem
868 1514 1059 1552 mundam

93 1586 178 1615 esse
205 1575 352 1621 dicunt.
386 1577 430 1615 In
471 1576 544 1615 hac
579 1576 715 1616 laudat
740 1578 779 1616 S.
814 1577 990 1627 Gregorii
1011 1577 1060 1615 ab

91 1639 168 1677 An.
190 1638 281 1677 590.
304 1640 432 1690 Papae
455 1637 492 1688 b)
519 1639 662 1677 librum
698 1639 941 1678 Pastor-alem
957 1670 966 1688 ,
990 1640 1058 1688 qui

92 1700 270 1740 nondum
295 1703 470 1753 scriptus
499 1707 585 1741 erat
607 1713 700 1741 cum
720 1703 919 1741 Evantius
943 1703 1060 1740 Vien-

91 1761 322 1813 nensisjam
338 1763 443 1802 diem
458 1764 636 1802 obiisset.
651 1765 808 1802 Primus
827 1763 949 1802 edidit
967 1763 1061 1813 Epi-

90 1824 236 1862 stolam
252 1824 355 1864 hanc
371 1826 567 1864 Henricus
584 1825 770 1864 Canisius
785 1829 880 1862 torn.
892 1826 936 1862 V.
949 1824 1057 1861 Lect.

91 1886 243 1936 antiqu.
268 1890 380 1937 parte
408 1887 445 1926 ⁶2..
484 1897 571 1936 pag.
604 1886 693 1924 553.
730 1885 901 1934 (edition.
936 1896 1061 1924 novae.

91 1949 362 1998 Basnagianae
394 1952 489 1986 tom.
525 1950 573 1996 1,
611 1959 697 1998 pag.
742 1949 845 1995 522.)
878 1958 1061 1986 recusam

93 2009 184 2047 inde
215 2010 253 2047 in
289 2009 553 2048 Bibliothecae
593 2012 753 2049 Patrum
783 2010 1062 2060 supplemento

92 2071 318 2110 Morelliano
342 2071 415 2110 An.
454 2072 569 2110 1639.
593 2076 713 2121 atque
746 2072 782 2108 in
809 2071 982 2121 vulgatis
1015 2071 1064 2109 ab

95 2143 142 2170 eo
163 2136 342 2183 tempore
360 2133 629 2182 Bibliothecis‚
646 2133 868 2172 Coloniensi
890 2137 985 2171 tom.
1000 2134 1062 2171 VI.

92 2199 132 2232 et
159 2195 196 2232 in
221 2196 445 2234 novissima
468 2195 727 2246 Lugdunensi
751 2199 846 2234 tom.
878 2196 946 2234 XI.
976 2206 1062 2246 pag.

99 2257 214 2296 1092.
241 2257 386 2296 Exstat
409 2268 567 2307 quoque
588 2256 634 2295 ad
660 2257 809 2296 calcem
833 2257 1063 2307 Luitprandi

97 2319 358 2358 Ramiresiani
403 2330 491 2370 pag.
535 2320 624 2358 526.
671 2323 711 2358 et
761 2321 799 2356 in
843 2319 1064 2358 Cardinalis

94 2380 266 2431 Agvirrii
305 2381 490 2420 Conciliis
528 2382 739 2432 Hispaniae
772 2385 867 2419 torn.
899 2381 950 2429 3,
976 2393 1061 2431 pag.

91 2443 153 2481 87.
180 2444 247 2493 qui
273 2442 412 2493 probat
446 2443 667 2482 Evantium
694 2443 801 2481 hunc
840 2443 963 2481 fuisse
992 2443 1065 2481 Ar-

93 2504 371 2544 chidiaconum
405 2505 641 2544 Toletanum
659 2535 669 2551 ‚
693 2505 810 2555 Apud
837 2505 957 2543 Nicol.
985 2505 1065 2559 Αρ-

94 2567 247 2605 tonium
280 2566 430 2605 nullam
462 2567 623 2605 Evantii
648 2567 752 2605 inter
771 2567 984 2617 scriptores
999 2567 1064 2605 Hi-

91 2639 240 2680 spanos
263 2628 508 2667 mentionem
534 2629 698 2678 reperio.

136 2689 569 2739 EVARISTUS‚sive‚
594 2694 639 2729 ut
662 2689 835 2728 Eusebio
871 2693 1059 2737 vocatur⁷

86 2751 416 2801 EVARESTUS,
440 2753 666 2802 Episcopus
689 2751 891 2788 Romanus
914 2750 962 2789 ab
985 2750 1058 2789 An.

87 2815 153 2853 95.
176 2814 268 2862 vel,
293 2818 339 2852 ut
359 2814 420 2852 alii
441 2843 448 2861 ,
476 2813 550 2852 100
583 2811 630 2851 ad
657 2813 745 2851 109.
771 2811 942 2850 traditur
965 2814 1061 2851 seri-

84 2876 228 2925 psisse,
248 2886 351 2925 quae
369 2876 407 2912 in
428 2873 745 2913 Pseudo-Isidori
762 2874 925 2924 sylloge,
939 2880 1059 2925 atque

89 2935 181 2975 inde
197 2938 234 2974 in
253 2936 518 2976 Conciliorum
537 2937 667 2985 tomis,
682 2936 1059 2986 collectionibusque

143 3075 177 3113 a)
201 3073 445 3105 sammarthani
463 3078 543 3105 tom.
570 3074 583 3104 1
610 3076 734 3106 Galliae
757 3076 966 3108 Christianae
990 3085 1064 3117 pag.

81 3125 154 3157 795.
185 3125 259 3160 796.
296 3128 438 3158 Miraeus
472 3127 624 3157 auctario
649 3125 688 3157 de
711 3126 932 3166 scriptoribus
956 3127 1068 3158 Eccle-

85 3177 238 3208 siasticis
262 3184 337 3216 pag.
360 3175 413 3206 ⁶29.

145 3224 182 3265 b)
205 3224 286 3256 Vide
309 3228 398 3257 Sam.
419 3229 526 3257 Basna
551 3233 568 3256 e
591 3229 671 3256 torn.
696 3225 716 3256 5
733 3225 851 3256 Annal.
877 3224 917 3256 ad
934 3227 1065 3256 Annum

86 3274 217 3306 Cflristi
240 3274 314 3306 586.
338 3284 431 3306 num.
453 3275 483 3306 6.
504 3283 578 3314 pag.
601 3274 674 3305 891.
698 3279 729 3306 ct
752 3274 913 3306 Jacobum
939 3277 1064 3306 Rasna-

85 3332 125 3363 ge
141 3323 182 3354 ad
201 3324 375 3355 canisium
399 3329 481 3356 tom.
503 3324 515 3354 1
538 3333 568 3364 p.
589 3324 661 3355 5⁵22.

2032 211 2110 252 525

1145 278 1342 317 Lamberti
1366 278 1524 318 Gruteri
1542 311 1552 327 ,
1576 281 1774 320 Francisei
1789 282 1934 321 Joverii
1958 288 1998 322 et
2018 285 2111 323 alio-

1144 352 1231 379 rum
1271 344 1459 388 exstant,
1498 341 1700 392 Epistolas
1735 342 1864 393 duas,
1898 357 2020 384 unam
2058 346 2113 384 ad

1141 402 1295 454 fratres
1324 402 1533 442 universos
1556 403 1720 455 Africae
1748 406 1922 457 remonis
1952 407 2112 460 Episco-

1137 475 1211 514 pos
1231 470 1270 502 et
1291 466 1456 503 alteram
1476 464 1530 503 ad
1552 477 1683 505 omnes
1700 478 1774 518 per
1797 467 2014 520 AEyyptunz
2035 471 2111 508 Do-

1143 526 1245 564 mino
1272 525 1558 577 conqlutinalos
1580 526 1745 579 fratres.
1773 531 1990 582 Utramque
2006 532 2112 571 falsi-

1142 589 1237 626 tatis
1257 590 1482 627 convictam
1507 590 1668 628 exhibet
1694 592 1924 632 Blondellus
1939 594 1976 632 in
1993 595 2112 634 Pseu-

1141 649 1359 688 do-Isidoro
1384 661 1469 700 pag.
1492 650 1580 689 1-17.
1615 657 1655 690 et
1688 654 1776 692 151.
1802 655 1982 700 Decreta,
2007 668 2109 707 quea

1139 710 1187 748 ad
1208 710 1380 749 eundern
1404 712 1632 751 Evaristum
1650 714 1879 754 referuntur
1894 717 2000 767 apud
2014 718 2111 758 Gra-

1138 772 1318 820 tianum,
1345 773 1536 822 lvonem‚
1568 775 1842 816 Burchardum
1879 782 1955 818 etc.
1994 780 2109 831 longe.

1134 834 1339 881 Juniorum
1381 838 1606 884 temporum
1645 847 1735 875 esse
1778 843 1931 879 notavit
1968 844 2110 883 Petrus

1139 894 1334 932 Constant
1354 898 1449 933 tom.
1477 898 1511 934 1.
1534 898 1660 947 Epist.
1681 899 1947 940 Romanorum
1979 906 2111 943 Ponti-

1138 955 1256 994 ficum
1278 968 1364 1007 pag.
1389 958 1450 996 54.
1475 970 1594 1008 quern
1619 970 1817 1010 opponere
1837 962 1954 1013 juvat
1985 967 2111 1005 Ludo-

1139 1019 1226 1056 vico
1241 1019 1384 1057 Jacobo
1408 1031 1429 1058 a
1451 1021 1489 1059 S.
1512 1022 1650 1059 Carolo
1668 1034 1754 1074 pag.
1778 1024 1839 1062 64.
1860 1026 1957 1064 Bibl.
1981 1028 2110 1065 Ponti—

1140 1081 1275 1129 ficiae‚
1297 1082 1476 1132 aliisque.

1185 1143 1328 1182 EVAX
1353 1143 1402 1182 de
1436 1147 1618 1196 gemmis.
1658 1147 1754 1186 Vide
1784 1149 1895 1197 infra,
1920 1148 2110 1190 MARBO-

1136 1205 1269 1245 DEUS
1286 1238 1297 1256 ,
1320 1211 1360 1245 et
1380 1218 1482 1257 quae
1504 1206 1588 1258 jam
1624 1212 1756 1248 notavi
1784 1211 1822 1248 in
1848 1211 1944 1250 Bibl.
1972 1214 2109 1252 Latina

1136 1268 1198 1305 IV.
1227 1269 1288 1307 42.

1186 1329 1434 1382 Auyustinus
1453 1332 1722 1373 EUCADIUS.
1760 1336 1912 1387 Supra,
1953 1337 2110 1376 AUGU—

1135 1391 1326 1432 STINUS.

1188 1454 1480 1496 EUCHERIUS
1500 1458 1643 1496 illustri
1664 1470 1809 1509 genere
1832 1490 1839 1508 ‚
1862 1472 1909 1499 ex
1945 1462 2111 1500 Senato-

1135 1517 1192 1554 rio
1216 1517 1305 1556 Viro
1330 1522 1370 1556 et
1393 1517 1597 1558 Consulari
1619 1522 1836 1561 Monachus
1861 1524 2104 1571 Lirinensis,

1133 1584 1254 1629 atque
1278 1580 1368 1618 inde
1392 1581 1440 1619 ab
1463 1580 1538 1620 An.
1566 1582 1653 1637 434.
1680 1583 1728 1621 ad
1760 1585 1849 1624 Δ155.
1885 1586 2106 1637 Episcopus

1134 1640 1435 1681 laudatissimus
1451 1643 1750 1694 Luqclunensis‚
1775 1647 1929 1685 amicus
1951 1647 2114 1686 Paulini

1132 1704 1269 1742 Nolani
1293 1705 1477 1757 Episcopi
1498 1735 1506 1755 7
1527 1705 1655 1756 (qu'us
1688 1708 1908 1758 Epistolam
1947 1709 1994 1748 ad
2029 1711 2110 1749 Eu-

1134 1765 1313 1805 cherium
1334 1772 1374 1806 et
1399 1780 1565 1807 uxorem
1586 1768 1674 1818 ejus
1697 1768 1851 1809 Gallam
1872 1771 1995 1810 edidit
2020 1772 2112 1811 Chi-

1133 1828 1277 1878 ssetius)
1298 1829 1483 1869 Salviani
1498 1832 1642 1870 Massil.
1665 1832 1781 1883 cujus
1804 1835 1981 1883 Epistola
2004 1835 2040 1873 2.
2068 1840 2109 1874 et

1136 1891 1172 1927 8.
1193 1895 1255 1929 est
1275 1891 1322 1930 ad
1339 1892 1600 1931 Eucherium:
1617 1893 1775 1933 Rustici
1789 1895 2108 1947 Burdegalensis7

1135 1952 1252 2003 cujus
1265 1953 1443 2004 Epistola
1465 1953 1511 1993 ad
1533 1954 1778 1995 Eucherium
1800 1957 1944 2008 legitur
1969 1959 2006 1995 in
2031 1959 2112 1997 Sir-

1137 2015 1270 2054 mondi
1289 2018 1392 2054 notis
1409 2017 1456 2055 ad
1476 2018 1623 2056 Sidonii
1641 2019 1705 2057 lib.
1720 2020 1756 2057 2.
1777 2031 1860 2070 cap.
1877 2022 1946 2059 XI.
1961 2025 2055 2060 tom.
2074 2023 2109 2060 1.

1136 2078 1312 2128 Operum
1345 2080 1542 2119 Sirmondi
1575 2093 1660 2131 pag.
1693 2082 1784 2121 900.
1817 2083 1980 2121 Domino
2017 2095 2112 2123 vere

1137 2141 1281 2179 Sancto
1297 2142 1430 2192 Papae
1449 2142 1648 2182 Eucherio
1663 2144 1849 2184 Rusticus
1934 2146 2017 2184 Ora
2036 2158 2113 2198 pro

1138 2213 1198 2240 me
1213 2233 1223 2250 ,
1245 2214 1339 2241 vere
1363 2207 1498 2242 sancte
1521 2208 1640 2256 atque
1663 2205 1790 2244 amice
1816 2207 1914 2244 DEI
1926 2239 1937 2256 ,
1961 2207 2116 2246 etmihi

1139 2263 1178 2301 in
1201 2264 1371 2304 CHrz‘sto
1395 2265 1503 2304 ‹nntii
1522 2266 1631 2306 cultu
1651 2268 1901 2320 suspiciende
1920 2271 2049 2321 Papa:
2066 2282 2111 2309 ac

1137 2339 1187 2365 ne
1210 2328 1357 2366 multos
1383 2329 1480 2367 alios
1505 2331 1671 2369 referam
1706 2331 1870 2370 loannis
1899 2333 2110 2379 Cassiani,

1137 2389 1205 2438 qui
1229 2400 1277 2428 ex
1300 2390 1585 2429 Collationibus
1607 2393 1691 2431 suis
1707 2393 1899 2443 quasdam
1925 2395 1977 2432 illi
2003 2394 2107 2433 dica-

1138 2451 1220 2498 vit,
1246 2455 1286 2488 et
1309 2450 1463 2490 Hilarii
1483 2452 1754 2502 Arelatensis,
1776 2457 1843 2504 qui
1868 2455 2006 2494 eodem
2031 2468 2109 2506 quo

1137 2511 1360 2551 Eucherius
1384 2524 1487 2552 anno
1512 2514 1615 2553 diem
1641 2515 1761 2564 obiit⁷
1785 2522 1826 2554 et
1852 2518 1915 2555 cui
1952 2517 2109 2556 Euche-

1137 2574 1219 2612 rius
1248 2573 1394 2613 dicavit
1432 2575 1607 2615 libellum
1643 2577 1692 2616 de
1730 2578 1845 2616 laude
1882 2580 2017 2616 eremi.
2052 2581 2108 2618 De

1137 2634 1209 2673 hoc
1230 2635 1426 2674 Eucherio
1443 2636 1646 2676 adeundos
1667 2649 1759 2688 prae
1775 2640 1942 2678 caeteris
1959 2640 2106 2679 suadeo

1135 2697 1385 2735 Vincentium
1416 2700 1607 2737 Barralim
1633 2701 1669 2738 in
1691 2700 1949 2751 Chronologia
1975 2701 2104 2741 Abba-

1134 2765 1220 2797 tum
1243 2760 1518 2798 Lerinensium
1539 2790 1546 2807 ‚
1571 2761 1748 2812 Lugduni
1783 2763 1893 2802 1613.
1921 2764 1955 2800 4.
1992 2763 2108 2802 Tille-

1135 2822 1328 2860 montium
1355 2825 1449 2860 tom.
1474 2823 1553 2860 XV.
1581 2825 1860 2863 memoriarum
1899 2825 1990 2863 hist.
2028 2826 2106 2864 Ec-

1133 2884 1227 2921 cles.
1244 2885 1403 2923 Petrum
1423 2886 1678 2924 Franciscum
1696 2886 1922 2927 Chiiletium
1941 2893 2051 2937 parte
2070 2889 2103 2926 1.

1134 2946 1285 2984 Paulini
1313 2946 1496 2985 illustrati
1517 2958 1602 2997 cap.
1632 2949 1690 2986 14.
1722 2959 1804 2998 seq.
1831 2948 2106 2987 Sainmartha-

1136 3018 1207 3045 nos
1255 3009 1291 3045 in
1331 3008 1455 3046 Gallia
1493 3008 1720 3048 Christiana
1760 3021 1885 3048 novae
1922 3009 2105 3048 editionis

1134 3074 1229 3106 tom.
1250 3070 1311 3107 IV.
1338 3071 1494 3108 Parisiis
1521 3071 1636 3110 47025.
1674 3073 1922 3110 Dominicum
1948 3072 1996 3110 de
2031 3073 2104 3112 Co-

1136 3131 1237 3169 lonia
1259 3135 1351 3168 tom.
1371 3133 1405 3169 1.
1433 3132 1616 3171 historiae
1633 3133 1844 3172 litterariae
1867 3133 2104 3184 Lugdunen-

1135 3193 1208 3241 sis,
1230 3192 1376 3230 Gallice
1402 3205 1529 3244 nuper
1552 3194 1680 3233 editae
1704 3200 1815 3245 parte
1841 3196 1876 3233 2.
1900 3207 1987 3247 pag.
2010 3197 2099 3235 49²2..

1135 3265 1217 3303 seq.
1250 3254 1467 3306 Josephum
1510 3254 1676 3306 ejusque
1717 3257 1875 3296 fratrem
1916 3258 2099 3297 Carolum

1134 3314 1408 3356 Anthelmium
1433 3317 1469 3354 in
1487 3320 1706 3356 assertione
1723 3331 1791 3369 pro
1817 3320 1931 3358 unico
1947 3320 2101 3360 Euche-
