<?xml version="1.0" encoding="UTF-8"?>
<!DOCTYPE html PUBLIC "-//W3C//DTD XHTML 1.0 Transitional//EN"
    "http://www.w3.org/TR/xhtml1/DTD/xhtml1-transitional.dtd">
<html xmlns="http://www.w3.org/1999/xhtml" xml:lang="en" lang="en">
 <head>
  <title>
</title>
<meta http-equiv="Content-Type" content="text/html;charset=utf-8" />
  <meta name='ocr-system' content='tesseract 3.04.00' />
  <meta name='ocr-capabilities' content='ocr_page ocr_carea ocr_par ocr_line ocrx_word'/>
</head>
<body>
  <div class='ocr_page' id='page_1' title='image "./bibliothecalatin01fabruoft_0566.png"; bbox 0 0 2500 4009; ppageno 0'>
   <div class='ocr_carea' id='block_1_1' title="bbox 415 204 1623 251">
    <p class='ocr_par' dir='ltr' id='par_1_1' title="bbox 415 204 1623 251">
     <span class='ocr_line' id='line_1_1' title="bbox 415 204 1623 251; baseline -0.006 0"><span class='ocrx_word' id='word_1_1' title='bbox 415 212 493 251; x_wconf 74' lang='lat'>528</span> <span class='ocrx_word' id='word_1_2' title='bbox 870 237 872 239; x_wconf 96' lang='lat'>.</span> <span class='ocrx_word' id='word_1_3' title='bbox 1185 204 1623 244; x_wconf 79' lang='lat' dir='ltr'>EUCIIERIUS</span> 
     </span>
    </p>
   </div>
   <div class='ocr_carea' id='block_1_2' title="bbox 407 272 1368 3231">
    <p class='ocr_par' dir='ltr' id='par_1_2' title="bbox 407 272 1365 1007">
     <span class='ocr_line' id='line_1_2' title="bbox 474 272 1360 322; baseline -0.012 -2"><span class='ocrx_word' id='word_1_4' title='bbox 474 282 517 320; x_wconf 85' lang='grc'>10</span> <span class='ocrx_word' id='word_1_5' title='bbox 570 278 807 317; x_wconf 55' lang='lat' dir='ltr'>kls-hortatio</span> <span class='ocrx_word' id='word_1_6' title='bbox 846 275 899 311; x_wconf 76' lang='lat' dir='ltr'>(ul</span> <span class='ocrx_word' id='word_1_7' title='bbox 936 272 1144 311; x_wconf 75' lang='lat' dir='ltr'>Monachus</span> <span class='ocrx_word' id='word_1_8' title='bbox 1182 272 1360 322; x_wconf 77' lang='lat' dir='ltr'>duplex,</span> 
     </span>
     <span class='ocr_line' id='line_1_3' title="bbox 423 332 1361 393; baseline -0.013 -10"><span class='ocrx_word' id='word_1_9' title='bbox 423 357 497 382; x_wconf 87' lang='lat' dir='ltr'>una</span> <span class='ocrx_word' id='word_1_10' title='bbox 523 354 622 393; x_wconf 80' lang='lat' dir='ltr'>quae</span> <span class='ocrx_word' id='word_1_11' title='bbox 649 340 774 388; x_wconf 71' lang='lat' dir='ltr'>incipit</span> <span class='ocrx_word' id='word_1_12' title='bbox 799 350 805 374; x_wconf 81' lang='lat' dir='ltr'><em>z</em></span> <span class='ocrx_word' id='word_1_13' title='bbox 832 335 935 384; x_wconf 75' lang='lat' dir='ltr'>Quid</span> <span class='ocrx_word' id='word_1_14' title='bbox 959 333 1066 373; x_wconf 74' lang='lat' dir='ltr'>vobis</span> <span class='ocrx_word' id='word_1_15' title='bbox 1086 332 1361 382; x_wconf 69' lang='lat' dir='ltr'>eoeln&#39;beamus,</span> 
     </span>
     <span class='ocr_line' id='line_1_4' title="bbox 413 394 1363 457; baseline -0.011 -14"><span class='ocrx_word' id='word_1_16' title='bbox 413 407 565 457; x_wconf 67' lang='lat' dir='ltr'>fratres</span> <span class='ocrx_word' id='word_1_17' title='bbox 589 397 825 439; x_wconf 71' lang='lat' dir='ltr'>charissimi.</span> <span class='ocrx_word' id='word_1_18' title='bbox 861 398 909 435; x_wconf 81' lang='lat' dir='ltr'>Et</span> <span class='ocrx_word' id='word_1_19' title='bbox 946 397 1068 434; x_wconf 76' lang='lat' dir='ltr'>altera</span> <span class='ocrx_word' id='word_1_20' title='bbox 1089 425 1097 438; x_wconf 76' lang='lat'>,</span> <span class='ocrx_word' id='word_1_21' title='bbox 1135 394 1251 445; x_wconf 89' lang='lat' dir='ltr'>cujus</span> <span class='ocrx_word' id='word_1_22' title='bbox 1292 396 1363 433; x_wconf 83' lang='lat' dir='ltr'>ini-</span> 
     </span>
     <span class='ocr_line' id='line_1_5' title="bbox 418 456 1365 511; baseline -0.01 -7"><span class='ocrx_word' id='word_1_23' title='bbox 418 470 514 505; x_wconf 85' lang='lat' dir='ltr'>tium</span> <span class='ocrx_word' id='word_1_24' title='bbox 534 479 541 502; x_wconf 86' lang='lat'><strong>:</strong></span> <span class='ocrx_word' id='word_1_25' title='bbox 569 464 612 500; x_wconf 80' lang='lat' dir='ltr'>In</span> <span class='ocrx_word' id='word_1_26' title='bbox 637 461 736 498; x_wconf 74' lang='lat' dir='ltr'>hunc</span> <span class='ocrx_word' id='word_1_27' title='bbox 760 458 846 511; x_wconf 74' lang='lat' dir='ltr'>fere</span> <span class='ocrx_word' id='word_1_28' title='bbox 870 456 1026 495; x_wconf 78' lang='lat' dir='ltr'>modum</span> <span class='ocrx_word' id='word_1_29' title='bbox 1051 456 1207 509; x_wconf 69' lang='lat' dir='ltr'>artifeae</span> <span class='ocrx_word' id='word_1_30' title='bbox 1225 457 1365 496; x_wconf 71' lang='lat' dir='ltr'>Mundi</span> 
     </span>
     <span class='ocr_line' id='line_1_6' title="bbox 418 520 1363 569; baseline -0.008 -4"><span class='ocrx_word' id='word_1_31' title='bbox 418 529 532 565; x_wconf 76' lang='lat' dir='ltr'>Deus.</span> <span class='ocrx_word' id='word_1_32' title='bbox 550 525 699 563; x_wconf 73' lang='lat' dir='ltr'>Exstat</span> <span class='ocrx_word' id='word_1_33' title='bbox 725 523 759 558; x_wconf 90' lang='lat' dir='ltr'>in</span> <span class='ocrx_word' id='word_1_34' title='bbox 788 520 930 559; x_wconf 83' lang='lat' dir='ltr'>Codice</span> <span class='ocrx_word' id='word_1_35' title='bbox 958 520 1183 569; x_wconf 69' lang='lat' dir='ltr'>regularum</span> <span class='ocrx_word' id='word_1_36' title='bbox 1209 520 1363 558; x_wconf 85' lang='lat' dir='ltr'>Holste-</span> 
     </span>
     <span class='ocr_line' id='line_1_7' title="bbox 420 580 1359 632; baseline -0.007 -6"><span class='ocrx_word' id='word_1_37' title='bbox 420 591 532 626; x_wconf 86' lang='lat' dir='ltr'>niano</span> <span class='ocrx_word' id='word_1_38' title='bbox 556 588 699 623; x_wconf 77' lang='lat' dir='ltr'>Romae</span> <span class='ocrx_word' id='word_1_39' title='bbox 731 587 771 621; x_wconf 82' lang='lat' dir='ltr'>ct</span> <span class='ocrx_word' id='word_1_40' title='bbox 809 583 927 620; x_wconf 82' lang='lat' dir='ltr'>Paris.</span> <span class='ocrx_word' id='word_1_41' title='bbox 969 581 1073 620; x_wconf 84' lang='lat' dir='ltr'>edito</span> <span class='ocrx_word' id='word_1_42' title='bbox 1111 594 1147 632; x_wconf 92' lang='lat' dir='ltr'>p.</span> <span class='ocrx_word' id='word_1_43' title='bbox 1185 583 1260 630; x_wconf 78' lang='lat'>55,</span> <span class='ocrx_word' id='word_1_44' title='bbox 1298 580 1359 620; x_wconf 81' lang='lat'>57.</span> 
     </span>
     <span class='ocr_line' id='line_1_8' title="bbox 415 642 1362 699; baseline -0.006 -12"><span class='ocrx_word' id='word_1_45' title='bbox 415 646 652 699; x_wconf 74' lang='lat' dir='ltr'>Appendicis</span> <span class='ocrx_word' id='word_1_46' title='bbox 693 649 733 683; x_wconf 89' lang='lat' dir='ltr'>et</span> <span class='ocrx_word' id='word_1_47' title='bbox 776 646 812 682; x_wconf 89' lang='lat' dir='ltr'>in</span> <span class='ocrx_word' id='word_1_48' title='bbox 849 643 945 682; x_wconf 89' lang='lat' dir='ltr'>Bibl.</span> <span class='ocrx_word' id='word_1_49' title='bbox 982 645 1141 682; x_wconf 85' lang='lat' dir='ltr'>Patrum</span> <span class='ocrx_word' id='word_1_50' title='bbox 1182 642 1362 693; x_wconf 75' lang='lat' dir='ltr'>Lugdun-</span> 
     </span>
     <span class='ocr_line' id='line_1_9' title="bbox 413 704 1361 757; baseline -0.006 -10"><span class='ocrx_word' id='word_1_51' title='bbox 413 717 502 747; x_wconf 81' lang='lat' dir='ltr'>tom.</span> <span class='ocrx_word' id='word_1_52' title='bbox 521 708 582 745; x_wconf 81' lang='grc'>27.</span> <span class='ocrx_word' id='word_1_53' title='bbox 609 718 645 757; x_wconf 92' lang='lat' dir='ltr'>p.</span> <span class='ocrx_word' id='word_1_54' title='bbox 668 707 755 753; x_wconf 79' lang='grc'>180,</span> <span class='ocrx_word' id='word_1_55' title='bbox 775 706 862 744; x_wconf 93' lang='grc'>181.</span> <span class='ocrx_word' id='word_1_56' title='bbox 890 704 952 744; x_wconf 91' lang='lat' dir='ltr'>ubi</span> <span class='ocrx_word' id='word_1_57' title='bbox 973 716 1050 743; x_wconf 92' lang='lat' dir='ltr'>non</span> <span class='ocrx_word' id='word_1_58' title='bbox 1062 704 1230 744; x_wconf 81' lang='lat' dir='ltr'>debebat</span> <span class='ocrx_word' id='word_1_59' title='bbox 1246 705 1361 743; x_wconf 87' lang='lat' dir='ltr'>omit-</span> 
     </span>
     <span class='ocr_line' id='line_1_10' title="bbox 412 766 1362 820; baseline -0.003 -12"><span class='ocrx_word' id='word_1_60' title='bbox 412 773 464 810; x_wconf 80' lang='lat' dir='ltr'>ti.</span> <span class='ocrx_word' id='word_1_61' title='bbox 494 780 595 820; x_wconf 85' lang='lat' dir='ltr'>quae</span> <span class='ocrx_word' id='word_1_62' title='bbox 623 770 659 806; x_wconf 90' lang='lat' dir='ltr'>in</span> <span class='ocrx_word' id='word_1_63' title='bbox 681 767 820 806; x_wconf 80' lang='lat' dir='ltr'>eadem</span> <span class='ocrx_word' id='word_1_64' title='bbox 845 766 1062 818; x_wconf 85' lang='lat' dir='ltr'>appendice</span> <span class='ocrx_word' id='word_1_65' title='bbox 1083 778 1118 817; x_wconf 92' lang='lat' dir='ltr'>p.</span> <span class='ocrx_word' id='word_1_66' title='bbox 1142 767 1190 805; x_wconf 85' lang='grc'>60</span> <span class='ocrx_word' id='word_1_67' title='bbox 1216 767 1362 817; x_wconf 78' lang='lat' dir='ltr'>legitur</span> 
     </span>
     <span class='ocr_line' id='line_1_11' title="bbox 415 827 1364 878; baseline -0.005 -8"><span class='ocrx_word' id='word_1_68' title='bbox 415 832 594 871; x_wconf 71' lang='lat' dir='ltr'>Eucherii</span> <span class='ocrx_word' id='word_1_69' title='bbox 615 828 827 868; x_wconf 74' lang='lat' dir='ltr'><em>admonitio</em></span> <span class='ocrx_word' id='word_1_70' title='bbox 851 827 905 867; x_wconf 79' lang='lat' dir='ltr'>ad</span> <span class='ocrx_word' id='word_1_71' title='bbox 928 828 1116 878; x_wconf 66' lang='lat' dir='ltr'>Virqims,</span> <span class='ocrx_word' id='word_1_72' title='bbox 1141 839 1242 878; x_wconf 85' lang='lat' dir='ltr'>quae</span> <span class='ocrx_word' id='word_1_73' title='bbox 1268 829 1364 866; x_wconf 85' lang='lat' dir='ltr'>inci-</span> 
     </span>
     <span class='ocr_line' id='line_1_12' title="bbox 409 887 1358 945; baseline -0.002 -15"><span class='ocrx_word' id='word_1_74' title='bbox 409 897 489 945; x_wconf 80' lang='lat' dir='ltr'>pit:</span> <span class='ocrx_word' id='word_1_75' title='bbox 535 892 582 933; x_wconf 81' lang='lat' dir='ltr'>Si</span> <span class='ocrx_word' id='word_1_76' title='bbox 602 891 808 943; x_wconf 68' lang='lat' dir='ltr'>dittyenter</span> <span class='ocrx_word' id='word_1_77' title='bbox 844 890 1071 938; x_wconf 76' lang='lat' dir='ltr'>attendetis,</span> <span class='ocrx_word' id='word_1_78' title='bbox 1106 887 1358 930; x_wconf 79' lang='lat' dir='ltr'>venerabiles</span> 
     </span>
     <span class='ocr_line' id='line_1_13' title="bbox 407 955 529 1007; baseline 0 -13"><span class='ocrx_word' id='word_1_79' title='bbox 407 955 529 1007; x_wconf 80' lang='lat' dir='ltr'>filiae.</span> 
     </span>
    </p>

    <p class='ocr_par' dir='ltr' id='par_1_3' title="bbox 409 1013 1368 2800">
     <span class='ocr_line' id='line_1_14' title="bbox 468 1013 1362 1066; baseline -0.008 -8"><span class='ocrx_word' id='word_1_80' title='bbox 468 1021 525 1058; x_wconf 84' lang='grc'>11.</span> <span class='ocrx_word' id='word_1_81' title='bbox 547 1016 750 1056; x_wconf 89' lang='lat' dir='ltr'>Gennadio</span> <span class='ocrx_word' id='word_1_82' title='bbox 773 1027 859 1066; x_wconf 88' lang='lat' dir='ltr'>cap.</span> <span class='ocrx_word' id='word_1_83' title='bbox 884 1015 934 1054; x_wconf 80' lang='lat'>63</span> <span class='ocrx_word' id='word_1_84' title='bbox 951 1018 1054 1052; x_wconf 87' lang='lat' dir='ltr'>teste</span> <span class='ocrx_word' id='word_1_85' title='bbox 1079 1013 1242 1052; x_wconf 77' lang='lat' dir='ltr'>Joannz&#39;s</span> <span class='ocrx_word' id='word_1_86' title='bbox 1265 1013 1362 1053; x_wconf 81' lang='lat' dir='ltr'>Cas-</span> 
     </span>
     <span class='ocr_line' id='line_1_15' title="bbox 412 1074 1363 1131; baseline -0.007 -12"><span class='ocrx_word' id='word_1_87' title='bbox 412 1081 519 1120; x_wconf 80' lang='lat' dir='ltr'>siani</span> <span class='ocrx_word' id='word_1_88' title='bbox 543 1078 742 1131; x_wconf 76' lang='lat' dir='ltr'>quaedam</span> <span class='ocrx_word' id='word_1_89' title='bbox 763 1089 795 1125; x_wconf 55' lang='lat' dir='ltr'>ag</span> <span class='ocrx_word' id='word_1_90' title='bbox 822 1074 1013 1127; x_wconf 72' lang='lat' dir='ltr'>opuscula</span> <span class='ocrx_word' id='word_1_91' title='bbox 1037 1074 1114 1112; x_wconf 71' lang='lat' dir='ltr'>letto</span> <span class='ocrx_word' id='word_1_92' title='bbox 1140 1078 1250 1113; x_wconf 79' lang='lat' dir='ltr'>tensa</span> <span class='ocrx_word' id='word_1_93' title='bbox 1278 1086 1363 1113; x_wconf 76' lang='lat' dir='ltr'>ser-</span> 
     </span>
     <span class='ocr_line' id='line_1_16' title="bbox 412 1135 1363 1190; baseline -0.007 -10"><span class='ocrx_word' id='word_1_94' title='bbox 412 1154 544 1186; x_wconf 72' lang='lat' dir='ltr'>mone.</span> <span class='ocrx_word' id='word_1_95' title='bbox 569 1143 734 1190; x_wconf 68' lang='lat' dir='ltr'>anqusto</span> <span class='ocrx_word' id='word_1_96' title='bbox 766 1136 883 1177; x_wconf 68' lang='lat' dir='ltr'>verbi?</span> <span class='ocrx_word' id='word_1_97' title='bbox 911 1135 1111 1176; x_wconf 78' lang='lat' dir='ltr'>resoluens</span> <span class='ocrx_word' id='word_1_98' title='bbox 1142 1136 1298 1174; x_wconf 79' lang='lat' dir='ltr'>tramite</span> <span class='ocrx_word' id='word_1_99' title='bbox 1324 1135 1363 1174; x_wconf 81' lang='lat' dir='ltr'>in</span> 
     </span>
     <span class='ocr_line' id='line_1_17' title="bbox 413 1199 1364 1253; baseline -0.007 -10"><span class='ocrx_word' id='word_1_100' title='bbox 413 1216 533 1243; x_wconf 79' lang='lat' dir='ltr'>unum</span> <span class='ocrx_word' id='word_1_101' title='bbox 557 1202 677 1253; x_wconf 69' lang='lat' dir='ltr'>eoe91&#39;t</span> <span class='ocrx_word' id='word_1_102' title='bbox 711 1199 904 1240; x_wconf 79' lang='lat' dir='ltr'>volumen.</span> <span class='ocrx_word' id='word_1_103' title='bbox 947 1200 1129 1249; x_wconf 84' lang='lat' dir='ltr'>Epitome</span> <span class='ocrx_word' id='word_1_104' title='bbox 1168 1199 1229 1236; x_wconf 90' lang='lat' dir='ltr'>illa</span> <span class='ocrx_word' id='word_1_105' title='bbox 1270 1200 1364 1237; x_wconf 89' lang='lat' dir='ltr'>Cas-</span> 
     </span>
     <span class='ocr_line' id='line_1_18' title="bbox 411 1259 1364 1311; baseline -0.009 -6"><span class='ocrx_word' id='word_1_106' title='bbox 411 1268 508 1306; x_wconf 85' lang='lat' dir='ltr'>siani</span> <span class='ocrx_word' id='word_1_107' title='bbox 533 1276 625 1303; x_wconf 88' lang='lat' dir='ltr'>cum</span> <span class='ocrx_word' id='word_1_108' title='bbox 647 1265 733 1302; x_wconf 88' lang='lat' dir='ltr'>aliis</span> <span class='ocrx_word' id='word_1_109' title='bbox 760 1262 944 1301; x_wconf 78' lang='lat' dir='ltr'>Eucherii</span> <span class='ocrx_word' id='word_1_110' title='bbox 968 1261 1127 1311; x_wconf 88' lang='lat' dir='ltr'>scriptis</span> <span class='ocrx_word' id='word_1_111' title='bbox 1161 1259 1266 1298; x_wconf 90' lang='lat' dir='ltr'>edita</span> <span class='ocrx_word' id='word_1_112' title='bbox 1290 1261 1364 1298; x_wconf 83' lang='lat' dir='ltr'>Ro-</span> 
     </span>
     <span class='ocr_line' id='line_1_19' title="bbox 413 1322 1363 1373; baseline -0.007 -7"><span class='ocrx_word' id='word_1_113' title='bbox 413 1339 498 1366; x_wconf 88' lang='lat' dir='ltr'>mae</span> <span class='ocrx_word' id='word_1_114' title='bbox 530 1326 644 1373; x_wconf 70' lang='grc'>1561,</span> <span class='ocrx_word' id='word_1_115' title='bbox 670 1325 732 1362; x_wconf 84' lang='lat' dir='ltr'>fol.</span> <span class='ocrx_word' id='word_1_116' title='bbox 764 1328 803 1361; x_wconf 85' lang='lat' dir='ltr'>et</span> <span class='ocrx_word' id='word_1_117' title='bbox 827 1324 975 1362; x_wconf 86' lang='lat' dir='ltr'>Graeca</span> <span class='ocrx_word' id='word_1_118' title='bbox 1000 1323 1208 1372; x_wconf 85' lang='lat' dir='ltr'>Epitomes</span> <span class='ocrx_word' id='word_1_119' title='bbox 1234 1322 1363 1360; x_wconf 87' lang='lat' dir='ltr'>versio</span> 
     </span>
     <span class='ocr_line' id='line_1_20' title="bbox 416 1385 1363 1434; baseline -0.006 -7"><span class='ocrx_word' id='word_1_120' title='bbox 416 1392 452 1427; x_wconf 90' lang='lat' dir='ltr'>in</span> <span class='ocrx_word' id='word_1_121' title='bbox 473 1387 690 1427; x_wconf 77' lang='lat' dir='ltr'>Athanasio</span> <span class='ocrx_word' id='word_1_122' title='bbox 710 1386 1050 1424; x_wconf 82' lang='lat' dir='ltr'>Montfauconiano</span> <span class='ocrx_word' id='word_1_123' title='bbox 1076 1389 1169 1422; x_wconf 88' lang='lat' dir='ltr'>tom.</span> <span class='ocrx_word' id='word_1_124' title='bbox 1203 1385 1238 1422; x_wconf 91' lang='lat'>3.</span> <span class='ocrx_word' id='word_1_125' title='bbox 1276 1395 1363 1434; x_wconf 77' lang='lat' dir='ltr'>pag.</span> 
     </span>
     <span class='ocr_line' id='line_1_21' title="bbox 413 1447 1364 1499; baseline -0.007 -10"><span class='ocrx_word' id='word_1_126' title='bbox 413 1451 502 1489; x_wconf 72' lang='lat'>366.</span> <span class='ocrx_word' id='word_1_127' title='bbox 523 1449 619 1488; x_wconf 70' lang='lat' dir='ltr'>vide</span> <span class='ocrx_word' id='word_1_128' title='bbox 644 1459 763 1499; x_wconf 87' lang='lat' dir='ltr'>supra</span> <span class='ocrx_word' id='word_1_129' title='bbox 788 1449 825 1485; x_wconf 91' lang='lat' dir='ltr'>in</span> <span class='ocrx_word' id='word_1_130' title='bbox 846 1448 1060 1495; x_wconf 76' lang='lat' dir='ltr'>Cassiano,</span> <span class='ocrx_word' id='word_1_131' title='bbox 1087 1450 1180 1483; x_wconf 89' lang='lat' dir='ltr'>tom.</span> <span class='ocrx_word' id='word_1_132' title='bbox 1208 1447 1242 1484; x_wconf 96' lang='grc'>1.</span> <span class='ocrx_word' id='word_1_133' title='bbox 1277 1457 1364 1496; x_wconf 77' lang='lat' dir='ltr'>pag.</span> 
     </span>
     <span class='ocr_line' id='line_1_22' title="bbox 412 1509 1362 1562; baseline -0.008 -10"><span class='ocrx_word' id='word_1_134' title='bbox 412 1515 501 1552; x_wconf 73' lang='lat'>328.</span> <span class='ocrx_word' id='word_1_135' title='bbox 521 1514 758 1562; x_wconf 80' lang='lat' dir='ltr'>Quanquam</span> <span class='ocrx_word' id='word_1_136' title='bbox 780 1521 874 1548; x_wconf 82' lang='lat' dir='ltr'>vero</span> <span class='ocrx_word' id='word_1_137' title='bbox 894 1509 1072 1548; x_wconf 86' lang='lat' dir='ltr'>Cassiani</span> <span class='ocrx_word' id='word_1_138' title='bbox 1088 1509 1235 1558; x_wconf 83' lang='lat' dir='ltr'>scripta</span> <span class='ocrx_word' id='word_1_139' title='bbox 1255 1518 1362 1546; x_wconf 89' lang='lat' dir='ltr'>ama-</span> 
     </span>
     <span class='ocr_line' id='line_1_23' title="bbox 410 1571 1363 1622; baseline -0.007 -9"><span class='ocrx_word' id='word_1_140' title='bbox 410 1578 468 1613; x_wconf 78' lang='lat' dir='ltr'>vit</span> <span class='ocrx_word' id='word_1_141' title='bbox 492 1574 709 1614; x_wconf 79' lang='lat' dir='ltr'>Bucherius</span> <span class='ocrx_word' id='word_1_142' title='bbox 728 1603 738 1620; x_wconf 92' lang='lat'><em>‚</em></span> <span class='ocrx_word' id='word_1_143' title='bbox 764 1571 1089 1622; x_wconf 78' lang='lat' dir='ltr'>Semipelagianis</span> <span class='ocrx_word' id='word_1_144' title='bbox 1132 1574 1266 1608; x_wconf 81' lang='lat' dir='ltr'>tamen</span> <span class='ocrx_word' id='word_1_145' title='bbox 1300 1580 1363 1607; x_wconf 88' lang='lat' dir='ltr'>ac—</span> 
     </span>
     <span class='ocr_line' id='line_1_24' title="bbox 410 1631 1363 1686; baseline -0.008 -10"><span class='ocrx_word' id='word_1_146' title='bbox 410 1638 563 1676; x_wconf 81' lang='lat' dir='ltr'>censeri</span> <span class='ocrx_word' id='word_1_147' title='bbox 616 1639 825 1686; x_wconf 88' lang='lat' dir='ltr'>propterea</span> <span class='ocrx_word' id='word_1_148' title='bbox 873 1644 948 1670; x_wconf 89' lang='lat' dir='ltr'>non</span> <span class='ocrx_word' id='word_1_149' title='bbox 986 1632 1142 1670; x_wconf 80' lang='lat' dir='ltr'>meruit.</span> <span class='ocrx_word' id='word_1_150' title='bbox 1190 1631 1363 1670; x_wconf 80' lang='lat' dir='ltr'>Consule</span> 
     </span>
     <span class='ocr_line' id='line_1_25' title="bbox 413 1693 1363 1743; baseline -0.008 -6"><span class='ocrx_word' id='word_1_151' title='bbox 413 1699 608 1737; x_wconf 75' lang='lat' dir='ltr'>Norisium</span> <span class='ocrx_word' id='word_1_152' title='bbox 635 1696 726 1736; x_wconf 83' lang='lat' dir='ltr'>hist.</span> <span class='ocrx_word' id='word_1_153' title='bbox 763 1695 886 1743; x_wconf 68' lang='lat' dir='ltr'>l‘elag.</span> <span class='ocrx_word' id='word_1_154' title='bbox 914 1695 973 1741; x_wconf 73' lang='lat'>11,</span> <span class='ocrx_word' id='word_1_155' title='bbox 1000 1694 1049 1732; x_wconf 86' lang='grc'>13</span> <span class='ocrx_word' id='word_1_156' title='bbox 1073 1697 1114 1731; x_wconf 85' lang='lat' dir='ltr'>ct</span> <span class='ocrx_word' id='word_1_157' title='bbox 1152 1693 1363 1731; x_wconf 82' lang='lat' dir='ltr'>Tillemoa-</span> 
     </span>
     <span class='ocr_line' id='line_1_26' title="bbox 412 1756 1363 1805; baseline -0.008 -7"><span class='ocrx_word' id='word_1_158' title='bbox 412 1762 509 1799; x_wconf 88' lang='lat' dir='ltr'>tium</span> <span class='ocrx_word' id='word_1_159' title='bbox 549 1764 643 1797; x_wconf 89' lang='lat' dir='ltr'>tom.</span> <span class='ocrx_word' id='word_1_160' title='bbox 684 1758 779 1804; x_wconf 76' lang='lat' dir='ltr'>XV,</span> <span class='ocrx_word' id='word_1_161' title='bbox 820 1757 1042 1795; x_wconf 83' lang='lat' dir='ltr'>memoriar.</span> <span class='ocrx_word' id='word_1_162' title='bbox 1079 1767 1114 1805; x_wconf 86' lang='lat' dir='ltr'>p.</span> <span class='ocrx_word' id='word_1_163' title='bbox 1143 1756 1209 1793; x_wconf 85' lang='grc'>131</span> <span class='ocrx_word' id='word_1_164' title='bbox 1237 1785 1246 1803; x_wconf 79' lang='grc'>,</span> <span class='ocrx_word' id='word_1_165' title='bbox 1280 1764 1363 1803; x_wconf 86' lang='lat' dir='ltr'>seq.</span> 
     </span>
     <span class='ocr_line' id='line_1_27' title="bbox 411 1826 1358 1877; baseline -0.007 -9"><span class='ocrx_word' id='word_1_166' title='bbox 411 1829 612 1869; x_wconf 83' lang='lat' dir='ltr'>Oudinum</span> <span class='ocrx_word' id='word_1_167' title='bbox 635 1834 727 1866; x_wconf 87' lang='lat' dir='ltr'>tom.</span> <span class='ocrx_word' id='word_1_168' title='bbox 755 1830 790 1866; x_wconf 97' lang='grc'>1.</span> <span class='ocrx_word' id='word_1_169' title='bbox 816 1839 901 1877; x_wconf 80' lang='lat' dir='ltr'>pag.</span> <span class='ocrx_word' id='word_1_170' title='bbox 923 1827 1036 1871; x_wconf 76' lang='grc'>1213,</span> <span class='ocrx_word' id='word_1_171' title='bbox 1055 1836 1113 1874; x_wconf 87' lang='lat' dir='ltr'>sq.</span> <span class='ocrx_word' id='word_1_172' title='bbox 1136 1826 1358 1862; x_wconf 82' lang='lat' dir='ltr'>Honoratus</span> 
     </span>
     <span class='ocr_line' id='line_1_28' title="bbox 413 1886 1359 1937; baseline -0.006 -8"><span class='ocrx_word' id='word_1_173' title='bbox 413 1894 448 1929; x_wconf 90' lang='lat' dir='ltr'>in</span> <span class='ocrx_word' id='word_1_174' title='bbox 472 1893 554 1929; x_wconf 84' lang='lat' dir='ltr'>vita</span> <span class='ocrx_word' id='word_1_175' title='bbox 576 1892 614 1929; x_wconf 80' lang='lat' dir='ltr'>S.</span> <span class='ocrx_word' id='word_1_176' title='bbox 640 1888 791 1928; x_wconf 75' lang='lat' dir='ltr'>Hz&#39;lari&#39;t&#39;</span> <span class='ocrx_word' id='word_1_177' title='bbox 807 1888 1054 1927; x_wconf 65' lang='lat' dir='ltr'>Arelatensis</span> <span class='ocrx_word' id='word_1_178' title='bbox 1078 1897 1162 1937; x_wconf 90' lang='lat' dir='ltr'>cap.</span> <span class='ocrx_word' id='word_1_179' title='bbox 1189 1888 1223 1925; x_wconf 93' lang='grc'>1.</span> <span class='ocrx_word' id='word_1_180' title='bbox 1251 1886 1285 1937; x_wconf 65' lang='grc' dir='ltr'>ξ.</span> <span class='ocrx_word' id='word_1_181' title='bbox 1310 1887 1359 1924; x_wconf 84' lang='grc'>15</span> 
     </span>
     <span class='ocr_line' id='line_1_29' title="bbox 409 1948 1358 2004; baseline -0.006 -12"><span class='ocrx_word' id='word_1_182' title='bbox 409 1953 510 2004; x_wconf 87' lang='lat' dir='ltr'>apud</span> <span class='ocrx_word' id='word_1_183' title='bbox 530 1954 636 1990; x_wconf 67' lang='lat' dir='ltr'>Vinc.</span> <span class='ocrx_word' id='word_1_184' title='bbox 663 1951 865 1998; x_wconf 71' lang='lat' dir='ltr'>Bai-salim,</span> <span class='ocrx_word' id='word_1_185' title='bbox 885 1954 925 1987; x_wconf 81' lang='lat' dir='ltr'>et</span> <span class='ocrx_word' id='word_1_186' title='bbox 949 1949 997 1987; x_wconf 88' lang='lat' dir='ltr'>ad</span> <span class='ocrx_word' id='word_1_187' title='bbox 1023 1950 1045 1987; x_wconf 78' lang='lat'>5</span> <span class='ocrx_word' id='word_1_188' title='bbox 1068 1948 1154 1998; x_wconf 85' lang='lat' dir='ltr'>Maji</span> <span class='ocrx_word' id='word_1_189' title='bbox 1181 1950 1358 1996; x_wconf 77' lang='lat' dir='ltr'>Surium,</span> 
     </span>
     <span class='ocr_line' id='line_1_30' title="bbox 411 2010 1363 2063; baseline -0.005 -10"><span class='ocrx_word' id='word_1_190' title='bbox 411 2014 796 2062; x_wconf 74' lang='lat' dir='ltr'>lis-nselieiiiuniqu‹·:</span> <span class='ocrx_word' id='word_1_191' title='bbox 816 2010 895 2050; x_wconf 81' lang='lat' dir='ltr'>Sed</span> <span class='ocrx_word' id='word_1_192' title='bbox 909 2022 954 2048; x_wconf 82' lang='lat' dir='ltr'>ne</span> <span class='ocrx_word' id='word_1_193' title='bbox 970 2010 1059 2063; x_wconf 79' lang='lat' dir='ltr'>quis</span> <span class='ocrx_word' id='word_1_194' title='bbox 1078 2022 1137 2048; x_wconf 87' lang='lat' dir='ltr'>me</span> <span class='ocrx_word' id='word_1_195' title='bbox 1157 2010 1363 2049; x_wconf 74' lang='lat' dir='ltr'>eaez‘stt&#39;met</span> 
     </span>
     <span class='ocr_line' id='line_1_31' title="bbox 416 2071 1360 2127; baseline -0.004 -15"><span class='ocrx_word' id='word_1_196' title='bbox 416 2075 522 2127; x_wconf 77' lang='lat' dir='ltr'>falsa</span> <span class='ocrx_word' id='word_1_197' title='bbox 559 2075 744 2126; x_wconf 72' lang='lat' dir='ltr'>fortassis</span> <span class='ocrx_word' id='word_1_198' title='bbox 782 2084 990 2118; x_wconf 71' lang='lat' dir='ltr'>asserere,</span> <span class='ocrx_word' id='word_1_199' title='bbox 1027 2071 1289 2110; x_wconf 76' lang='lat' dir='ltr'>testimonium</span> <span class='ocrx_word' id='word_1_200' title='bbox 1318 2072 1360 2109; x_wconf 81' lang='lat' dir='ltr'>B.</span> 
     </span>
     <span class='ocr_line' id='line_1_32' title="bbox 417 2132 1368 2184; baseline -0.005 -9"><span class='ocrx_word' id='word_1_201' title='bbox 417 2136 626 2179; x_wconf 67' lang='lat' dir='ltr'>Eucherii.</span> <span class='ocrx_word' id='word_1_202' title='bbox 668 2134 852 2184; x_wconf 66' lang='lat' dir='ltr'>Episvope·</span> <span class='ocrx_word' id='word_1_203' title='bbox 890 2133 1182 2183; x_wconf 66' lang='lat' dir='ltr'>I.itqtl.j1tstit112</span> <span class='ocrx_word' id='word_1_204' title='bbox 1214 2132 1368 2170; x_wconf 75' lang='lat' dir='ltr'>credidi</span> 
     </span>
     <span class='ocr_line' id='line_1_33' title="bbox 414 2193 1366 2244; baseline -0.003 -11"><span class='ocrx_word' id='word_1_205' title='bbox 414 2196 702 2235; x_wconf 78' lang='lat' dir='ltr'>adhibendum.</span> <span class='ocrx_word' id='word_1_206' title='bbox 728 2195 800 2244; x_wconf 75' lang='lat' dir='ltr'>qni</span> <span class='ocrx_word' id='word_1_207' title='bbox 835 2193 981 2232; x_wconf 73' lang='lat' dir='ltr'>llilarit</span> <span class='ocrx_word' id='word_1_208' title='bbox 1017 2193 1211 2231; x_wconf 73' lang='lat' dir='ltr'>volamine</span> <span class='ocrx_word' id='word_1_209' title='bbox 1239 2204 1366 2243; x_wconf 71' lang='lat' dir='ltr'>prosa</span> 
     </span>
     <span class='ocr_line' id='line_1_34' title="bbox 412 2254 1361 2308; baseline -0.005 -12"><span class='ocrx_word' id='word_1_210' title='bbox 412 2269 610 2308; x_wconf 73' lang='lat' dir='ltr'>versuque</span> <span class='ocrx_word' id='word_1_211' title='bbox 647 2259 828 2308; x_wconf 74' lang='lat' dir='ltr'>percepto</span> <span class='ocrx_word' id='word_1_212' title='bbox 869 2255 923 2292; x_wconf 72' lang='lat' dir='ltr'>ita</span> <span class='ocrx_word' id='word_1_213' title='bbox 956 2254 1174 2305; x_wconf 71' lang='lat' dir='ltr'>respondit:</span> <span class='ocrx_word' id='word_1_214' title='bbox 1210 2256 1361 2292; x_wconf 79' lang='lat' dir='ltr'>lJictum</span> 
     </span>
     <span class='ocr_line' id='line_1_35' title="bbox 409 2316 1364 2367; baseline -0.004 -12"><span class='ocrx_word' id='word_1_215' title='bbox 409 2320 566 2357; x_wconf 74' lang='lat' dir='ltr'>difficile</span> <span class='ocrx_word' id='word_1_216' title='bbox 591 2324 676 2356; x_wconf 78' lang='lat' dir='ltr'>est.</span> <span class='ocrx_word' id='word_1_217' title='bbox 708 2319 842 2367; x_wconf 74' lang='lat' dir='ltr'>quanti</span> <span class='ocrx_word' id='word_1_218' title='bbox 871 2318 963 2355; x_wconf 77' lang='lat' dir='ltr'>mihi</span> <span class='ocrx_word' id='word_1_219' title='bbox 996 2317 1107 2367; x_wconf 85' lang='lat' dir='ltr'>pretii</span> <span class='ocrx_word' id='word_1_220' title='bbox 1133 2317 1279 2355; x_wconf 66' lang='lat' dir='ltr'>fuerint</span> <span class='ocrx_word' id='word_1_221' title='bbox 1303 2316 1364 2353; x_wconf 88' lang='lat' dir='ltr'>lit-</span> 
     </span>
     <span class='ocr_line' id='line_1_36' title="bbox 415 2378 1364 2428; baseline -0.005 -10"><span class='ocrx_word' id='word_1_222' title='bbox 415 2386 521 2419; x_wconf 75' lang='lat' dir='ltr'>terae</span> <span class='ocrx_word' id='word_1_223' title='bbox 544 2381 766 2418; x_wconf 75' lang='lat' dir='ltr'>sanctitatis</span> <span class='ocrx_word' id='word_1_224' title='bbox 789 2384 891 2425; x_wconf 71' lang='lat' dir='ltr'>tuae,</span> <span class='ocrx_word' id='word_1_225' title='bbox 919 2380 954 2416; x_wconf 91' lang='lat' dir='ltr'>in</span> <span class='ocrx_word' id='word_1_226' title='bbox 977 2378 1125 2428; x_wconf 78' lang='lat' dir='ltr'>quibus</span> <span class='ocrx_word' id='word_1_227' title='bbox 1150 2379 1201 2415; x_wconf 90' lang='lat' dir='ltr'>ita</span> <span class='ocrx_word' id='word_1_228' title='bbox 1223 2389 1364 2427; x_wconf 82' lang='lat' dir='ltr'>exper-</span> 
     </span>
     <span class='ocr_line' id='line_1_37' title="bbox 415 2439 1364 2491; baseline -0.004 -12"><span class='ocrx_word' id='word_1_229' title='bbox 415 2448 493 2479; x_wconf 79' lang='lat' dir='ltr'>tam</span> <span class='ocrx_word' id='word_1_230' title='bbox 517 2441 739 2480; x_wconf 77' lang='lat' dir='ltr'>facundiam</span> <span class='ocrx_word' id='word_1_231' title='bbox 766 2442 972 2491; x_wconf 64' lang='lat' dir='ltr'>recognovi</span> <span class='ocrx_word' id='word_1_232' title='bbox 991 2472 1000 2487; x_wconf 82' lang='grc'>,</span> <span class='ocrx_word' id='word_1_233' title='bbox 1041 2442 1148 2479; x_wconf 90' lang='lat' dir='ltr'>sicut</span> <span class='ocrx_word' id='word_1_234' title='bbox 1184 2444 1297 2477; x_wconf 83' lang='lat' dir='ltr'>tenes</span> <span class='ocrx_word' id='word_1_235' title='bbox 1327 2439 1364 2475; x_wconf 87' lang='lat' dir='ltr'>in</span> 
     </span>
     <span class='ocr_line' id='line_1_38' title="bbox 415 2502 1366 2552; baseline -0.003 -12"><span class='ocrx_word' id='word_1_236' title='bbox 415 2505 499 2541; x_wconf 81' lang='lat' dir='ltr'>aliis</span> <span class='ocrx_word' id='word_1_237' title='bbox 525 2503 740 2541; x_wconf 72' lang='lat' dir='ltr'>modestiae</span> <span class='ocrx_word' id='word_1_238' title='bbox 763 2513 1000 2552; x_wconf 85' lang='lat' dir='ltr'>morumque</span> <span class='ocrx_word' id='word_1_239' title='bbox 1017 2502 1201 2552; x_wconf 78' lang='lat' dir='ltr'>operibus</span> <span class='ocrx_word' id='word_1_240' title='bbox 1223 2502 1366 2551; x_wconf 89' lang='lat' dir='ltr'>princi-</span> 
     </span>
     <span class='ocr_line' id='line_1_39' title="bbox 416 2561 1366 2615; baseline -0.001 -15"><span class='ocrx_word' id='word_1_241' title='bbox 416 2570 562 2615; x_wconf 78' lang='lat' dir='ltr'>patum.</span> <span class='ocrx_word' id='word_1_242' title='bbox 589 2564 752 2614; x_wconf 76' lang='lat' dir='ltr'>Ignosce</span> <span class='ocrx_word' id='word_1_243' title='bbox 775 2562 824 2600; x_wconf 88' lang='lat' dir='ltr'>de</span> <span class='ocrx_word' id='word_1_244' title='bbox 855 2568 893 2600; x_wconf 90' lang='lat' dir='ltr'>te</span> <span class='ocrx_word' id='word_1_245' title='bbox 926 2563 1103 2602; x_wconf 83' lang='lat' dir='ltr'>studiose</span> <span class='ocrx_word' id='word_1_246' title='bbox 1136 2564 1284 2601; x_wconf 90' lang='lat' dir='ltr'>minora</span> <span class='ocrx_word' id='word_1_247' title='bbox 1309 2561 1366 2599; x_wconf 91' lang='lat' dir='ltr'>di-</span> 
     </span>
     <span class='ocr_line' id='line_1_40' title="bbox 415 2624 1363 2677; baseline -0.001 -15"><span class='ocrx_word' id='word_1_248' title='bbox 415 2629 547 2673; x_wconf 70' lang='lat' dir='ltr'>renti,</span> <span class='ocrx_word' id='word_1_249' title='bbox 577 2628 668 2677; x_wconf 84' lang='lat' dir='ltr'>quia</span> <span class='ocrx_word' id='word_1_250' title='bbox 698 2636 855 2674; x_wconf 79' lang='lat' dir='ltr'>semper</span> <span class='ocrx_word' id='word_1_251' title='bbox 898 2626 934 2662; x_wconf 89' lang='lat' dir='ltr'>in</span> <span class='ocrx_word' id='word_1_252' title='bbox 972 2624 1261 2675; x_wconf 86' lang='lat' dir='ltr'>praedicatione</span> <span class='ocrx_word' id='word_1_253' title='bbox 1303 2625 1363 2662; x_wconf 85' lang='lat' dir='ltr'>sui</span> 
     </span>
     <span class='ocr_line' id='line_1_41' title="bbox 415 2688 1364 2738; baseline -0.001 -13"><span class='ocrx_word' id='word_1_254' title='bbox 415 2691 542 2728; x_wconf 72' lang='lat' dir='ltr'>virtus</span> <span class='ocrx_word' id='word_1_255' title='bbox 571 2689 781 2735; x_wconf 82' lang='lat' dir='ltr'>erubescit,</span> <span class='ocrx_word' id='word_1_256' title='bbox 804 2699 896 2726; x_wconf 89' lang='lat' dir='ltr'>cum</span> <span class='ocrx_word' id='word_1_257' title='bbox 920 2688 991 2725; x_wconf 89' lang='lat' dir='ltr'>hoe</span> <span class='ocrx_word' id='word_1_258' title='bbox 1017 2689 1145 2738; x_wconf 86' lang='lat' dir='ltr'>ipsum</span> <span class='ocrx_word' id='word_1_259' title='bbox 1173 2697 1364 2724; x_wconf 81' lang='lat' dir='ltr'>verecun-</span> 
     </span>
     <span class='ocr_line' id='line_1_42' title="bbox 414 2749 1198 2800; baseline 0 -16"><span class='ocrx_word' id='word_1_260' title='bbox 414 2750 498 2788; x_wconf 81' lang='lat' dir='ltr'>‹liae</span> <span class='ocrx_word' id='word_1_261' title='bbox 515 2761 641 2800; x_wconf 65' lang='lat' dir='ltr'>,genus</span> <span class='ocrx_word' id='word_1_262' title='bbox 666 2761 756 2800; x_wconf 85' lang='lat' dir='ltr'>pars</span> <span class='ocrx_word' id='word_1_263' title='bbox 782 2759 924 2799; x_wconf 70' lang='lat' dir='ltr'>magna</span> <span class='ocrx_word' id='word_1_264' title='bbox 949 2750 1110 2787; x_wconf 90' lang='lat' dir='ltr'>virtutis</span> <span class='ocrx_word' id='word_1_265' title='bbox 1134 2749 1198 2786; x_wconf 87' lang='lat' dir='ltr'>sit.</span> 
     </span>
    </p>

    <p class='ocr_par' dir='ltr' id='par_1_4' title="bbox 416 2808 1366 3231">
     <span class='ocr_line' id='line_1_43' title="bbox 467 2808 1366 2850; baseline -0.004 0"><span class='ocrx_word' id='word_1_266' title='bbox 467 2813 525 2850; x_wconf 70' lang='lat' dir='ltr'>lix</span> <span class='ocrx_word' id='word_1_267' title='bbox 556 2810 744 2850; x_wconf 74' lang='lat' dir='ltr'>laterculo</span> <span class='ocrx_word' id='word_1_268' title='bbox 773 2812 857 2849; x_wconf 87' lang='lat' dir='ltr'>sive</span> <span class='ocrx_word' id='word_1_269' title='bbox 883 2811 1116 2850; x_wconf 84' lang='lat' dir='ltr'>Calendario</span> <span class='ocrx_word' id='word_1_270' title='bbox 1154 2808 1366 2847; x_wconf 80' lang='lat' dir='ltr'>Ptolemaei</span> 
     </span>
     <span class='ocr_line' id='line_1_44' title="bbox 416 2872 1366 2921; baseline -0.002 -11"><span class='ocrx_word' id='word_1_271' title='bbox 416 2874 499 2910; x_wconf 66' lang='lat' dir='ltr'>siv(¹</span> <span class='ocrx_word' id='word_1_272' title='bbox 517 2874 558 2911; x_wconf 88' lang='lat' dir='ltr'>P.</span> <span class='ocrx_word' id='word_1_273' title='bbox 581 2873 735 2912; x_wconf 79' lang='lat' dir='ltr'>Annaei</span> <span class='ocrx_word' id='word_1_274' title='bbox 757 2873 921 2912; x_wconf 75' lang='lat' dir='ltr'>SYLVll</span> <span class='ocrx_word' id='word_1_275' title='bbox 940 2873 986 2911; x_wconf 89' lang='lat' dir='ltr'>ad</span> <span class='ocrx_word' id='word_1_276' title='bbox 1008 2872 1249 2911; x_wconf 74' lang='lat' dir='ltr'>Eucherium</span> <span class='ocrx_word' id='word_1_277' title='bbox 1276 2872 1366 2921; x_wconf 86' lang='lat' dir='ltr'>Epi—</span> 
     </span>
     <span class='ocr_line' id='line_1_45' title="bbox 416 2930 1366 2985; baseline -0.002 -14"><span class='ocrx_word' id='word_1_278' title='bbox 416 2946 575 2985; x_wconf 78' lang='lat' dir='ltr'>scopum</span> <span class='ocrx_word' id='word_1_279' title='bbox 594 2935 666 2973; x_wconf 81' lang='lat' dir='ltr'>An.</span> <span class='ocrx_word' id='word_1_280' title='bbox 692 2936 779 2974; x_wconf 69' lang='lat'>449.</span> <span class='ocrx_word' id='word_1_281' title='bbox 802 2936 981 2974; x_wconf 80' lang='lat' dir='ltr'>Mensem</span> <span class='ocrx_word' id='word_1_282' title='bbox 1007 2933 1237 2971; x_wconf 87' lang='lat' dir='ltr'>Januarium</span> <span class='ocrx_word' id='word_1_283' title='bbox 1256 2936 1296 2970; x_wconf 90' lang='lat' dir='ltr'>et</span> <span class='ocrx_word' id='word_1_284' title='bbox 1318 2930 1366 2969; x_wconf 90' lang='lat' dir='ltr'>de</span> 
     </span>
     <span class='ocr_line' id='line_1_46' title="bbox 418 2996 1366 3046; baseline -0.003 -12"><span class='ocrx_word' id='word_1_285' title='bbox 418 2997 698 3046; x_wconf 73' lang='lat' dir='ltr'>l’as‹·l1ate‚‹,·t</span> <span class='ocrx_word' id='word_1_286' title='bbox 729 2997 776 3035; x_wconf 83' lang='lat' dir='ltr'>de</span> <span class='ocrx_word' id='word_1_287' title='bbox 816 2996 1022 3035; x_wconf 86' lang='lat' dir='ltr'>mensibus</span> <span class='ocrx_word' id='word_1_288' title='bbox 1059 2996 1146 3034; x_wconf 84' lang='lat' dir='ltr'>aliis</span> <span class='ocrx_word' id='word_1_289' title='bbox 1179 2998 1366 3044; x_wconf 80' lang='lat' dir='ltr'>excerpta</span> 
     </span>
     <span class='ocr_line' id='line_1_47' title="bbox 417 3056 1362 3106; baseline -0.002 -11"><span class='ocrx_word' id='word_1_290' title='bbox 417 3058 607 3106; x_wconf 77' lang='lat' dir='ltr'>quac-dam</span> <span class='ocrx_word' id='word_1_291' title='bbox 625 3059 964 3097; x_wconf 71' lang='lat' dir='ltr'>‹exliibottoannes</span> <span class='ocrx_word' id='word_1_292' title='bbox 977 3057 1188 3096; x_wconf 82' lang='lat' dir='ltr'>Bollandus</span> <span class='ocrx_word' id='word_1_293' title='bbox 1202 3056 1362 3106; x_wconf 79' lang='lat' dir='ltr'>praefat.</span> 
     </span>
     <span class='ocr_line' id='line_1_48' title="bbox 418 3118 1362 3168; baseline 0.001 -14"><span class='ocrx_word' id='word_1_294' title='bbox 418 3118 463 3154; x_wconf 80' lang='lat' dir='ltr'>:id</span> <span class='ocrx_word' id='word_1_295' title='bbox 494 3124 585 3157; x_wconf 79' lang='lat' dir='ltr'>tom.</span> <span class='ocrx_word' id='word_1_296' title='bbox 631 3122 664 3159; x_wconf 87' lang='grc'>1.</span> <span class='ocrx_word' id='word_1_297' title='bbox 699 3121 829 3159; x_wconf 78' lang='lat' dir='ltr'>Actor.</span> <span class='ocrx_word' id='word_1_298' title='bbox 863 3121 1039 3158; x_wconf 84' lang='lat' dir='ltr'>Sanctor.</span> <span class='ocrx_word' id='word_1_299' title='bbox 1070 3119 1242 3158; x_wconf 86' lang='lat' dir='ltr'>Januarii</span> <span class='ocrx_word' id='word_1_300' title='bbox 1275 3128 1362 3168; x_wconf 79' lang='lat' dir='ltr'>pag.</span> 
     </span>
     <span class='ocr_line' id='line_1_49' title="bbox 420 3179 1362 3231; baseline -0.001 -15"><span class='ocrx_word' id='word_1_301' title='bbox 420 3181 563 3218; x_wconf 70' lang='lat' dir='ltr'>XLlll.</span> <span class='ocrx_word' id='word_1_302' title='bbox 590 3194 670 3231; x_wconf 72' lang='lat' dir='ltr'>seq.</span> <span class='ocrx_word' id='word_1_303' title='bbox 698 3181 856 3221; x_wconf 77' lang='lat' dir='ltr'>idemne</span> <span class='ocrx_word' id='word_1_304' title='bbox 893 3182 955 3220; x_wconf 83' lang='lat' dir='ltr'>lllC</span> <span class='ocrx_word' id='word_1_305' title='bbox 995 3182 1046 3219; x_wconf 86' lang='lat' dir='ltr'>sit</span> <span class='ocrx_word' id='word_1_306' title='bbox 1084 3181 1274 3230; x_wconf 62' lang='lat' dir='ltr'>Sylvius,</span> <span class='ocrx_word' id='word_1_307' title='bbox 1299 3179 1362 3217; x_wconf 87' lang='lat' dir='ltr'>cui</span> 
     </span>
    </p>
   </div>
   <div class='ocr_carea' id='block_1_3' title="bbox 475 3318 1316 3353">
    <p class='ocr_par' dir='ltr' id='par_1_5' title="bbox 475 3318 1316 3353">
     <span class='ocr_line' id='line_1_50' title="bbox 475 3318 1316 3353; baseline 0.004 -7"><span class='ocrx_word' id='word_1_308' title='bbox 475 3325 490 3343; x_wconf 77' lang='lat' dir='ltr'>a</span> <span class='ocrx_word' id='word_1_309' title='bbox 531 3321 676 3353; x_wconf 72' lang='lat' dir='ltr'>Quatuor</span> <span class='ocrx_word' id='word_1_310' title='bbox 702 3318 801 3349; x_wconf 75' lang='lat' dir='ltr'>libros</span> <span class='ocrx_word' id='word_1_311' title='bbox 825 3320 863 3350; x_wconf 83' lang='lat' dir='ltr'>dc</span> <span class='ocrx_word' id='word_1_312' title='bbox 882 3321 1048 3351; x_wconf 59' lang='lat' dir='ltr'>instituti:</span> <span class='ocrx_word' id='word_1_313' title='bbox 1068 3319 1316 3351; x_wconf 76' lang='lat' dir='ltr'>Coenobioruin.</span> 
     </span>
    </p>
   </div>
   <div class='ocr_carea' id='block_1_4' title="bbox 1435 274 2391 330">
    <p class='ocr_par' dir='ltr' id='par_1_6' title="bbox 1435 274 2391 330">
     <span class='ocr_line' id='line_1_51' title="bbox 1435 274 2391 330; baseline 0.008 -18"><span class='ocrx_word' id='word_1_314' title='bbox 1435 274 1659 312; x_wconf 79' lang='lat' dir='ltr'>Eucherius</span> <span class='ocrx_word' id='word_1_315' title='bbox 1691 277 1912 325; x_wconf 85' lang='lat' dir='ltr'>passionem</span> <span class='ocrx_word' id='word_1_316' title='bbox 1949 279 2061 330; x_wconf 77' lang='lat' dir='ltr'>Legis</span> <span class='ocrx_word' id='word_1_317' title='bbox 2089 279 2296 319; x_wconf 87' lang='lat' dir='ltr'>Thebaeae</span> <span class='ocrx_word' id='word_1_318' title='bbox 2324 281 2391 321; x_wconf 87' lang='lat' dir='ltr'>de-</span> 
     </span>
    </p>
   </div>
   <div class='ocr_carea' id='block_1_5' title="bbox 1435 335 2394 386">
    <p class='ocr_par' dir='ltr' id='par_1_7' title="bbox 1435 335 2394 386">
     <span class='ocr_line' id='line_1_52' title="bbox 1435 335 2394 386; baseline 0.008 -12"><span class='ocrx_word' id='word_1_319' title='bbox 1435 336 1608 383; x_wconf 86' lang='lat' dir='ltr'>dicavit,</span> <span class='ocrx_word' id='word_1_320' title='bbox 1647 335 1833 386; x_wconf 85' lang='lat' dir='ltr'>disquirit</span> <span class='ocrx_word' id='word_1_321' title='bbox 1862 340 2139 380; x_wconf 85' lang='lat' dir='ltr'>Tillemontius</span> <span class='ocrx_word' id='word_1_322' title='bbox 2178 345 2272 380; x_wconf 89' lang='lat' dir='ltr'>tom.</span> <span class='ocrx_word' id='word_1_323' title='bbox 2303 343 2394 382; x_wconf 88' lang='lat' dir='ltr'>XV.</span> 
     </span>
    </p>
   </div>
   <div class='ocr_carea' id='block_1_6' title="bbox 1435 397 1642 448">
    <p class='ocr_par' dir='ltr' id='par_1_8' title="bbox 1435 397 1642 448">
     <span class='ocr_line' id='line_1_53' title="bbox 1435 397 1642 448; baseline 0 -13"><span class='ocrx_word' id='word_1_324' title='bbox 1435 408 1522 448; x_wconf 74' lang='lat' dir='ltr'>pag.</span> <span class='ocrx_word' id='word_1_325' title='bbox 1555 397 1642 436; x_wconf 73' lang='grc'>134.</span> 
     </span>
    </p>
   </div>
   <div class='ocr_carea' id='block_1_7' title="bbox 1487 459 2393 516">
    <p class='ocr_par' dir='ltr' id='par_1_9' title="bbox 1487 459 2393 516">
     <span class='ocr_line' id='line_1_54' title="bbox 1487 459 2393 516; baseline 0.009 -19"><span class='ocrx_word' id='word_1_326' title='bbox 1487 459 1789 508; x_wconf 82' lang='lat' dir='ltr'>EUCHERIUS,</span> <span class='ocrx_word' id='word_1_327' title='bbox 1811 472 1888 499; x_wconf 87' lang='lat' dir='ltr'>non</span> <span class='ocrx_word' id='word_1_328' title='bbox 1916 463 2222 516; x_wconf 82' lang='lat' dir='ltr'>Lugdunensis,</span> <span class='ocrx_word' id='word_1_329' title='bbox 2247 465 2315 504; x_wconf 87' lang='lat' dir='ltr'>sed</span> <span class='ocrx_word' id='word_1_330' title='bbox 2337 466 2393 505; x_wconf 80' lang='lat' dir='ltr'>al-</span> 
     </span>
    </p>
   </div>
   <div class='ocr_carea' id='block_1_8' title="bbox 1434 521 2394 3228">
    <p class='ocr_par' dir='ltr' id='par_1_10' title="bbox 1434 521 2392 1191">
     <span class='ocr_line' id='line_1_55' title="bbox 1435 521 2392 573; baseline 0.008 -15"><span class='ocrx_word' id='word_1_331' title='bbox 1435 523 1561 561; x_wconf 83' lang='lat' dir='ltr'>terius</span> <span class='ocrx_word' id='word_1_332' title='bbox 1587 521 1719 570; x_wconf 87' lang='lat' dir='ltr'>sedis,</span> <span class='ocrx_word' id='word_1_333' title='bbox 1745 523 1980 563; x_wconf 82' lang='lat' dir='ltr'>Provinciae</span> <span class='ocrx_word' id='word_1_334' title='bbox 2002 530 2071 571; x_wconf 85' lang='lat' dir='ltr'>‚ut</span> <span class='ocrx_word' id='word_1_335' title='bbox 2085 527 2269 573; x_wconf 76' lang='lat' dir='ltr'>videtur,</span> <span class='ocrx_word' id='word_1_336' title='bbox 2294 526 2392 566; x_wconf 81' lang='lat' dir='ltr'>Are-</span> 
     </span>
     <span class='ocr_line' id='line_1_56' title="bbox 1434 583 2390 635; baseline 0.006 -15"><span class='ocrx_word' id='word_1_337' title='bbox 1434 583 1599 622; x_wconf 76' lang='lat' dir='ltr'>latensis</span> <span class='ocrx_word' id='word_1_338' title='bbox 1626 584 1875 635; x_wconf 82' lang='lat' dir='ltr'>Episcopus,</span> <span class='ocrx_word' id='word_1_339' title='bbox 1900 586 1967 634; x_wconf 89' lang='lat' dir='ltr'>qui</span> <span class='ocrx_word' id='word_1_340' title='bbox 1998 586 2179 626; x_wconf 78' lang='lat' dir='ltr'>interfuit</span> <span class='ocrx_word' id='word_1_341' title='bbox 2214 588 2390 628; x_wconf 88' lang='lat' dir='ltr'>subscri-</span> 
     </span>
     <span class='ocr_line' id='line_1_57' title="bbox 1436 646 2390 696; baseline 0.007 -15"><span class='ocrx_word' id='word_1_342' title='bbox 1436 647 1593 696; x_wconf 87' lang='lat' dir='ltr'>psitque</span> <span class='ocrx_word' id='word_1_343' title='bbox 1631 646 1817 685; x_wconf 91' lang='lat' dir='ltr'>Conciliis</span> <span class='ocrx_word' id='word_1_344' title='bbox 1851 646 2074 686; x_wconf 78' lang='lat' dir='ltr'>Arelatensi</span> <span class='ocrx_word' id='word_1_345' title='bbox 2107 649 2168 687; x_wconf 93' lang='lat' dir='ltr'>1v.</span> <span class='ocrx_word' id='word_1_346' title='bbox 2199 650 2275 689; x_wconf 88' lang='lat' dir='ltr'>An.</span> <span class='ocrx_word' id='word_1_347' title='bbox 2300 651 2390 690; x_wconf 65' lang='lat'>524.</span> 
     </span>
     <span class='ocr_line' id='line_1_58' title="bbox 1434 707 2390 758; baseline 0.006 -14"><span class='ocrx_word' id='word_1_348' title='bbox 1434 708 1782 758; x_wconf 82' lang='lat' dir='ltr'>Carpentoratensi</span> <span class='ocrx_word' id='word_1_349' title='bbox 1819 707 1893 746; x_wconf 81' lang='lat' dir='ltr'>An.</span> <span class='ocrx_word' id='word_1_350' title='bbox 1930 707 2019 747; x_wconf 82' lang='grc'>527.</span> <span class='ocrx_word' id='word_1_351' title='bbox 2053 708 2294 750; x_wconf 87' lang='lat' dir='ltr'>Arausicano</span> <span class='ocrx_word' id='word_1_352' title='bbox 2350 716 2390 749; x_wconf 89' lang='lat' dir='ltr'>et</span> 
     </span>
     <span class='ocr_line' id='line_1_59' title="bbox 1436 769 2386 812; baseline 0.005 -5"><span class='ocrx_word' id='word_1_353' title='bbox 1436 769 1601 808; x_wconf 85' lang='lat' dir='ltr'>Vasensi</span> <span class='ocrx_word' id='word_1_354' title='bbox 1619 769 1692 808; x_wconf 84' lang='lat' dir='ltr'>An.</span> <span class='ocrx_word' id='word_1_355' title='bbox 1720 769 1808 808; x_wconf 76' lang='lat'>529.</span> <span class='ocrx_word' id='word_1_356' title='bbox 1826 771 1894 808; x_wconf 87' lang='lat' dir='ltr'>Hic</span> <span class='ocrx_word' id='word_1_357' title='bbox 1919 771 2074 809; x_wconf 85' lang='lat' dir='ltr'>amicus</span> <span class='ocrx_word' id='word_1_358' title='bbox 2094 772 2266 811; x_wconf 86' lang='lat' dir='ltr'>Caesarii</span> <span class='ocrx_word' id='word_1_359' title='bbox 2290 772 2386 812; x_wconf 88' lang='lat' dir='ltr'>Are—</span> 
     </span>
     <span class='ocr_line' id='line_1_60' title="bbox 1436 831 2389 883; baseline 0.004 -14"><span class='ocrx_word' id='word_1_360' title='bbox 1436 831 1627 879; x_wconf 79' lang='lat' dir='ltr'>latensis,</span> <span class='ocrx_word' id='word_1_361' title='bbox 1652 831 1701 870; x_wconf 87' lang='lat' dir='ltr'>de</span> <span class='ocrx_word' id='word_1_362' title='bbox 1724 843 1802 882; x_wconf 90' lang='lat' dir='ltr'>quo</span> <span class='ocrx_word' id='word_1_363' title='bbox 1826 832 2053 883; x_wconf 84' lang='lat' dir='ltr'>Cyprianus</span> <span class='ocrx_word' id='word_1_364' title='bbox 2088 833 2321 873; x_wconf 85' lang='lat' dir='ltr'>Tolonensis</span> <span class='ocrx_word' id='word_1_365' title='bbox 2350 837 2389 873; x_wconf 89' lang='lat' dir='ltr'>in</span> 
     </span>
     <span class='ocr_line' id='line_1_61' title="bbox 1436 893 2372 948; baseline 0.004 -16"><span class='ocrx_word' id='word_1_366' title='bbox 1436 893 1608 932; x_wconf 86' lang='lat' dir='ltr'>Caesarii</span> <span class='ocrx_word' id='word_1_367' title='bbox 1627 895 1709 932; x_wconf 86' lang='lat' dir='ltr'>vita</span> <span class='ocrx_word' id='word_1_368' title='bbox 1723 905 1808 944; x_wconf 89' lang='lat' dir='ltr'>cap.</span> <span class='ocrx_word' id='word_1_369' title='bbox 1826 895 1877 934; x_wconf 82' lang='grc'>22</span> <span class='ocrx_word' id='word_1_370' title='bbox 1897 894 2002 945; x_wconf 88' lang='lat' dir='ltr'>apud</span> <span class='ocrx_word' id='word_1_371' title='bbox 2023 895 2185 934; x_wconf 87' lang='lat' dir='ltr'>Surium</span> <span class='ocrx_word' id='word_1_372' title='bbox 2203 895 2266 936; x_wconf 76' lang='lat'>27.</span> <span class='ocrx_word' id='word_1_373' title='bbox 2285 896 2372 948; x_wconf 81' lang='lat' dir='ltr'>Aug</span> 
     </span>
     <span class='ocr_line' id='line_1_62' title="bbox 1436 955 2385 1008; baseline 0.002 -14"><span class='ocrx_word' id='word_1_374' title='bbox 1436 955 1659 994; x_wconf 84' lang='lat' dir='ltr'>Eucherius</span> <span class='ocrx_word' id='word_1_375' title='bbox 1698 956 1772 993; x_wconf 87' lang='lat' dir='ltr'>iste</span> <span class='ocrx_word' id='word_1_376' title='bbox 1818 956 1868 994; x_wconf 88' lang='lat' dir='ltr'>ibi</span> <span class='ocrx_word' id='word_1_377' title='bbox 1907 956 2069 1007; x_wconf 89' lang='lat' dir='ltr'>quidem</span> <span class='ocrx_word' id='word_1_378' title='bbox 2111 956 2385 1008; x_wconf 75' lang='lat' dir='ltr'>Luydunensis</span> 
     </span>
     <span class='ocr_line' id='line_1_63' title="bbox 1435 1017 2389 1069; baseline 0.003 -15"><span class='ocrx_word' id='word_1_379' title='bbox 1435 1017 1655 1068; x_wconf 78' lang='lat' dir='ltr'>Episcopus</span> <span class='ocrx_word' id='word_1_380' title='bbox 1688 1017 1933 1068; x_wconf 86' lang='lat' dir='ltr'>appellatur,</span> <span class='ocrx_word' id='word_1_381' title='bbox 1966 1018 2035 1057; x_wconf 90' lang='lat' dir='ltr'>sed</span> <span class='ocrx_word' id='word_1_382' title='bbox 2059 1019 2096 1056; x_wconf 90' lang='lat' dir='ltr'>in</span> <span class='ocrx_word' id='word_1_383' title='bbox 2121 1023 2292 1069; x_wconf 86' lang='lat' dir='ltr'>quatuor</span> <span class='ocrx_word' id='word_1_384' title='bbox 2317 1019 2389 1059; x_wconf 90' lang='lat' dir='ltr'>Co-</span> 
     </span>
     <span class='ocr_line' id='line_1_64' title="bbox 1434 1080 2382 1131; baseline 0.005 -15"><span class='ocrx_word' id='word_1_385' title='bbox 1434 1080 1587 1118; x_wconf 85' lang='lat' dir='ltr'>dicibus</span> <span class='ocrx_word' id='word_1_386' title='bbox 1610 1080 1755 1129; x_wconf 72' lang='lat' dir='ltr'>mstis,</span> <span class='ocrx_word' id='word_1_387' title='bbox 1779 1091 1880 1130; x_wconf 88' lang='lat' dir='ltr'>quos</span> <span class='ocrx_word' id='word_1_388' title='bbox 1919 1081 2090 1131; x_wconf 85' lang='lat' dir='ltr'>inspexit</span> <span class='ocrx_word' id='word_1_389' title='bbox 2123 1080 2351 1121; x_wconf 87' lang='lat' dir='ltr'>Antelmius</span> <span class='ocrx_word' id='word_1_390' title='bbox 2373 1111 2382 1130; x_wconf 88' lang='lat'>‚</span> 
     </span>
     <span class='ocr_line' id='line_1_65' title="bbox 1435 1140 2096 1191; baseline 0.005 -13"><span class='ocrx_word' id='word_1_391' title='bbox 1435 1153 1512 1180; x_wconf 80' lang='lat' dir='ltr'>vox</span> <span class='ocrx_word' id='word_1_392' title='bbox 1535 1140 1808 1191; x_wconf 59' lang='lat' dir='ltr'>Lugdunensis</span> <span class='ocrx_word' id='word_1_393' title='bbox 1833 1142 2096 1182; x_wconf 89' lang='lat' dir='ltr'>desideratur.</span> 
     </span>
    </p>

    <p class='ocr_par' dir='ltr' id='par_1_11' title="bbox 1436 1203 2392 1801">
     <span class='ocr_line' id='line_1_66' title="bbox 1489 1203 2384 1257; baseline 0.003 -15"><span class='ocrx_word' id='word_1_394' title='bbox 1489 1204 1801 1253; x_wconf 70' lang='lat' dir='ltr'>EUCHERNJS,</span> <span class='ocrx_word' id='word_1_395' title='bbox 1826 1203 2125 1243; x_wconf 84' lang='lat' dir='ltr'>Aurelianensis</span> <span class='ocrx_word' id='word_1_396' title='bbox 2147 1206 2384 1257; x_wconf 88' lang='lat' dir='ltr'>Episcopus⁷</span> 
     </span>
     <span class='ocr_line' id='line_1_67' title="bbox 1437 1265 2389 1315; baseline 0.004 -14"><span class='ocrx_word' id='word_1_397' title='bbox 1437 1265 1505 1303; x_wconf 79' lang='lat' dir='ltr'>sed</span> <span class='ocrx_word' id='word_1_398' title='bbox 1530 1265 1602 1304; x_wconf 83' lang='lat' dir='ltr'>An.</span> <span class='ocrx_word' id='word_1_399' title='bbox 1629 1265 1705 1304; x_wconf 88' lang='grc'>727</span> <span class='ocrx_word' id='word_1_400' title='bbox 1733 1267 1882 1304; x_wconf 87' lang='lat' dir='ltr'>missus</span> <span class='ocrx_word' id='word_1_401' title='bbox 1908 1267 1946 1303; x_wconf 91' lang='lat' dir='ltr'>in</span> <span class='ocrx_word' id='word_1_402' title='bbox 1968 1266 2146 1315; x_wconf 84' lang='lat' dir='ltr'>exilium,</span> <span class='ocrx_word' id='word_1_403' title='bbox 2170 1270 2211 1306; x_wconf 87' lang='lat' dir='ltr'>et</span> <span class='ocrx_word' id='word_1_404' title='bbox 2240 1268 2279 1305; x_wconf 88' lang='lat' dir='ltr'>in</span> <span class='ocrx_word' id='word_1_405' title='bbox 2302 1277 2389 1305; x_wconf 88' lang='lat' dir='ltr'>coe-</span> 
     </span>
     <span class='ocr_line' id='line_1_68' title="bbox 1437 1327 2389 1378; baseline 0.003 -15"><span class='ocrx_word' id='word_1_406' title='bbox 1437 1327 1549 1364; x_wconf 86' lang='lat' dir='ltr'>nobio</span> <span class='ocrx_word' id='word_1_407' title='bbox 1588 1328 1785 1366; x_wconf 89' lang='lat' dir='ltr'>Trudonis</span> <span class='ocrx_word' id='word_1_408' title='bbox 1823 1329 1859 1365; x_wconf 89' lang='lat' dir='ltr'>in</span> <span class='ocrx_word' id='word_1_409' title='bbox 1896 1328 2029 1378; x_wconf 83' lang='lat' dir='ltr'>Belgio</span> <span class='ocrx_word' id='word_1_410' title='bbox 2065 1327 2281 1367; x_wconf 82' lang='lat' dir='ltr'>defunctus</span> <span class='ocrx_word' id='word_1_411' title='bbox 2314 1327 2389 1367; x_wconf 82' lang='lat' dir='ltr'>An.</span> 
     </span>
     <span class='ocr_line' id='line_1_69' title="bbox 1437 1389 2391 1442; baseline 0.004 -16"><span class='ocrx_word' id='word_1_412' title='bbox 1437 1389 1527 1428; x_wconf 70' lang='lat'>743.</span> <span class='ocrx_word' id='word_1_413' title='bbox 1552 1389 1650 1440; x_wconf 83' lang='lat' dir='ltr'>Ejus</span> <span class='ocrx_word' id='word_1_414' title='bbox 1673 1389 1758 1428; x_wconf 76' lang='lat' dir='ltr'>vita</span> <span class='ocrx_word' id='word_1_415' title='bbox 1787 1401 1808 1429; x_wconf 88' lang='lat' dir='ltr'>a</span> <span class='ocrx_word' id='word_1_416' title='bbox 1837 1389 2063 1440; x_wconf 86' lang='lat' dir='ltr'>synchrono</span> <span class='ocrx_word' id='word_1_417' title='bbox 2097 1391 2288 1442; x_wconf 85' lang='lat' dir='ltr'>scriptore</span> <span class='ocrx_word' id='word_1_418' title='bbox 2313 1395 2391 1430; x_wconf 86' lang='lat' dir='ltr'>tra-</span> 
     </span>
     <span class='ocr_line' id='line_1_70' title="bbox 1437 1451 2392 1502; baseline 0.004 -15"><span class='ocrx_word' id='word_1_419' title='bbox 1437 1451 1516 1490; x_wconf 90' lang='lat' dir='ltr'>dita</span> <span class='ocrx_word' id='word_1_420' title='bbox 1537 1456 1648 1490; x_wconf 80' lang='lat' dir='ltr'>extat</span> <span class='ocrx_word' id='word_1_421' title='bbox 1671 1451 1775 1502; x_wconf 90' lang='lat' dir='ltr'>apud</span> <span class='ocrx_word' id='word_1_422' title='bbox 1800 1452 1961 1491; x_wconf 79' lang='lat' dir='ltr'>Surium</span> <span class='ocrx_word' id='word_1_423' title='bbox 1988 1452 2038 1491; x_wconf 75' lang='lat'>20</span> <span class='ocrx_word' id='word_1_424' title='bbox 2063 1452 2174 1491; x_wconf 87' lang='lat' dir='ltr'>Febr.</span> <span class='ocrx_word' id='word_1_425' title='bbox 2199 1456 2240 1491; x_wconf 89' lang='lat' dir='ltr'>et</span> <span class='ocrx_word' id='word_1_426' title='bbox 2263 1453 2392 1492; x_wconf 78' lang='lat' dir='ltr'>since—</span> 
     </span>
     <span class='ocr_line' id='line_1_71' title="bbox 1438 1514 2390 1553; baseline 0.002 -2"><span class='ocrx_word' id='word_1_427' title='bbox 1438 1515 1514 1552; x_wconf 83' lang='lat' dir='ltr'>rior</span> <span class='ocrx_word' id='word_1_428' title='bbox 1534 1516 1570 1552; x_wconf 91' lang='lat' dir='ltr'>iu</span> <span class='ocrx_word' id='word_1_429' title='bbox 1596 1514 1706 1553; x_wconf 80' lang='lat' dir='ltr'>Actis</span> <span class='ocrx_word' id='word_1_430' title='bbox 1730 1516 1966 1553; x_wconf 84' lang='lat' dir='ltr'>Sanctorum</span> <span class='ocrx_word' id='word_1_431' title='bbox 2001 1514 2203 1553; x_wconf 88' lang='lat' dir='ltr'>Februarii</span> <span class='ocrx_word' id='word_1_432' title='bbox 2232 1518 2327 1553; x_wconf 91' lang='lat' dir='ltr'>tom.</span> <span class='ocrx_word' id='word_1_433' title='bbox 2354 1514 2390 1553; x_wconf 89' lang='lat'>3.</span> 
     </span>
     <span class='ocr_line' id='line_1_72' title="bbox 1436 1574 2387 1626; baseline 0.001 -13"><span class='ocrx_word' id='word_1_434' title='bbox 1436 1588 1520 1626; x_wconf 73' lang='lat' dir='ltr'>pag.</span> <span class='ocrx_word' id='word_1_435' title='bbox 1540 1577 1630 1615; x_wconf 80' lang='grc'>217.</span> <span class='ocrx_word' id='word_1_436' title='bbox 1655 1577 1697 1614; x_wconf 83' lang='grc' dir='ltr'>1η</span> <span class='ocrx_word' id='word_1_437' title='bbox 1725 1575 1864 1614; x_wconf 87' lang='lat' dir='ltr'>iisdem</span> <span class='ocrx_word' id='word_1_438' title='bbox 1889 1576 1999 1614; x_wconf 87' lang='lat' dir='ltr'>Actis</span> <span class='ocrx_word' id='word_1_439' title='bbox 2020 1574 2069 1614; x_wconf 88' lang='lat' dir='ltr'>ad</span> <span class='ocrx_word' id='word_1_440' title='bbox 2093 1575 2262 1614; x_wconf 85' lang='lat' dir='ltr'>eandem</span> <span class='ocrx_word' id='word_1_441' title='bbox 2282 1575 2387 1614; x_wconf 87' lang='lat' dir='ltr'>diem</span> 
     </span>
     <span class='ocr_line' id='line_1_73' title="bbox 1436 1636 2390 1690; baseline -0.001 -14"><span class='ocrx_word' id='word_1_442' title='bbox 1436 1651 1523 1690; x_wconf 80' lang='lat' dir='ltr'>pag.</span> <span class='ocrx_word' id='word_1_443' title='bbox 1548 1638 1620 1677; x_wconf 88' lang='grc'>177</span> <span class='ocrx_word' id='word_1_444' title='bbox 1644 1668 1652 1685; x_wconf 83' lang='grc'>,</span> <span class='ocrx_word' id='word_1_445' title='bbox 1677 1649 1760 1689; x_wconf 85' lang='lat' dir='ltr'>seq.</span> <span class='ocrx_word' id='word_1_446' title='bbox 1795 1638 1844 1677; x_wconf 92' lang='lat' dir='ltr'>de</span> <span class='ocrx_word' id='word_1_447' title='bbox 1875 1636 2132 1677; x_wconf 84' lang='lat' dir='ltr'>EUCHERIO</span> <span class='ocrx_word' id='word_1_448' title='bbox 2167 1638 2390 1688; x_wconf 84' lang='lat' dir='ltr'>Tungrensi</span> 
     </span>
     <span class='ocr_line' id='line_1_74' title="bbox 1437 1698 2390 1750; baseline -0.001 -12"><span class='ocrx_word' id='word_1_449' title='bbox 1437 1705 1477 1738; x_wconf 78' lang='lat' dir='ltr'>et</span> <span class='ocrx_word' id='word_1_450' title='bbox 1499 1700 1722 1749; x_wconf 70' lang='lat' dir='ltr'>&#39;l&#39;rajectino</span> <span class='ocrx_word' id='word_1_451' title='bbox 1741 1699 1787 1738; x_wconf 89' lang='lat' dir='ltr'>ad</span> <span class='ocrx_word' id='word_1_452' title='bbox 1808 1701 1954 1738; x_wconf 85' lang='lat' dir='ltr'>Mosam</span> <span class='ocrx_word' id='word_1_453' title='bbox 1972 1700 2185 1750; x_wconf 86' lang='lat' dir='ltr'>Episcopo,</span> <span class='ocrx_word' id='word_1_454' title='bbox 2202 1698 2390 1738; x_wconf 80' lang='lat' dir='ltr'>defuncto</span> 
     </span>
     <span class='ocr_line' id='line_1_75' title="bbox 1436 1762 1628 1801; baseline -0.01 -1"><span class='ocrx_word' id='word_1_455' title='bbox 1436 1762 1509 1800; x_wconf 79' lang='lat' dir='ltr'>An.</span> <span class='ocrx_word' id='word_1_456' title='bbox 1537 1762 1628 1801; x_wconf 75' lang='grc'>526.</span> 
     </span>
    </p>

    <p class='ocr_par' dir='ltr' id='par_1_12' title="bbox 1490 1822 2278 1872">
     <span class='ocr_line' id='line_1_76' title="bbox 1490 1822 2278 1872; baseline -0.003 -10"><span class='ocrx_word' id='word_1_457' title='bbox 1490 1823 1791 1863; x_wconf 80' lang='lat' dir='ltr'>EVERARDUS</span> <span class='ocrx_word' id='word_1_458' title='bbox 1810 1854 1820 1872; x_wconf 85' lang='lat'><em>,</em></span> <span class='ocrx_word' id='word_1_459' title='bbox 1849 1824 1972 1870; x_wconf 82' lang='lat' dir='ltr'>infra,</span> <span class='ocrx_word' id='word_1_460' title='bbox 1996 1822 2278 1862; x_wconf 87' lang='lat' dir='ltr'>EVRARDUS.</span> 
     </span>
    </p>

    <p class='ocr_par' dir='ltr' id='par_1_13' title="bbox 1487 1884 2255 1934">
     <span class='ocr_line' id='line_1_77' title="bbox 1487 1884 2255 1934; baseline -0.003 -10"><span class='ocrx_word' id='word_1_461' title='bbox 1487 1886 1706 1925; x_wconf 79' lang='lat' dir='ltr'>EVERBIN</span> <span class='ocrx_word' id='word_1_462' title='bbox 1716 1886 1776 1924; x_wconf 92' lang='lat' dir='ltr'>US</span> <span class='ocrx_word' id='word_1_463' title='bbox 1791 1916 1802 1934; x_wconf 78' lang='lat'><em>‚</em></span> <span class='ocrx_word' id='word_1_464' title='bbox 1828 1885 1928 1923; x_wconf 85' lang='lat' dir='ltr'>infra</span> <span class='ocrx_word' id='word_1_465' title='bbox 1952 1884 2255 1924; x_wconf 89' lang='lat' dir='ltr'>EVERVINUS.</span> 
     </span>
    </p>

    <p class='ocr_par' dir='ltr' id='par_1_14' title="bbox 1438 1945 2394 2428">
     <span class='ocr_line' id='line_1_78' title="bbox 1490 1945 2384 1996; baseline -0.001 -10"><span class='ocrx_word' id='word_1_466' title='bbox 1490 1948 1527 1986; x_wconf 94' lang='lat' dir='ltr'>S.</span> <span class='ocrx_word' id='word_1_467' title='bbox 1571 1946 1910 1986; x_wconf 78' lang='lat' dir='ltr'>EVERHARDUS</span> <span class='ocrx_word' id='word_1_468' title='bbox 1946 1948 2035 1985; x_wconf 86' lang='lat' dir='ltr'>Dux</span> <span class='ocrx_word' id='word_1_469' title='bbox 2072 1945 2384 1996; x_wconf 87' lang='lat' dir='ltr'>Forojuliensis,</span> 
     </span>
     <span class='ocr_line' id='line_1_79' title="bbox 1438 2009 2392 2059; baseline 0 -12"><span class='ocrx_word' id='word_1_470' title='bbox 1438 2022 1559 2059; x_wconf 70' lang='lat' dir='ltr'>gener</span> <span class='ocrx_word' id='word_1_471' title='bbox 1583 2009 1772 2048; x_wconf 86' lang='lat' dir='ltr'>Ludovici</span> <span class='ocrx_word' id='word_1_472' title='bbox 1796 2010 1849 2046; x_wconf 89' lang='lat' dir='ltr'>Pii</span> <span class='ocrx_word' id='word_1_473' title='bbox 1872 2010 1968 2059; x_wconf 90' lang='lat' dir='ltr'>Imp.</span> <span class='ocrx_word' id='word_1_474' title='bbox 1994 2013 2035 2046; x_wconf 89' lang='lat' dir='ltr'>et</span> <span class='ocrx_word' id='word_1_475' title='bbox 2060 2010 2174 2048; x_wconf 87' lang='lat' dir='ltr'>Pater</span> <span class='ocrx_word' id='word_1_476' title='bbox 2197 2010 2392 2059; x_wconf 82' lang='lat' dir='ltr'>Berenga—</span> 
     </span>
     <span class='ocr_line' id='line_1_80' title="bbox 1439 2069 2390 2121; baseline 0 -13"><span class='ocrx_word' id='word_1_477' title='bbox 1439 2072 1483 2108; x_wconf 82' lang='lat' dir='ltr'>rii</span> <span class='ocrx_word' id='word_1_478' title='bbox 1524 2071 1657 2109; x_wconf 86' lang='lat' dir='ltr'>ltaliae</span> <span class='ocrx_word' id='word_1_479' title='bbox 1700 2072 1826 2121; x_wconf 79' lang='lat' dir='ltr'>Regis.</span> <span class='ocrx_word' id='word_1_480' title='bbox 1876 2071 2162 2110; x_wconf 78' lang='lat' dir='ltr'>Testamentum</span> <span class='ocrx_word' id='word_1_481' title='bbox 2194 2069 2270 2109; x_wconf 82' lang='lat' dir='ltr'>An.</span> <span class='ocrx_word' id='word_1_482' title='bbox 2312 2070 2390 2109; x_wconf 83' lang='lat'>835</span> 
     </span>
     <span class='ocr_line' id='line_1_81' title="bbox 1441 2130 2394 2181; baseline 0 -12"><span class='ocrx_word' id='word_1_483' title='bbox 1441 2133 1633 2181; x_wconf 83' lang='lat' dir='ltr'>scriptum</span> <span class='ocrx_word' id='word_1_484' title='bbox 1672 2132 1794 2170; x_wconf 86' lang='lat' dir='ltr'>edidit</span> <span class='ocrx_word' id='word_1_485' title='bbox 1832 2133 2055 2171; x_wconf 84' lang='lat' dir='ltr'>Florentius</span> <span class='ocrx_word' id='word_1_486' title='bbox 2083 2133 2259 2171; x_wconf 87' lang='lat' dir='ltr'>Haraeus</span> <span class='ocrx_word' id='word_1_487' title='bbox 2296 2130 2394 2170; x_wconf 90' lang='lat' dir='ltr'>libro</span> 
     </span>
     <span class='ocr_line' id='line_1_82' title="bbox 1441 2191 2389 2240; baseline 0.001 -11"><span class='ocrx_word' id='word_1_488' title='bbox 1441 2194 1588 2231; x_wconf 81' lang='lat' dir='ltr'>(iallice</span> <span class='ocrx_word' id='word_1_489' title='bbox 1617 2193 1723 2231; x_wconf 85' lang='lat' dir='ltr'>edito</span> <span class='ocrx_word' id='word_1_490' title='bbox 1748 2192 1797 2231; x_wconf 85' lang='lat' dir='ltr'>de</span> <span class='ocrx_word' id='word_1_491' title='bbox 1823 2193 2061 2232; x_wconf 88' lang='lat' dir='ltr'>Castellanis</span> <span class='ocrx_word' id='word_1_492' title='bbox 2087 2191 2389 2240; x_wconf 87' lang='lat' dir='ltr'>lnsulensibus,</span> 
     </span>
     <span class='ocr_line' id='line_1_83' title="bbox 1440 2254 2393 2305; baseline -0.001 -13"><span class='ocrx_word' id='word_1_493' title='bbox 1440 2255 1586 2292; x_wconf 79' lang='lat' dir='ltr'>Insulis</span> <span class='ocrx_word' id='word_1_494' title='bbox 1608 2256 1725 2301; x_wconf 85' lang='grc'>1611,</span> <span class='ocrx_word' id='word_1_495' title='bbox 1753 2255 1786 2292; x_wconf 72' lang='grc'>1.</span> <span class='ocrx_word' id='word_1_496' title='bbox 1807 2258 1848 2293; x_wconf 85' lang='lat' dir='ltr'>et</span> <span class='ocrx_word' id='word_1_497' title='bbox 1870 2259 1960 2305; x_wconf 87' lang='lat' dir='ltr'>post</span> <span class='ocrx_word' id='word_1_498' title='bbox 1983 2266 2076 2293; x_wconf 88' lang='lat' dir='ltr'>eum</span> <span class='ocrx_word' id='word_1_499' title='bbox 2097 2254 2300 2293; x_wconf 86' lang='lat' dir='ltr'>Aubertus</span> <span class='ocrx_word' id='word_1_500' title='bbox 2325 2255 2393 2293; x_wconf 89' lang='grc' dir='ltr'>Μι-</span> 
     </span>
     <span class='ocr_line' id='line_1_84' title="bbox 1441 2315 2391 2367; baseline 0.003 -14"><span class='ocrx_word' id='word_1_501' title='bbox 1441 2327 1557 2353; x_wconf 86' lang='lat' dir='ltr'>raeus</span> <span class='ocrx_word' id='word_1_502' title='bbox 1583 2317 1619 2353; x_wconf 90' lang='lat' dir='ltr'>in</span> <span class='ocrx_word' id='word_1_503' title='bbox 1653 2317 1789 2354; x_wconf 88' lang='lat' dir='ltr'>notitia</span> <span class='ocrx_word' id='word_1_504' title='bbox 1826 2316 2096 2355; x_wconf 84' lang='lat' dir='ltr'>Ecclesiarum</span> <span class='ocrx_word' id='word_1_505' title='bbox 2130 2316 2279 2367; x_wconf 66' lang='lat' dir='ltr'>Belga,</span> <span class='ocrx_word' id='word_1_506' title='bbox 2309 2315 2391 2356; x_wconf 87' lang='lat' dir='ltr'>An-</span> 
     </span>
     <span class='ocr_line' id='line_1_85' title="bbox 1439 2378 1799 2428; baseline 0 -13"><span class='ocrx_word' id='word_1_507' title='bbox 1439 2383 1580 2428; x_wconf 76' lang='lat' dir='ltr'>twerp.</span> <span class='ocrx_word' id='word_1_508' title='bbox 1609 2378 1709 2416; x_wconf 83' lang='grc'>1630</span> <span class='ocrx_word' id='word_1_509' title='bbox 1727 2409 1737 2426; x_wconf 86' lang='lat'><em>,</em></span> <span class='ocrx_word' id='word_1_510' title='bbox 1765 2378 1799 2415; x_wconf 74' lang='grc'>4.</span> 
     </span>
    </p>

    <p class='ocr_par' dir='ltr' id='par_1_15' title="bbox 1435 2437 2392 2800">
     <span class='ocr_line' id='line_1_86' title="bbox 1492 2437 2386 2488; baseline 0.001 -11"><span class='ocrx_word' id='word_1_511' title='bbox 1492 2438 1827 2478; x_wconf 71' lang='lat' dir='ltr'>EVERHARDUS</span> <span class='ocrx_word' id='word_1_512' title='bbox 1865 2437 1913 2477; x_wconf 81' lang='lat' dir='ltr'>de</span> <span class='ocrx_word' id='word_1_513' title='bbox 1961 2437 2164 2488; x_wconf 80' lang='lat' dir='ltr'>Vt&#39;lelenis,</span> <span class='ocrx_word' id='word_1_514' title='bbox 2204 2439 2312 2478; x_wconf 88' lang='lat' dir='ltr'>Prior</span> <span class='ocrx_word' id='word_1_515' title='bbox 2346 2440 2386 2479; x_wconf 92' lang='lat' dir='ltr'>S.</span> 
     </span>
     <span class='ocr_line' id='line_1_87' title="bbox 1439 2499 2392 2549; baseline 0 -9"><span class='ocrx_word' id='word_1_516' title='bbox 1439 2501 1674 2540; x_wconf 84' lang='lat' dir='ltr'>Catharinae</span> <span class='ocrx_word' id='word_1_517' title='bbox 1699 2500 1747 2539; x_wconf 86' lang='lat' dir='ltr'>de</span> <span class='ocrx_word' id='word_1_518' title='bbox 1782 2501 1974 2549; x_wconf 80' lang='lat' dir='ltr'>Cultura,</span> <span class='ocrx_word' id='word_1_519' title='bbox 2005 2511 2054 2539; x_wconf 86' lang='lat' dir='ltr'>ex</span> <span class='ocrx_word' id='word_1_520' title='bbox 2093 2499 2242 2540; x_wconf 87' lang='lat' dir='ltr'>Ordine</span> <span class='ocrx_word' id='word_1_521' title='bbox 2269 2500 2392 2540; x_wconf 83' lang='lat' dir='ltr'>Vallis</span> 
     </span>
     <span class='ocr_line' id='line_1_88' title="bbox 1435 2561 2392 2614; baseline 0 -13"><span class='ocrx_word' id='word_1_522' title='bbox 1435 2563 1705 2610; x_wconf 66' lang='lat' dir='ltr'>Semurium,</span> <span class='ocrx_word' id='word_1_523' title='bbox 1729 2563 1872 2601; x_wconf 90' lang='lat' dir='ltr'>Doctor</span> <span class='ocrx_word' id='word_1_524' title='bbox 1894 2563 2015 2601; x_wconf 89' lang='lat' dir='ltr'>Paris.</span> <span class='ocrx_word' id='word_1_525' title='bbox 2036 2561 2110 2601; x_wconf 89' lang='lat' dir='ltr'>An.</span> <span class='ocrx_word' id='word_1_526' title='bbox 2143 2561 2259 2602; x_wconf 85' lang='grc'>1267.</span> <span class='ocrx_word' id='word_1_527' title='bbox 2292 2561 2392 2614; x_wconf 89' lang='lat' dir='ltr'>Ejus</span> 
     </span>
     <span class='ocr_line' id='line_1_89' title="bbox 1437 2622 2389 2676; baseline 0 -13"><span class='ocrx_word' id='word_1_528' title='bbox 1437 2636 1593 2663; x_wconf 71' lang='lat' dir='ltr'>samma</span> <span class='ocrx_word' id='word_1_529' title='bbox 1614 2623 1660 2663; x_wconf 81' lang='lat' dir='ltr'>de</span> <span class='ocrx_word' id='word_1_530' title='bbox 1673 2623 1797 2676; x_wconf 77' lang='lat' dir='ltr'>festis,</span> <span class='ocrx_word' id='word_1_531' title='bbox 1822 2625 1908 2663; x_wconf 88' lang='lat' dir='ltr'>sive</span> <span class='ocrx_word' id='word_1_532' title='bbox 1928 2635 2155 2665; x_wconf 79' lang='lat' dir='ltr'>sermonum</span> <span class='ocrx_word' id='word_1_533' title='bbox 2177 2622 2225 2663; x_wconf 86' lang='lat' dir='ltr'>de</span> <span class='ocrx_word' id='word_1_534' title='bbox 2239 2623 2389 2663; x_wconf 77' lang='lat' dir='ltr'>sanctis</span> 
     </span>
     <span class='ocr_line' id='line_1_90' title="bbox 1439 2685 2392 2739; baseline 0.002 -15"><span class='ocrx_word' id='word_1_535' title='bbox 1439 2690 1474 2724; x_wconf 82' lang='lat' dir='ltr'>et</span> <span class='ocrx_word' id='word_1_536' title='bbox 1496 2685 1780 2739; x_wconf 77' lang='lat' dir='ltr'>festivitatibus</span> <span class='ocrx_word' id='word_1_537' title='bbox 1804 2698 1881 2738; x_wconf 82' lang='lat' dir='ltr'>per</span> <span class='ocrx_word' id='word_1_538' title='bbox 1903 2697 2054 2725; x_wconf 78' lang='lat' dir='ltr'>annum</span> <span class='ocrx_word' id='word_1_539' title='bbox 2081 2686 2270 2726; x_wconf 90' lang='lat' dir='ltr'>volumen</span> <span class='ocrx_word' id='word_1_540' title='bbox 2306 2687 2392 2727; x_wconf 84' lang='lat' dir='ltr'>MS-</span> 
     </span>
     <span class='ocr_line' id='line_1_91' title="bbox 1441 2747 2300 2800; baseline 0 -14"><span class='ocrx_word' id='word_1_541' title='bbox 1441 2753 1538 2787; x_wconf 85' lang='lat' dir='ltr'>tum.</span> <span class='ocrx_word' id='word_1_542' title='bbox 1565 2748 1663 2787; x_wconf 90' lang='lat' dir='ltr'>Vide</span> <span class='ocrx_word' id='word_1_543' title='bbox 1691 2749 1894 2788; x_wconf 89' lang='lat' dir='ltr'>Oudinum</span> <span class='ocrx_word' id='word_1_544' title='bbox 1918 2754 2014 2788; x_wconf 84' lang='lat' dir='ltr'>tom.</span> <span class='ocrx_word' id='word_1_545' title='bbox 2041 2750 2078 2788; x_wconf 88' lang='lat'>3.</span> <span class='ocrx_word' id='word_1_546' title='bbox 2098 2759 2185 2800; x_wconf 84' lang='lat' dir='ltr'>pag.</span> <span class='ocrx_word' id='word_1_547' title='bbox 2211 2747 2300 2786; x_wconf 79' lang='grc'>1-92.</span> 
     </span>
    </p>

    <p class='ocr_par' dir='ltr' id='par_1_16' title="bbox 1439 2808 2391 3108">
     <span class='ocr_line' id='line_1_92' title="bbox 1465 2808 2388 2862; baseline -0.001 -14"><span class='ocrx_word' id='word_1_548' title='bbox 1465 2808 2388 2862; x_wconf 67' lang='grc' dir='ltr'>ΕνΕΒΗΑΡιὈΠΞΝανεηιόενῃὶαε,Οτᾱ.Ῥι·ειε(1.</span> 
     </span>
     <span class='ocr_line' id='line_1_93' title="bbox 1439 2871 2390 2921; baseline 0.001 -13"><span class='ocrx_word' id='word_1_549' title='bbox 1439 2873 1543 2910; x_wconf 84' lang='lat' dir='ltr'>eirca</span> <span class='ocrx_word' id='word_1_550' title='bbox 1566 2871 1727 2911; x_wconf 88' lang='lat' dir='ltr'>Annum</span> <span class='ocrx_word' id='word_1_551' title='bbox 1754 2873 1855 2911; x_wconf 78' lang='grc'>1430</span> <span class='ocrx_word' id='word_1_552' title='bbox 1882 2872 2067 2912; x_wconf 88' lang='lat' dir='ltr'>laudatur</span> <span class='ocrx_word' id='word_1_553' title='bbox 2089 2882 2111 2911; x_wconf 83' lang='lat' dir='ltr'>a</span> <span class='ocrx_word' id='word_1_554' title='bbox 2138 2871 2289 2910; x_wconf 87' lang='lat' dir='ltr'>Joanne</span> <span class='ocrx_word' id='word_1_555' title='bbox 2311 2871 2390 2921; x_wconf 79' lang='lat' dir='ltr'>Ny-</span> 
     </span>
     <span class='ocr_line' id='line_1_94' title="bbox 1440 2931 2391 2985; baseline -0.002 -14"><span class='ocrx_word' id='word_1_556' title='bbox 1440 2933 1533 2972; x_wconf 73' lang='lat' dir='ltr'>dero</span> <span class='ocrx_word' id='word_1_557' title='bbox 1567 2935 1616 2973; x_wconf 84' lang='lat' dir='ltr'>IV</span> <span class='ocrx_word' id='word_1_558' title='bbox 1632 2965 1642 2983; x_wconf 94' lang='lat'><em>,</em></span> <span class='ocrx_word' id='word_1_559' title='bbox 1670 2935 1718 2974; x_wconf 92' lang='grc'>12</span> <span class='ocrx_word' id='word_1_560' title='bbox 1743 2934 1951 2973; x_wconf 81' lang='lat' dir='ltr'>formicarii</span> <span class='ocrx_word' id='word_1_561' title='bbox 1975 2963 1984 2982; x_wconf 84' lang='lat'>‚</span> <span class='ocrx_word' id='word_1_562' title='bbox 2008 2934 2202 2985; x_wconf 87' lang='lat' dir='ltr'>pluraque</span> <span class='ocrx_word' id='word_1_563' title='bbox 2227 2931 2391 2971; x_wconf 88' lang='lat' dir='ltr'>Concio-</span> 
     </span>
     <span class='ocr_line' id='line_1_95' title="bbox 1440 2992 2390 3046; baseline -0.002 -13"><span class='ocrx_word' id='word_1_564' title='bbox 1440 2996 1642 3034; x_wconf 85' lang='lat' dir='ltr'>natoribus</span> <span class='ocrx_word' id='word_1_565' title='bbox 1667 2996 1776 3035; x_wconf 88' lang='lat' dir='ltr'>utilia</span> <span class='ocrx_word' id='word_1_566' title='bbox 1800 2996 2009 3046; x_wconf 88' lang='lat' dir='ltr'>scripsisse</span> <span class='ocrx_word' id='word_1_567' title='bbox 2032 2993 2275 3046; x_wconf 90' lang='lat' dir='ltr'>perhibetur.</span> <span class='ocrx_word' id='word_1_568' title='bbox 2294 2992 2390 3032; x_wconf 88' lang='lat' dir='ltr'>Vide</span> 
     </span>
     <span class='ocr_line' id='line_1_96' title="bbox 1439 3055 2179 3108; baseline 0 -15"><span class='ocrx_word' id='word_1_569' title='bbox 1439 3058 1625 3096; x_wconf 83' lang='lat' dir='ltr'>Jacobum</span> <span class='ocrx_word' id='word_1_570' title='bbox 1647 3058 1783 3104; x_wconf 86' lang='lat' dir='ltr'>Quetif</span> <span class='ocrx_word' id='word_1_571' title='bbox 1803 3061 1897 3096; x_wconf 89' lang='lat' dir='ltr'>tom.</span> <span class='ocrx_word' id='word_1_572' title='bbox 1923 3058 1951 3096; x_wconf 87' lang='lat'>1.</span> <span class='ocrx_word' id='word_1_573' title='bbox 1975 3067 2062 3108; x_wconf 81' lang='lat' dir='ltr'>pag.</span> <span class='ocrx_word' id='word_1_574' title='bbox 2088 3055 2179 3094; x_wconf 89' lang='grc'>780.</span> 
     </span>
    </p>

    <p class='ocr_par' dir='ltr' id='par_1_17' title="bbox 1438 3115 2387 3228">
     <span class='ocr_line' id='line_1_97' title="bbox 1492 3115 2386 3166; baseline -0.004 -10"><span class='ocrx_word' id='word_1_575' title='bbox 1492 3118 1865 3166; x_wconf 65' lang='lat' dir='ltr'>livlinlfflLMUS,</span> <span class='ocrx_word' id='word_1_576' title='bbox 1907 3115 2291 3164; x_wconf 78' lang='lat' dir='ltr'>EVERHELINUS,</span> <span class='ocrx_word' id='word_1_577' title='bbox 2337 3124 2386 3152; x_wconf 84' lang='lat' dir='ltr'>ex</span> 
     </span>
     <span class='ocr_line' id='line_1_98' title="bbox 1438 3174 2387 3228; baseline -0.005 -11"><span class='ocrx_word' id='word_1_578' title='bbox 1438 3178 1720 3219; x_wconf 84' lang='lat' dir='ltr'>Altimontensi</span> <span class='ocrx_word' id='word_1_579' title='bbox 1745 3181 1782 3218; x_wconf 93' lang='lat' dir='ltr'>in</span> <span class='ocrx_word' id='word_1_580' title='bbox 1823 3180 2055 3228; x_wconf 78' lang='lat' dir='ltr'>llannonia,</span> <span class='ocrx_word' id='word_1_581' title='bbox 2094 3174 2387 3217; x_wconf 87' lang='lat' dir='ltr'>Blandinieusis</span> 
     </span>
    </p>
   </div>
   <div class='ocr_carea' id='block_1_9' title="bbox 1492 3312 2390 3357">
    <p class='ocr_par' dir='ltr' id='par_1_18' title="bbox 1492 3312 2390 3357">
     <span class='ocr_line' id='line_1_99' title="bbox 1492 3312 2390 3357; baseline -0.006 -8"><span class='ocrx_word' id='word_1_582' title='bbox 1492 3319 1526 3357; x_wconf 76' lang='lat' dir='ltr'>a)</span> <span class='ocrx_word' id='word_1_583' title='bbox 1551 3318 1630 3351; x_wconf 85' lang='lat' dir='ltr'>Vide</span> <span class='ocrx_word' id='word_1_584' title='bbox 1654 3317 1823 3350; x_wconf 86' lang='lat' dir='ltr'>Oudinum</span> <span class='ocrx_word' id='word_1_585' title='bbox 1847 3322 1871 3349; x_wconf 88' lang='lat' dir='ltr'>t.</span> <span class='ocrx_word' id='word_1_586' title='bbox 1894 3317 1914 3348; x_wconf 82' lang='grc'>2</span> <span class='ocrx_word' id='word_1_587' title='bbox 1938 3325 1970 3356; x_wconf 87' lang='lat' dir='ltr'>p.</span> <span class='ocrx_word' id='word_1_588' title='bbox 1993 3314 2066 3347; x_wconf 70' lang='lat'>045.</span> <span class='ocrx_word' id='word_1_589' title='bbox 2095 3313 2247 3345; x_wconf 78' lang='lat' dir='ltr'>vossium</span> <span class='ocrx_word' id='word_1_590' title='bbox 2270 3320 2306 3351; x_wconf 81' lang='lat' dir='ltr'>p.</span> <span class='ocrx_word' id='word_1_591' title='bbox 2317 3312 2390 3345; x_wconf 78' lang='lat'>569.</span> 
     </span>
    </p>
   </div>
   <div class='ocr_carea' id='block_1_10' title="bbox 2497 3238 2500 3339">
    <p class='ocr_par' dir='ltr' id='par_1_19' title="bbox 2497 3238 2500 3339">
     <span class='ocr_line' id='line_1_100' title="bbox 2498 3238 2500 3289; baseline 0 0"><span class='ocrx_word' id='word_1_592' title='bbox 2498 3238 2500 3289; x_wconf 74' lang='lat' dir='ltr'>l</span> 
     </span>
     <span class='ocr_line' id='line_1_101' title="bbox 2497 3294 2500 3339; baseline 0 0"><span class='ocrx_word' id='word_1_593' title='bbox 2497 3294 2500 3339; x_wconf 80' lang='lat' dir='ltr'>l</span> 
     </span>
    </p>
   </div>
  </div>
 </body>
</html>
