2500 4009
1169 318 1213 370 A
1226 317 1276 371 D
1323 316 1755 375 LECTOREM

475 630 633 705 Possit
670 665 793 703 videri
831 663 1052 715 improbum
1091 663 1283 710 fortasse,
1323 664 1417 702 mihi
1460 667 1755 716 sexagesimum
1789 665 1871 714 jam
1922 668 2083 703 sextum
2121 666 2252 716 agenti
2289 675 2440 704 annum

473 730 637 769 aetatis.
670 728 806 765 venire
836 727 1013 777 potuisse
1044 725 1081 761 iu
1112 729 1314 774 mentem,
1346 731 1390 764 ut
1419 727 1657 776 scriptorum
1688 725 1839 765 mediae
1870 730 1910 764 et
1940 725 2098 765 infimae
2124 728 2351 766 Latinitatis
2373 738 2442 766 no—

473 793 598 828 titiam
628 789 808 831 tradere.
839 794 875 826 et
907 786 1009 837 quod
1041 786 1259 826 ommes
1290 789 1326 826 in
1359 787 1557 838 praeclaro
1587 798 1659 826 suo
1684 788 1982 826 Nomenclatore
2013 789 2252 839 scriptorum
2283 787 2438 827 mediae

471 858 590 902 atque
610 852 766 889 intimae
790 851 931 888 aetatis
949 848 1029 886 lieri
1055 847 1103 886 ab
1123 848 1252 898 aliquo
1275 849 1446 900 optabat,
1467 848 1758 898 quodammodo
1779 849 1968 900 perlicere
1989 849 2236 901 aggrederer.
2251 849 2328 889 Sed
2346 860 2438 889 cum

473 914 617 951 vellem
647 924 732 950 eam
765 922 910 949 navare
939 920 1097 959 operam
1128 909 1344 958 studiosis,
1374 915 1495 960 atque
1525 911 1626 949 hanc
1656 911 1781 949 veluti
1812 912 2046 950 mantissam
2078 911 2345 950 Bibliothecae
2367 913 2438 950 La-

473 977 603 1014 tinae.
635 979 726 1012 ante
756 970 1146 1021 duodequadraginta
1176 982 1302 1010 annos
1333 973 1370 1009 in
1401 972 1473 1010 hac
1505 973 1606 1011 Urbe
1635 983 1656 1010 a
1687 984 1750 1010 me
1780 971 1910 1011 editae
1930 971 2158 1024 adjungere,
2192 972 2438 1022 mantissam,

471 1049 601 1088 quae,
633 1041 672 1074 ut
704 1037 753 1072 ait
789 1034 987 1078 Lucilius,
1017 1030 1245 1081 obsonium,
1286 1034 1420 1072 ferculi
1456 1035 1557 1072 mole
1594 1034 1705 1072 facilc
1735 1033 1891 1072 vincat:
1922 1034 2002 1073 vidi
2034 1035 2159 1074 multa
2189 1046 2253 1073 me
2290 1034 2436 1074 habere

474 1101 509 1137 in
542 1097 714 1137 mundo.
744 1108 814 1147 per
843 1099 999 1134 tantum
1030 1095 1220 1144 temporis
1250 1094 1458 1133 observata
1489 1094 1606 1143 mihi,
1635 1106 1737 1144 quae
1768 1096 1895 1146 perire
1917 1095 2090 1145 nollem,
2118 1099 2159 1134 et
2177 1095 2326 1146 quibus
2347 1106 2440 1146 pos-

472 1166 519 1198 sit
553 1161 682 1198 forsan
712 1160 852 1209 aperiri
883 1159 945 1196 via
976 1156 1022 1194 ad
1052 1155 1273 1194 noscendos
1302 1157 1515 1206 scriptores
1543 1167 1738 1196 annorum
1769 1157 1875 1195 mille
1903 1157 2076 1208 amplius
2103 1156 2436 1207 quamplurimos,

470 1223 518 1260 de
547 1222 691 1272 quibus
722 1223 759 1257 in
789 1220 988 1269 plerisque
1020 1217 1353 1256 Bibliothecarum
1383 1218 1642 1268 scriptoribus
1663 1218 1727 1257 vcl
1758 1218 1863 1257 nulla
1909 1218 1973 1257 vel
2017 1217 2149 1257 hiulca
2190 1222 2260 1258 aut
2303 1219 2438 1257 minus

469 1288 650 1322 accurata
682 1283 786 1318 notio
816 1280 994 1318 habetur.
1027 1279 1081 1316 Dc
1113 1278 1282 1317 utilitate
1311 1278 1433 1329 hujus
1462 1281 1697 1330 cognitionis
1726 1285 1766 1318 et
1795 1279 1844 1318 de
1874 1292 1952 1319 usu
1983 1281 2230 1330 scriptorum
2251 1309 2262 1327 ,
2291 1280 2438 1330 quibus

470 1343 749 1396 pernoscendis
780 1342 840 1380 hic
871 1341 979 1379 labor
1006 1340 1232 1379 destinatus
1267 1345 1358 1388 est,
1390 1341 1484 1379 nihil
1527 1340 1657 1379 dicere
1698 1346 1760 1380 est
1797 1343 1982 1390 animus,
2027 1343 2216 1393 quoniam
2243 1336 2383 1381 ἴσασιν
2402 1342 2443 1382 οι“

459 1402 694 1456 μεμνημένου
738 1409 916 1443 caeteros
946 1402 1092 1452 quibus
1134 1413 1228 1441 cura
1259 1402 1368 1441 nulla
1399 1402 1539 1441 harum
1567 1414 1702 1441 rerum
1731 1407 1813 1447 est,
1845 1404 2048 1442 incassum
2080 1413 2284 1442 monuero.
2315 1403 2429 1442 Prae-

465 1470 621 1518 cipuam
652 1466 848 1504 historicis
879 1463 1052 1514 impendi
1081 1474 1259 1513 operam,
1289 1468 1410 1513 atquc
1441 1464 1477 1502 id
1508 1464 1596 1502 dedi
1629 1464 1721 1503 mihi
1753 1466 1920 1516 negotii,
1951 1469 1997 1504 ut
2027 1465 2246 1504 VOSSIUM
2273 1465 2434 1515 supple-

465 1535 593 1577 turus,
611 1538 731 1578 quam
748 1526 984 1565 brevissime
1002 1530 1193 1572 notarem,
1209 1537 1310 1575 quae
1331 1530 1439 1564 certa
1459 1528 1566 1576 potui
1583 1528 1801 1577 comperire
1825 1527 1874 1565 de
1898 1531 2028 1566 aetate
2044 1525 2253 1577 cujusque,
2270 1525 2320 1565 de
2337 1537 2431 1565 con·
2491 1522 2496 1529 '

465 1591 623 1638 ditione,
641 1589 688 1627 dc
699 1589 946 1637 argumentis
961 1598 1139 1637 operum,
1157 1587 1219 1626 ubi
1238 1587 1423 1638 quodque
1439 1588 1610 1639 incipiat,
1626 1588 1691 1627 ubi
1709 1588 1865 1627 desinat
1881 1588 1983 1627 etde
2006 1588 2125 1628 editis
2157 1589 2222 1628 ubi
2249 1593 2291 1628 et
2309 1600 2436 1639 quan-

468 1653 517 1691 do
550 1653 678 1691 lucem
710 1651 897 1699 viderint,
929 1651 966 1687 in
997 1660 1074 1699 qua
1104 1649 1334 1687 collectione
1362 1655 1546 1689 veterum
1577 1652 1840 1700 scriptorum,
1871 1661 1974 1701 quae
2002 1654 2165 1689 exstant
2184 1650 2431 1701 quampluri-

466 1726 581 1753 mae,
612 1713 699 1751 alibi
731 1710 1017 1760 recensendae,
1047 1710 1202 1760 singula
1228 1712 1488 1762 reperiantur.
1516 1713 1572 1750 De
1601 1712 1840 1762 quibusdam
1870 1713 1980 1751 volui
2011 1716 2181 1750 tractare
2214 1711 2345 1763 paullo
2374 1711 2435 1749 di-

469 1776 668 1825 ligentius,
701 1780 743 1813 ut
775 1774 822 1812 de
853 1773 979 1811 Alano
1010 1773 1223 1821 Insulensi,
1253 1772 1456 1825 Anselmo⁷
1481 1774 1529 1811 de
1553 1773 1766 1823 Aventino,
1792 1773 1909 1822 Beda,
1932 1773 2156 1823 Bernardo,
2184 1775 2433 1824 Berengario,

468 1839 697 1884 Bertramo,
735 1836 961 1886 Campano,
1006 1834 1143 1873 Carolo
1180 1836 1345 1885 Magno,
1389 1834 1636 1885 Clemange,
1673 1836 1833 1874 Cusano
1867 1839 1942 1874 etc.
1988 1845 2108 1886 saepe
2145 1835 2264 1874 etiam
2311 1839 2356 1874 ut
2399 1836 2436 1872 in

469 1898 634 1936 Alcuino
665 1897 783 1935 simul
815 1898 1019 1935 remittere
1049 1896 1096 1935 ad
1127 1897 1225 1935 alios
1253 1898 1496 1948 scriptoreS,
1527 1898 1617 1946 quia
1647 1900 1808 1935 auctum
1839 1907 1981 1947 agere,
2011 1901 2052 1935 et
2080 1895 2304 1935 describere
2331 1896 2433 1935 bene

475 1960 522 1998 ab
546 1959 632 1997 aliis
656 1959 798 1997 tradita
822 1959 941 1997 nolui.
967 1957 1156 1995 Ordinem
1178 1963 1343 1997 secutus
1371 1969 1460 1997 sum
1485 1959 1779 2010 alphabeticum
1801 1960 1932 2009 potius
1953 1969 2073 2008 quam
2097 1958 2439 2009 chronologicum,

474 2031 593 2070 quem
625 2020 746 2057 lndici
780 2020 963 2057 servavi:
995 2018 1107 2057 Alius
1137 2020 1428 2069 supplementis
1456 2022 1575 2058 etiam
1604 2019 1841 2070 recipiendis
1869 2024 2090 2070 oportunus
2119 2021 2205 2058 erit.
2227 2019 2310 2058 Non
2344 2029 2440 2070 pau-

472 2092 539 2119 cos
568 2082 763 2127 omissos,
796 2080 919 2118 multa
950 2081 1161 2129 praeterita
1192 2091 1281 2117 esse
1315 2092 1337 2118 a
1367 2092 1455 2121 me,
1486 2091 1714 2130 quanquam
1744 2084 1885 2119 conato
1913 2080 2059 2119 addere
2096 2080 2244 2130 aliquid
2264 2082 2439 2131 priorum

474 2142 704 2190 industriae,
735 2142 897 2179 minime
926 2141 1074 2188 dubito,
1104 2141 1152 2178 ob
1182 2141 1510 2179 innumerabilem
1540 2143 1777 2191 scriptorum
1808 2141 2120 2191 multitudinem,
2155 2145 2196 2181 et
2220 2142 2438 2192 fugientem

472 2205 606 2242 oculos
637 2204 851 2241 multorum
882 2203 1193 2240 obscuritatem:
1226 2214 1367 2241 verum
1397 2207 1442 2241 ut
1471 2205 1526 2241 ait
1557 2205 1593 2241 in
1625 2204 1779 2254 Topicis
1809 2204 1971 2251 Cicero,
2002 2214 2080 2241 non
2106 2206 2163 2242 est
2189 2203 2376 2242 vitiosum
2399 2202 2441 2241 in

473 2278 518 2303 re
546 2265 692 2316 infinita
722 2264 1045 2316 praetermittere
1074 2263 1254 2314 ale'que'd;
1278 2264 1420 2303 addam
1450 2275 1533 2315 ego,
1565 2269 1605 2303 et
1629 2276 1800 2316 peccare
1823 2268 1942 2317 atque
1963 2263 2172 2316 offendere,
2198 2263 2440 2317 praesertim
2497 2313 2500 2320 Ι

471 2328 507 2365 1'11
539 2331 616 2364 tam
648 2324 843 2364 obscuris.
874 2327 1010 2376 ltaque
1041 2326 1089 2363 ab
1120 2326 1369 2364 humanitate
1398 2338 1615 2377 aequorum
1656 2328 1848 2366 lectorum
1882 2339 1958 2365 non
1989 2329 2139 2377 timeo,
2170 2326 2439 2366 candidiorem
2498 2328 2500 2354 ἵ

469 2391 587 2427 etiam
621 2390 657 2425 in
688 2387 958 2438 superioribus
987 2387 1239 2425 Bibliothecis
1268 2390 1367 2426 meis
1396 2389 1592 2428 calculum
1623 2400 1758 2427 eorum
1789 2393 1980 2439 expertus
2001 2402 2009 2426 ς
2030 2392 2071 2427 et
2099 2399 2215 2439 spero
2244 2387 2341 2427 illud
2372 2399 2436 2426 me

482 2451 665 2489 attulisse
696 2449 901 2498 studium,
932 2460 1000 2487 eos
1029 2450 1280 2488 consuluisse
1311 2451 1439 2488 fontes
1467 2461 1512 2489 ac
1543 2452 1769 2502 scriptores,
1798 2454 1842 2489 ut
1872 2451 2006 2490 minus
2034 2450 2191 2489 difficile
2215 2448 2298 2499 iam
2335 2449 2441 2488 futu-

472 2524 559 2550 rum
592 2513 641 2549 sit
672 2513 951 2562 praetermissa
983 2510 1239 2561 admissaque
1278 2513 1342 2551 vel
1381 2513 1565 2563 supplere
1595 2513 1658 2551 vel
1683 2512 1908 2551 emendare.
1939 2513 1981 2551 In
2016 2511 2164 2551 Ordine
2189 2510 2436 2561 alphabetico

469 2573 665 2612 servando
697 2574 890 2611 haesitavi
922 2572 1102 2620 subinde,
1134 2585 1255 2623 quem
1288 2574 1417 2614 locum
1449 2575 1627 2625 scriptori
1658 2574 1887 2622 tribuerem,
1918 2573 2062 2624 duplici
2085 2573 2349 2624 appellatione
2370 2572 2434 2611 vel

470 2635 609 2685 triplici
642 2634 756 2672 solito
785 2633 947 2672 laudari.
979 2634 1184 2672 Interdum
1218 2636 1375 2673 nomina
1407 2637 1525 2675 unius
1555 2637 1757 2686 scriptoris
1791 2639 1873 2674 tam
1911 2636 2021 2674 varia
2059 2638 2156 2673 sunt
2184 2637 2226 2672 et
2259 2637 2342 2673 tam
2379 2633 2438 2672 di-

469 2698 599 2734 versis
629 2695 757 2734 modis
781 2696 1015 2743 efferuntur,
1037 2700 1079 2733 ut
1105 2707 1269 2734 necesse
1299 2702 1407 2735 esset
1437 2709 1513 2735 non
1544 2697 1659 2736 modo
1688 2697 1827 2744 tribus,
1854 2696 1917 2735 vel
1947 2701 2141 2746 quatuor,
2171 2695 2242 2735 sed
2266 2696 2437 2734 nonnul—

471 2759 527 2795 los
558 2759 771 2808 scriptores
801 2757 896 2795 loeis
926 2768 998 2795 sex
1027 2757 1090 2795 vel
1122 2762 1276 2808 septem
1315 2760 1519 2798 collocari:
1552 2761 1684 2809 itaque
1717 2759 1843 2798 donec
1871 2759 1963 2798 huic
2005 2758 2177 2798 defectui
2214 2757 2360 2807 index,
2392 2762 2435 2796 ut

470 2819 622 2856 confido
654 2819 902 2865 medebitur,
934 2819 1016 2856 loco
1040 2831 1158 2869 quem
1190 2822 1324 2869 putavi
1358 2823 1608 2871 promtiorcm
1641 2820 1689 2860 ad
1721 2820 2007 2860 inveniendum
2037 2821 2179 2872 posui:
2210 2819 2433 2869 interdum,

471 2880 593 2917 altero
624 2880 697 2918 sub
727 2881 884 2918 nomine
915 2879 962 2918 ad
999 2880 1196 2928 alterum,
1228 2882 1291 2920 ubi
1322 2882 1370 2920 de
1400 2885 1590 2934 scriptore
1620 2886 1840 2930 tractatur,
1871 2883 2060 2921 lectorem
2098 2881 2302 2919 remittere
2336 2880 2433 2920 duxi
2466 2911 2469 2914 .

473 2941 610 2978 satius.
642 2942 727 2978 Alia
753 2942 843 2979 hinc
874 2941 963 2979 inde
992 2943 1110 2980 etiam
1144 2943 1289 2981 inserta
1320 2945 1459 2983 Lector
1488 2945 1659 2994 reperiet
1688 2955 1835 2994 parvae
1858 2943 2116 2994 digressionis
2139 2941 2235 2989 loco,
2260 2945 2304 2980 ut
2327 2942 2435 2981 elen-
2478 2947 2479 2950 ’

471 3002 589 3039 chum
623 3002 909 3039 itinerariorum
942 3002 1092 3041 mediae
1122 3006 1264 3042 aetatis
1294 3016 1377 3056 pag.
1411 3007 1486 3044 112
1516 3011 1556 3044 ct
1585 3007 1824 3056 scriptorum
1853 3005 2073 3043 recentium
2103 3003 2169 3053 qui
2196 3003 2336 3042 itinera
2359 3005 2432 3043 sua
2474 3037 2476 3045 ,

472 3063 534 3100 vei
566 3062 730 3100 aliorum
763 3063 944 3101 versibus
974 3063 1220 3115 descripsere
1250 3077 1336 3117 pag.
1370 3067 1457 3105 113.
1487 3068 1726 3107 Tabularum
1750 3066 2114 3104 Astronomicarum
2139 3065 2319 3104 notitiam
2343 3075 2430 3116 pag.
2473 3058 2475 3073 ¹

472 3125 534 3161 68.
565 3124 852 3162 Breviariorum
884 3135 968 3172 pigi
1000 3125 1090 3164 23'4.
1125 3127 1176 3163 ne
1205 3133 1391 3178 computo
1420 3129 1699 3168 Ecclesiastico
1742 3138 1827 3178 pag.
1870 3125 1959 3164 376.
2003 3127 2059 3165 Dc
2106 3127 2255 3166 Musica
2295 3127 2433 3167 Eccle-
2470 3120 2473 3155 ἒ

473 3186 603 3222 siastic
608 3197 627 3221 i
660 3184 810 3222 rnsdiar
840 3185 981 3221 uetitis
1011 3188 1223 3235 seiiptores
1252 3199 1338 3240 pag.
1369 3190 1459 3229 219.
1494 3193 1546 3229 De
1578 3188 1844 3229 Benedictinis
1873 3187 2041 3226 eruditis
2070 3198 2156 3238 pag.
2179 3186 2269 3227 187.
2293 3189 2350 3227 De
2369 3188 2433 3227 Ci-
2466 3168 2473 3229 f

473 3246 755 3284 stereiensibus
773 3257 858 3295 pag.
877 3246 964 3283 3553.
991 3247 1045 3284 De
1070 3248 1098 3285 12
1106 3249 1256 3297 pistolis
1282 3252 1514 3291 Pontificum
1552 3256 1591 3290 et
1626 3251 1802 3290 bullariis
1827 3261 1912 3301 pag.
1934 3248 2024 3288 273.
2051 3250 2106 3288 De
2130 3248 2430 3289 Concor-dantus
2460 3234 2471 3290 1

476 3307 628 3345 biblis-i„
659 3320 743 3357 μτις.
774 3307 859 3345 5377.
891 3319 973 3356 seq.
1007 3309 1095 3345 382
1128 3310 1180 3347 De
1212 3312 1339 3349 Poetis
1376 3314 1632 3363 extemporali
1677 3312 1862 3351 ΐῑῑιουηιῑο
1899 3311 2073 3350 carmina
2119 3310 2307 3351 fundendi
2350 3294 2470 3362 pot-3

2452 3539 2462 3579 ,1

2444 3631 2459 3702 1

2446 3703 2457 3745 1
