2500 3841
1016 224 1218 264 BEDAE

142 308 224 338 sem
245 303 441 333 annorum
462 296 626 344 septem,
653 303 754 330 cura
782 292 1092 346 propinquorum

141 359 259 397 datus
270 367 357 396 sum
373 353 599 394 educandus
613 354 936 394 reverendissimo
949 355 1096 395 Abbati

139 417 442 459 BENEDICTO
462 446 470 465 ,
506 429 554 455 ac
596 415 732 455 deinde
774 417 1089 468 CEOLFRIDO,

141 485 398 533 cunctumque
421 492 476 519 ea:
499 491 540 518 eo
561 482 712 530 tempus
730 478 834 518 vitae
857 479 898 518 in
919 480 1090 532 ejicsdem

130 542 372 583 'monasterii
413 540 649 580 habitatione
685 553 903 593 peragens,
942 555 1089 581 omnem

139 603 372 644 meditandis
393 603 615 654 Scrz'pturzs
638 614 798 654 operam
836 603 936 651 dedi,
973 608 1089 656 atque

137 665 239 705 inter
260 665 553 705 observantiam
569 664 800 717 disciplinae
822 665 1035 717 reyularis,
1054 670 1091 705 et

137 727 409 780 quotidianam
445 727 634 766 cantandi
655 740 694 766 in
716 727 895 766 Ecclesia
923 740 1087 776 curam,

135 802 288 843 semper
301 794 374 829 aut
385 790 554 838 discere;
571 793 644 828 aut
659 789 812 839 docere,
828 794 900 828 aut
916 789 1091 829 scribere

107 888 110 890 ,
139 852 251 892 dulce
274 851 405 891 habui.
430 851 584 891 Decimo
600 863 697 890 nono
717 855 849 890 mitem
867 855 973 892 vitae
983 863 1091 890 meae

140 927 242 954 anno
273 917 548 963 Diaconatum,
569 914 767 953 tricesimo
799 913 973 966 pradum
1002 915 1092 952 Pre-

136 979 375 1029 sbyteratuS.
399 977 438 1026 c)
467 978 682 1028 Utrumque
710 988 786 1028 per
827 974 1089 1014 ministerium

133 1038 458 1080 reverendissimi
476 1038 661 1090 Episcopi
675 1039 866 1082 Johannis
887 1040 998 1087 (tunc
1012 1037 1088 1075 Ha-

135 1102 421 1154 gustaldensiS,
458 1106 595 1152 postea
626 1100 902 1148 Eboracensis)
923 1097 1086 1151 jubente

137 1165 330 1205 Ceolfrido
351 1162 502 1202 Abbate
523 1162 872 1213 (Wirimundensis
893 1163 1086 1199 Monaste-

135 1227 198 1275 rii)
223 1225 388 1277 suscepi.
412 1225 483 1264 Eoe
505 1236 581 1277 quo
620 1227 788 1276 tempore
810 1221 962 1274 accepti
989 1223 1085 1261 Pre-

140 1287 364 1340 sbyteratus
391 1298 515 1339 usque
551 1285 605 1324 ad
633 1285 790 1324 Annum
826 1283 950 1323 aetati
974 1295 1084 1322 meae

137 1348 503 1403 quinquayesimum
534 1358 698 1395 nonum,
723 1347 817 1385 haec
840 1345 881 1385 in
909 1345 1085 1397 Scriptu⁴

133 1425 224 1452 ram
244 1414 422 1451 sanctam
442 1423 550 1450 meae
577 1420 828 1460 meorumque
862 1408 1089 1447 necessitati

133 1487 189 1514 ea:
215 1473 413 1525 opusculis
431 1471 718 1512 venerabilium
734 1473 899 1510 Patrum
915 1469 1087 1510 breviter

131 1539 338 1584 annotare,
363 1534 446 1574 sive
468 1534 585 1573 etiam
607 1533 662 1573 ad
680 1533 852 1587 formam
883 1543 1023 1572 sensus
1051 1535 1089 1571 et

131 1597 462 1650 interpretationis
477 1609 614 1636 eorum
620 1595 914 1648 superadjicere
929 1594 1083 1634 curavi.

131 1662 202 1700 Hic
223 1659 356 1700 BEDA
380 1659 606 1710 Presbyter,
631 1660 794 1699 utilibus
817 1659 974 1709 scriptis
1011 1659 1086 1697 Ec-

132 1723 276 1762 clesiae
299 1720 558 1770 Venerabilis,
583 1722 687 1761 diem
708 1721 802 1760 obiit
821 1719 934 1759 Anno
948 1721 1027 1758 735
1042 1718 1083 1767 d)

131 1785 180 1824 de
216 1796 292 1835 quo
335 1784 579 1823 Mabillonius
612 1784 763 1822 Partel
806 1783 952 1821 saeculi
981 1782 1087 1820 tertii

129 1846 390 1893 Benedictini,
414 1850 455 1884 et
476 1845 575 1884 Acta
599 1846 774 1884 Sanctor.
799 1843 849 1884 27
870 1843 958 1893 Maji
987 1847 1081 1881 tom.

128 1909 180 1948 VI
199 1920 285 1960 pag.
316 1907 393 1948 748
417 1918 499 1958 seq.
529 1907 593 1946 ubi
616 1908 735 1945 etiam
775 1918 860 1957 pag.
894 1905 970 1944 720
1001 1907 1083 1943 vita

134 1971 278 2021 scripta
301 1981 324 2009 a
351 1969 534 2020 Turyoto,
555 1970 683 2008 Priore
699 1969 968 2016 Dunelmensi,
982 1969 1084 2006 circa

135 2031 180 2072 A.
207 2033 320 2071 4400.
344 2043 394 2070 ex
416 2030 503 2081 ejus
537 2031 698 2069 historia
719 2031 920 2069 Ecclesiae
939 2030 1086 2068 Dunel-

129 2094 294 2144 mensis,
314 2104 415 2144 quae
449 2093 524 2132 sub
547 2093 703 2131 nomine
725 2090 916 2130 Simeonis
938 2091 1084 2130 Dunel-

133 2156 282 2195 mensis
300 2166 505 2206 perperam
528 2165 676 2194 excusa
692 2155 794 2192 inter
809 2153 946 2191 decem
961 2153 1083 2203 scrip-

130 2223 236 2257 tores
271 2218 368 2257 Hist.
410 2217 661 2268 Anglicanae.
700 2217 758 2254 De
781 2215 965 2266 operibus
993 2213 1080 2264 ejus

132 2283 221 2332 post
241 2280 501 2319 Possevinum
538 2279 766 2329 diligentius
790 2277 978 2317 disseruit
1001 2278 1081 2317 Ou-

130 2341 247 2381 dinus
266 2345 383 2380 tomo.
408 2342 424 2380 I
447 2352 534 2392 pag.
560 2339 663 2380 4672
683 2351 766 2391 seq.
787 2339 932 2379 Videor
946 2345 1082 2379 tamen

129 2403 225 2442 mihi
247 2407 379 2442 actum
399 2414 482 2441 non
506 2413 641 2454 agere,
663 2403 695 2441 si
719 2407 760 2441 et
784 2403 865 2453 ipse
889 2403 986 2440 tanti
1002 2402 1082 2440 Viri

130 2466 275 2516 scripta
288 2464 473 2503 distincte
486 2464 651 2503 referam
666 2465 791 2516 primo
805 2475 906 2514 quae
923 2467 1083 2501 exstant

129 2526 168 2563 in
189 2529 276 2564 octo
299 2526 415 2563 tomis
437 2523 525 2574 ejus
547 2525 739 2575 Operum,
764 2525 979 2563 novissime
993 2529 1082 2575 post

126 2586 316 2626 editiones
340 2587 458 2625 Paris.
484 2586 597 2635 4544,
616 2587 729 2625 4554.
750 2586 866 2625 Basil.
886 2586 988 2625 4563
1008 2586 1079 2624 Co-

128 2649 203 2687 lon.
230 2648 330 2687 4642
354 2648 524 2698 vulgatis
543 2648 675 2687 Colon.
701 2649 814 2686 4688.
838 2645 986 2685 Deinde
1003 2646 1077 2694 illa,

129 2721 230 2761 quae
255 2711 294 2748 in
318 2709 426 2748 hisce
448 2710 564 2746 tomis
586 2708 870 2747 desiderantur.

119 2907 237 2938 aetatis
260 2907 578 2947 quinquagesimum
595 2911 719 2936 nonum
738 2906 987 2935 commemorat.
1020 2904 1080 2935 Sed

118 2957 248 2988 notavit
265 2958 383 2996 Pagius
399 2955 441 2987 ad
456 2960 588 2987 Annum
604 2954 666 2985 665
691 2962 783 2985 num.
798 2953 829 2983 8.
857 2953 977 2984 Bedam
998 2953 1079 2984 naec

119 3002 186 3036 no'n
202 3007 349 3046 potuisse
365 3004 485 3038 addere
501 3010 578 3037 ante
594 3008 725 3036 Annum
740 3003 801 3034 752
819 3001 869 3034 vel
887 3002 959 3034 755.

180 3054 211 3095 c)
229 3054 317 3087 Adde
336 3057 472 3094 Pagium
488 3056 528 3086 ad
546 3059 605 3085 An.
622 3053 680 3085 701
701 3061 791 3084 num.
805 3052 834 3082 2·
861 3050 986 3082 Nicolai
1004 3052 1080 3082 Hie-

118 3106 245 3144 ronymi
265 3104 458 3145 Gundlingii
481 3105 666 3135 Observatt.
681 3103 793 3135 select.
813 3102 831 3132 7
846 3101 921 3132 libri
941 3103 969 3132 1.

186 3153 219 3194 b)
243 3155 428 3187 Blondellus
445 3163 518 3194 pag.
544 3154 582 3185 77
599 3155 638 3186 de
656 3153 837 3193 EpiscopiS.
857 3149 1014 3181 Fabulam
1038 3149 1079 3181 ‹le

119 3203 206 3235 neda
222 3205 282 3237 hoc
297 3208 416 3237 Romae
431 3205 558 3245 sepulto
575 3205 682 3245 rejicit
697 3204 798 3234 etiarn
813 3204 953 3232 loannes
971 3200 1081 3230 Ciam-

118 3254 216 3292 pinus
227 3253 267 3286 de
283 3256 384 3287 sacris
399 3253 558 3287 aedificiis
575 3262 594 3284 a
609 3253 827 3285 Constantino
845 3251 883 3281 M.
899 3249 1073 3281 exstructis

119 3310 190 3341 cap.
207 3305 247 3334 lv
263 3308 341 3337 sect.
361 3304 399 3340 10
421 3313 512 3336 num.
542 3303 610 3335 150.
643 3303 763 3335 δὶῐηὶῖἰε
781 3300 890 3332 sabula
907 3298 946 3330 de
966 3298 1070 3338 patria

119 3350 224 3385 nedae
239 3352 336 3396 hujus
354 3356 467 3388 Genua
479 3377 489 3394 ,
507 3356 600 3395 qu'us
615 3354 765 3386 meminit
781 3353 902 3383 nector
918 3348 1086 3383 Boethius.

2039 226 2114 264 173

1506 295 1699 335 ΤΟΜΟ
1751 297 1816 334 Ι.”

1218 421 1427 463 Cunabula
1451 420 1744 462 Grammaticae
1765 421 1866 460 artis
1894 420 2037 459 Donati
2049 432 2111 458 re-

1163 485 1300 524 stituta
1323 497 1408 536 pag.
1434 487 1468 524 4.

1216 548 1271 586 De
1294 550 1374 585 octo
1390 545 1576 598 partibus
1602 545 1800 584 Orationis
1822 558 1906 596 pag.
1938 546 1997 585 44.

1215 610 1270 648 De
1289 612 1376 647 arte
1398 608 1564 646 metrica
1586 608 1634 647 ad
1659 608 1904 658 wigbertum
1935 609 2109 646 Levit-am

1161 682 1246 722 pag.
1267 671 1317 710 25
1337 681 1418 720 seq.
1439 671 1582 709 Exstat
1605 675 1645 707 et
1669 671 1706 708 in
1730 670 2005 708 Grammaticis
2019 672 2111 709 Put-

1163 733 1259 771 schii
1275 744 1311 783 p.
1336 732 1571 771 2350-2383
1587 736 1626 768 et
1641 743 1732 782 pars
1749 732 1974 782 praefigitur
1997 733 2112 782 hym-

1164 795 1226 832 nis
1249 793 1542 833 Ecclesiasticis
1565 804 1585 831 a
1610 793 1772 844 Georgio
1795 794 2016 833 Cassandro
2031 795 2111 833 edi-

1164 857 1216 894 tis
1252 854 1367 894 Anno
1396 855 1498 895 4556
1527 859 1567 893 et
1604 855 1705 893 inter
1745 855 1955 894 Cassandri
1984 857 2111 907 Opera

1165 918 1322 956 Parisiis
1346 918 1448 957 4646
1469 916 1531 955 sol.
1557 918 1624 968 qui
1647 917 1818 968 nymnos
1838 919 1956 956 etiam
1983 919 2109 958 Bedae

1162 979 1322 1017 exhibet
1345 990 1381 1030 p.
1408 979 1502 1028 495,
1523 979 1616 1026 206,
1641 979 1738 1027 239,
1763 979 1859 1028 244,
1883 980 1978 1033 254,
2008 980 2108 1029 263,

1160 1042 1254 1091 266,
1284 1041 1377 1087 274,
1402 1042 1497 1089 280,
1522 1042 1617 1090 284,
1647 1042 1737 1081 293.

1205 1105 1261 1143 De
1280 1103 1542 1144 schematibus
1564 1105 1603 1144 S.
1627 1104 1860 1155 Scripturae
1882 1115 1967 1155 pag.
1999 1105 2047 1143 42
2077 1108 2112 1143 et

1159 1166 1282 1218 tropis
1316 1179 1400 1218 pag.
1440 1168 1500 1206 48.
1545 1167 1687 1206 Prodiit
1728 1168 1846 1205 etiam
1893 1169 2107 1217 separatim

1159 1229 1296 1268 Venet.
1320 1230 1435 1269 4522.
1461 1234 1500 1267 et
1524 1241 1615 1268 cum
1650 1230 1827 1280 figuratis
1851 1229 2111 1268 locutionibus

1159 1304 1209 1331 ex
1245 1291 1467 1342 Augustino
1490 1297 1530 1330 et
1553 1292 1815 1342 Chysostomo
1843 1292 2016 1330 collectis
2044 1303 2114 1342 per

1157 1354 1497 1393 Bartholomaeum
1509 1354 1855 1403 Westheimerum,
1865 1354 1979 1392 Basil.
1997 1354 2111 1399 4536,

1162 1417 1185 1454 8
1209 1419 1249 1454 et
1273 1417 1375 1454 inter
1401 1416 1592 1455 Rhetoras
1627 1417 1822 1454 Francisci
1849 1416 1996 1455 Pitheci
2025 1427 2109 1466 pag.

1161 1479 1355 1518 342-355.

1216 1542 1273 1580 De
1292 1540 1573 1593 orthoyraphia
1595 1553 1679 1592 pag.
1705 1542 1753 1580 53
1777 1541 1910 1579 ordine
1933 1540 2115 1591 alphabe-

1160 1606 1248 1644 tico,
1271 1603 1383 1642 Alius
1407 1603 1527 1654 hujus
1551 1604 1772 1654 argumenti
1792 1603 1888 1641 liber
1911 1604 1949 1640 in
1974 1604 2111 1641 Gram-

1159 1667 1316 1707 maticis
1338 1666 1510 1705 Putschii
1534 1678 1619 1717 pag.
1645 1665 1891 1705 2327-2350.

1210 1731 1266 1769 De
1284 1728 1541 1768 arithmeticis
1560 1728 1735 1767 numeris
1758 1739 1843 1779 pag.
1868 1727 1930 1767 72.

1211 1793 1267 1831 De
1276 1791 1446 1831 diversis
1454 1789 1656 1843 speciebus
1664 1802 1920 1829 numerorum
1928 1795 1968 1829 et
1978 1802 2114 1830 mensa

1158 1853 1422 1907 Pythaqorica
1444 1865 1530 1904 pag.
1554 1853 1616 1892 75.

1209 1918 1265 1956 De
1285 1920 1460 1967 computo
1477 1947 1487 1963 ,
1512 1913 1689 1966 dialoqus
1711 1926 1797 1965 pag.
1822 1915 1884 1953 85.

1209 1981 1264 2018 De
1288 1977 1546 2019 divisionibus
1582 1981 1799 2028 temporum
1821 1988 1906 2028 pag.
1932 1977 1993 2014 89.
2031 1977 2109 2014 MS.

1155 2043 1288 2083 Codex
1324 2043 1473 2081 auctior
1507 2040 1807 2079 commendatur
1834 2050 1857 2077 a
1892 2039 2110 2077 Mabillonio

1154 2110 1260 2145 tomo
1283 2106 1298 2144 Ι
1320 2105 1458 2144 musei.
1483 2104 1566 2142 Ital.
1591 2114 1676 2153 pag.
1702 2103 1763 2140 69.

1207 2168 1264 2206 De
1282 2165 1540 2206 arithmeticis
1560 2161 1894 2216 propositionibus
1918 2165 2002 2201 sive
2024 2173 2112 2213 pro-

1157 2229 1394 2269 blematibus
1416 2240 1502 2279 pag.
1529 2228 1616 2266 400.

1208 2290 1379 2331 Libellus
1407 2290 1453 2329 de
1479 2300 1570 2329 asse
1598 2292 1637 2327 et
1664 2285 1851 2339 partibus
1873 2285 1981 2347 ejus,
2003 2290 2041 2325 et
2065 2285 2111 2324 de

1157 2353 1309 2392 ratione
1332 2351 1484 2392 calculi.
1511 2363 1594 2403 pag.
1625 2352 1710 2390 444.

1208 2416 1264 2453 De
1280 2425 1535 2453 numerorum
1548 2411 1735 2452 divisione
1744 2411 1799 2450 acl
1813 2409 2109 2451 Constantinum

1154 2489 1240 2528 pag.
1267 2478 1353 2516 423.

1207 2539 1264 2576 De
1299 2537 1450 2589 loquela
1482 2549 1558 2589 per
1582 2539 1734 2588 yestum
1765 2534 1975 2585 diyitorum
2003 2531 2106 2571 etde

1152 2603 1369 2650 temporum
1383 2598 1535 2637 ratione
1550 2610 1633 2649 pag.
1651 2598 1725 2637 427
1734 2608 1825 2635 cum
1843 2597 1984 2647 glossis
1998 2594 2106 2633 Brid-

1150 2663 1236 2700 ferti
1255 2661 1532 2705 Ramesiensis,
1548 2664 1587 2698 et
1607 2659 1764 2697 scholiis
1783 2659 1838 2695 Jo.
1859 2657 2097 2707 Noviomagi.

1149 2724 1260 2762 Hunc
1283 2722 1456 2760 libellum
1480 2722 1727 2771 suppositum
1747 2719 1873 2757 Bedae
1897 2719 2096 2756 existimat

1151 2785 1335 2823 Petavius
1363 2794 1448 2834 pag.
1485 2784 1559 2821 459
1581 2783 1651 2832 Ep.
1675 2780 1792 2820 Aliud
1826 2785 1958 2819 tamen
1984 2790 2103 2830 supra

1147 2858 1231 2897 pag.
1258 2846 1344 2884 394.

1200 2906 1373 2946 Libellus
1395 2906 1441 2945 de
1464 2905 1616 2944 ratione
1641 2904 1852 2943 unciaru-m
1872 2915 1957 2954 pag.
1984 2903 2072 2942 440.

1198 2971 1253 3008 De
1275 2968 1517 3020 aryumentis
1541 2969 1698 3015 Lunae,
1719 2978 1768 3005 ex
1789 2967 1956 3005 Victorio
1979 2965 2100 3014 Aqui-

1147 3036 1260 3081 tano‚
1285 3032 1469 3081 Dionysio
1492 3032 1639 3069 Graeco
1661 3034 1735 3068 etc.
1761 3039 1844 3079 pag.
1871 3027 1957 3066 443.

1199 3093 1413 3143 Computus
1436 3091 1617 3143 vulyaris
1634 3121 1641 3140 ,
1660 3093 1743 3129 sive
1768 3088 1988 3140 ephemeris
2011 3100 2095 3139 pag.

1147 3156 1233 3194 469.
1255 3155 1436 3194 Auctoris
1458 3154 1559 3193 Beda
1577 3153 1741 3204 junioris
1756 3163 1843 3190 esse
1869 3151 2003 3202 probat
2018 3152 2098 3191 Ou-

1143 3217 1259 3255 dinus
1280 3222 1371 3254 tom.
1399 3218 1438 3264 1,
1463 3228 1547 3267 pag.
1575 3216 1686 3255 4683.

1193 3274 2089 3329 Martyrolwium,versibusliexametris,quod

1142 3341 1291 3397 incipit:
1311 3340 1486 3379 Primum
1502 3351 1602 3378 nunc
1616 3338 1925 3394 lanivocnatum
1943 3341 2092 3380 nomine
