2500 3841
1007 268 1191 311 Auso
2035 271 2081 309 17

104 341 220 382 habet
236 339 478 380 Mabillonius
497 339 637 380 Seculo
661 341 705 380 11.
728 341 794 380 SS.
816 341 906 381 Ord.
929 344 1050 382 Bene-

100 401 194 442 dicti
215 411 301 453 pag.
322 401 391 442 831
418 413 464 442 ea
483 412 561 441 non
577 406 640 442 est
655 401 843 453 Adsonis,
861 404 929 443 sed
951 403 1052 443 Ano-

100 463 231 515 nymi,
251 465 318 515 qui
337 468 426 516 post
445 471 595 504 annum
615 465 868 505 millesimum
887 467 1053 518 scripsit,

98 526 214 566 obvia
240 537 400 578 quoque
419 525 523 578 apud
543 528 804 568 Camusatum
828 540 913 580 pag.
940 529 988 566 63
1016 532 1056 567 et

27 630 33 639 ¹
97 588 259 627 Surium
277 586 326 626 ad
345 587 370 627 2
388 589 474 628 Oct.
495 588 592 628 Vide
621 590 676 628 sis
707 590 867 642 Pagium
896 589 943 629 ad
979 589 1059 629 An-

97 660 195 689 num
214 648 291 689 685
324 659 433 690 num.
462 651 553 691 XIV
582 662 663 703 seq.
696 653 859 692 Caetera
887 651 1055 691 Adsonis

98 710 218 762 hujus
253 715 368 763 sunt,
390 713 510 753 Gesta
537 715 576 754 S.
608 713 764 754 Bassolz'
789 714 1054 764 confessoris,

97 771 142 812 A.
177 772 253 813 567
280 775 385 827 apud
413 776 584 815 eundern
611 777 875 816 Mabillonium
904 776 977 815 Sec
1007 777 1052 815 11.

95 845 181 887 pag.
206 835 259 876 67
279 841 320 876 et
342 838 546 877 translatio
565 838 652 889 ejus
671 850 716 878 ac
737 838 940 877 miracula:
965 838 1048 876 Sec.

97 897 160 945 IV,
183 896 208 938 2
226 910 314 951 pag.
335 899 422 940 137.
450 900 535 940 Vita
553 902 592 941 S.
617 898 868 949 Frocloberti,
891 898 1053 938 Abbatis

94 959 209 1011 primi
228 962 442 1011 CellensiS,
463 974 581 1015 prope
605 965 769 1011 Trecas,
787 963 861 1001 sub
885 961 1052 1000 Clotario

92 1023 160 1062 111.
180 1023 228 1063 id.
246 1024 330 1063 Sec.
351 1026 492 1077 Il,pag.
509 1025 584 1065 626
602 1030 642 1065 et
656 1025 860 1064 translatio
874 1023 1054 1072 reliquia-

97 1094 186 1124 rum
209 1084 296 1137 ejus
323 1087 408 1126 Sec.
434 1088 497 1137 IV,
528 1088 551 1127 2
575 1098 660 1139 pag.
690 1088 779 1126 243.
807 1087 876 1125 His
903 1083 1054 1123 accedit

98 1146 183 1186 Vita
205 1148 244 1187 S.
271 1149 467 1189 Mansuete·
496 1150 623 1197 Scoti,
657 1149 934 1187 Britannorum
963 1145 1054 1195 Epi-

95 1208 222 1261 scopi,
242 1211 309 1261 qui
327 1211 372 1250 A.
396 1212 482 1251 461.
507 1211 678 1251 Concilio
695 1208 913 1248 Turonensi
933 1208 1054 1245 inter-

96 1270 188 1319 fuit,
212 1272 376 1324 vulgata
403 1284 425 1312 a
453 1274 661 1312 Francisco
688 1273 888 1322 Bosqueto
908 1268 1054 1309 Narbo-

94 1334 208 1372 nensi
231 1334 269 1372 in
296 1335 498 1374 Ecclesiae
526 1334 751 1374 Gallicanae
793 1333 984 1380 Historia,
1013 1332 1052 1369 in

94 1399 204 1445 parte
233 1396 426 1446 secunda,
450 1398 553 1436 inter
575 1394 674 1439 Acta
696 1399 736 1434 et
759 1399 896 1434 vetera
916 1405 1055 1433 monu-

95 1461 227 1497 menta
246 1459 432 1510 pag..283
455 1459 612 1498 Parisiis
636 1458 737 1498 1636
763 1457 838 1496 lito.
861 1455 1054 1507 Ejusdem

91 1519 287 1559 Mansveti
316 1520 516 1560 miracula
560 1521 600 1559 in
630 1522 751 1560 Tomo
780 1521 831 1558 111
866 1519 1056 1558 Thesauri

93 1580 384 1622 Anecdotorum
402 1583 602 1623 Edmundi
627 1585 801 1623 Martene
828 1593 913 1633 pag.
943 1581 1057 1621 1013.

146 1641 169 1665 *
190 1643 235 1682 In
255 1644 496 1685 Bibliotheca
523 1645 855 1697 Sangermanensi
886 1648 988 1682 teste
1018 1645 1057 1682 P.

97 1705 384 1745 Montl'auconio
401 1706 583 1746 Biblioth.
592 1708 701 1747 MSS.
718 1718 804 1758 pag.
824 1706 926 1745 1209
948 1709 1058 1744 extat

93 1765 265 1807 Adsonis
287 1769 372 1808 sive
395 1767 562 1808 Assonis
578 1769 758 1809 monachi
777 1767 876 1807 lzber
891 1778 962 1806 seu
978 1766 1058 1817 epi-

92 1827 195 1868 stola
212 1828 259 1869 de
277 1828 520 1870 Antichrzsto
539 1831 588 1871 ad
611 1829 862 1882 Gerberyam
875 1840 1055 1881 reqznam

93 1889 283 1930 Ludovici
300 1892 567 1932 transmarini
581 1893 795 1944 coniuqem.

145 1951 277 1993 ADSO
295 1953 568 2004 Hermiricus‚
593 1955 677 1994 sive
702 1953 956 2002 Hemerz'cus,
981 1952 1053 1991 du-

92 2013 199 2054 bium
218 2026 267 2054 an
291 2015 475 2056 diversus
492 2028 514 2055 a
533 2017 750 2068 superiore,
770 2015 902 2055 Abbas
922 2017 1051 2055 Luxo«

91 2076 242 2116 viensis
253 2078 292 2116 in
307 2077 552 2130 Burgundia,
569 2079 733 2118 Saeculo
749 2077 915 2127 decimo,
932 2078 1054 2128 scrip-

93 2139 145 2176 sit
168 2137 446 2192 compendium
467 2139 572 2180 vitae
600 2143 638 2180 et
664 2139 864 2179 miracula
897 2138 1053 2181 Walde-

93 2197 216 2251 berti,
238 2200 402 2242 Abbatis
416 2204 701 2253 Luxoviensis,
718 2202 894 2242 defuncti
912 2201 956 2242 A.
976 2203 1051 2241 665

93 2263 208 2303 obvia
230 2264 269 2303 in
294 2263 406 2304 Actis
435 2266 672 2305 Sanctorum
694 2265 718 2305 2
741 2263 850 2316 Maji,
878 2269 918 2304 et
948 2264 1051 2316 apud

92 2325 356 2367 Mahillonium
379 2328 464 2367 Sec.
495 2328 548 2367 111
590 2327 834 2368 Benedictin.
863 2331 975 2379 parte
1005 2327 1052 2378 11,

93 2399 180 2440 pag.
212 2388 300 2429 455.

145 2449 302 2500 ADTO,
329 2449 437 2500 Atto,
466 2452 601 2502 Haito,
631 2452 759 2500 Hecto,
783 2451 948 2504 Agnetis
975 2453 1053 2490 Irn—

93 2513 317 2564 peratricis,
339 2514 497 2553 Henrici
528 2514 579 2554 ΙΙΙ
621 2513 828 2565 Conjugi's,
852 2514 1054 2565 cappella-

96 2584 194 2623 nus,
238 2575 342 2614 circa
363 2575 438 2615 An.
469 2577 511 2616 C.
543 2575 644 2616 1070
685 2575 828 2615 dicitur
856 2588 921 2624 ea,
950 2587 1051 2626 quae

94 2635 380 2675 Constantinus
402 2635 612 2676 Africanus
627 2648 676 2675 ex
696 2638 816 2676 variis
833 2638 976 2689 linguis
991 2641 1052 2676 ut—

95 2707 253 2748 cunque
273 2698 753 2750 transtulit,elegantiore,
770 2703 888 2750 atque
909 2704 952 2738 ut
967 2710 1049 2749 cap.

95 2759 147 2799 24
169 2760 224 2798 ait
243 2760 383 2799 Petrus
397 2760 608 2808 Diaconus,
631 2759 859 2798 cothurnato
875 2771 1051 2799 sermone

97 2820 138 2860 in
160 2822 375 2861 Romanam
397 2820 571 2874 linquam
592 2820 861 2873 descmpffl'sse.

149 2882 284 2924 ADTO
296 2885 480 2924 Pacensis
495 2885 724 2933 Lusitanus,
736 2882 866 2922 Abbas
882 2882 1049 2923 Vallum-

98 2943 319 2996 brosanus,
342 2951 383 2986 et
406 2945 552 2985 deinde
570 2946 788 2997 Episcopus
811 2945 859 2983 ab
873 2945 917 2983 Α.
934 2947 1048 2993 1133,

100 3007 352 3048 pistoriensis
370 3009 410 3047 in
434 3009 623 3048 Hetruria.
644 3006 740 3045 Vide
758 3006 962 3057 Ughellum
994 3012 1051 3045 to—

100 3081 164 3110 mo
187 3071 239 3110 111
272 3071 405 3110 Italiae
429 3071 570 3110 Sacrae
593 3081 679 3121 pag.
705 3069 794 3107 294.
823 3068 906 3107 Vita
926 3069 965 3107 S.
988 3069 1052 3106 Jo-

100 3130 241 3173 hannis
269 3131 475 3173 Gvalbertc·
495 3136 606 3172 extat
631 3132 667 3169 in
692 3131 800 3170 Actis
820 3131 1049 3170 Sanctorum

29 3213 40 3226 ·
102 3195 151 3235 ⁴2
172 3195 263 3235 Julii
290 3200 382 3234 torn.
406 3195 457 3234 111
477 3224 484 3243 ‚
509 3205 594 3245 pag·
621 3194 707 3233 365.
733 3192 780 3232 At
803 3192 883 3231 Ve'cn
902 3193 940 3231 S.
963 3193 1052 3231 Ver-

99 3255 453 3308 dianaeperperam
469 3256 631 3295 adhunc
649 3255 839 3294 Adtonem
858 3254 928 3293 An.
950 3255 1042 3293 1151

100 3316 332 3358 defunctum
357 3318 547 3365 refertur,
571 3328 661 3356 cum
688 3315 873 3354 Vordiana
900 3327 974 3353 non
1000 3316 1045 3353 sit

105 3383 256 3419 mortua
276 3384 366 3419 ante
387 3378 456 3419 An.
484 3379 595 3419 4220,
615 3377 706 3417 Vide
727 3378 895 3416 Dim-iuni
914 3377 1050 3416 Erudi-

1125 346 1252 383 torum
1297 345 1540 392 Mutinense,
1588 342 1768 383 Giornale
1813 342 1870 381 de‘
1897 343 2080 381 Letterati

1115 405 1160 444 .d'
1176 407 1282 445 ltalia
1303 406 1374 445 An.
1398 407 1499 446 ⁴692
1523 418 1606 457 pag.
1633 407 1708 445 315
1728 405 1790 445 ubi
1818 404 1985 443 refertur
2000 405 2078 441 vita

1127 466 1306 517 ejusdem
1330 467 1544 507 Verdianac
1569 468 1715 518 scripta
1742 467 1875 506 Italico
1905 466 2007 504 circa
2037 464 2079 503 Α.

1132 530 1232 569 1440
1262 542 1284 569 3
1312 530 1520 569 Laurentio
1562 529 1773 577 Jacornini,
1807 528 2081 574 Dominicano,

1129 591 1311 643 editaque
1340 603 1431 631 cum
1460 593 1563 629 notis
1591 596 1630 629 ct
1664 589 2001 630 observationibus
2043 590 2080 627 Ρ.

1133 653 1259 702 Badii,
1281 654 1498 693 Florentiae
1524 653 1650 699 4692,
1675 654 1710 690 8.

1181 715 1316 755 ADTO
1347 716 1392 754 11.
1415 715 1634 765 Episcopus
1665 713 1932 761 Vercellense's,
1962 712 2006 752 Α.
2037 713 2078 751 C.

1128 778 1205 816 945
1245 774 1494 815 doctissimus
1542 775 1572 813 T
1570 775 1749 826 heoloyus
1792 781 1827 814 el
1867 775 2079 815 Canonista

1121 837 1363 890 praeclarus
1377 869 1388 887 ,
1404 836 1527 889 plura
1549 837 1616 876 sui
1635 837 1779 888 ingenii
1803 836 2078 889 doctrinaeque

1125 903 1373 938 monumenta
1387 898 1565 950 reliquit,
1579 910 1680 950 quae
1694 898 1938 937 continentur
1959 898 1997 936 in
2010 910 2079 936 an-

1125 961 1230 1013 tiquo
1251 961 1390 1002 Codice
1418 963 1499 1002 MS.
1530 961 1569 1000 in
1602 961 1789 1001 Vaticana
1823 959 2077 1001 Bibliotheca.

1125 1035 1173 1062 ac
1203 1023 1439 1064 Vercellensi
1477 1022 1674 1063 Archivio.
1706 1022 1846 1062 Plures
1876 1033 2077 1060 sermones

1125 1083 1176 1123 ab
1195 1085 1278 1137 ipso
1300 1085 1451 1126 habitos
1473 1098 1549 1140 pro
1564 1085 1848 1138 offortunitale
1863 1088 2078 1136 temporum

1125 1147 1307 1200 scripsit,
1333 1152 1414 1187 tam
1441 1153 1480 1188 ec
1502 1149 1717 1200 Epistolas:
1739 1146 1883 1186 librum
1902 1146 1991 1185 item
2015 1157 2078 1184 cut

1126 1211 1452 1261 perpendiculum
1476 1210 1631 1250 titulum
1652 1209 1763 1263 fecit,
1799 1220 1886 1248 cum
1911 1219 1987 1260 quo
2014 1219 2081 1245 no-

1125 1271 1201 1309 aeia
1222 1271 1465 1325 redarguere
1502 1276 1539 1311 ec
1574 1271 1732 1311 honesta
1762 1272 1918 1310 sancire
1946 1270 2076 1309 docel:

1127 1333 1308 1373 Canones
1327 1338 1721 1386 rursus,statutaque
1740 1332 1991 1373 Vercellensis
2007 1332 2081 1370 Ec-

1127 1394 1269 1435 clesiae
1288 1400 1402 1435 eruta
1428 1396 1609 1437 Concile'is
1640 1395 1884 1448 epistolisque
1898 1396 2081 1434 Decreta-

1131 1456 1251 1506 libus,
1277 1458 1380 1510 quod
1397 1471 1492 1512 opus
1514 1459 1553 1497 in
1574 1463 1734 1498 centum
1758 1460 1882 1510 capita
1912 1460 2000 1507 apte
2021 1455 2080 1493 di-

1131 1520 1284 1559 stinoeil.
1295 1521 1389 1559 Item
1401 1520 1447 1559 de
1461 1522 1657 1571 pressuris
1675 1520 1970 1560 Ecclesiasticis,
1984 1530 2077 1569 opus

1133 1582 1173 1621 in
1196 1586 1275 1623 cres
1291 1586 1429 1636 partes
1451 1582 1639 1631 divisum,
1664 1593 1837 1633 quarum
1859 1580 1993 1632 prima
2021 1583 2076 1617 es!

1133 1645 1180 1684 de
1189 1645 1357 1699 judiciis
1370 1646 1649 1699 Episcoporum
1661 1642 1851 1692 ,secunda
1863 1642 1908 1681 de
1924 1641 2060 1680 ordina
2069 1665 2081 1668 <

1132 1707 1301 1748 tionibus
1341 1707 1575 1757 eorundem,
1606 1706 1724 1746 tertia
1751 1705 1797 1745 de
1823 1703 2078 1758 facultatibus

1130 1769 1413 1810 Ecclesz'amm.
1434 1772 1536 1810 Haec
1558 1769 1748 1822 Vghellus
1776 1770 1895 1807 Tomo
1919 1768 1980 1806 IV.
2006 1767 2081 1804 lta-

1129 1832 1200 1871 liae
1223 1832 1364 1872 Sacrae
1386 1844 1471 1884 pag.
1494 1832 1581 1871 796.
1598 1833 1660 1871 Ex
1679 1831 1744 1870 illo
1767 1829 1907 1869 Codice
1930 1829 2081 1867 Vatica—

1129 1905 1177 1932 no
1200 1893 1408 1946 descripsit
1429 1895 1601 1933 Joannes
1624 1895 1729 1932 Bona
1751 1896 1791 1931 et
1813 1891 2078 1930 communica-

1126 1957 1185 1993 vit
1212 1966 1304 1995 cum
1333 1957 1437 1995 Luca
1463 1954 1671 2003 Dacherio,
1705 1955 1771 2005 qui
1805 1952 1923 1991 edidit
1956 1953 2076 1990 Tomo

1124 2021 1264 2056 octavo
1303 2017 1508 2069 Spicilegii.
1539 2016 1740 2067 (editionis
1768 2026 1891 2054 novae
1920 2015 1958 2051 in
1988 2013 2074 2051 solio

1128 2083 1222 2118 tom.
1247 2080 1262 2118 Ι
1283 2109 1291 2128 ,
1311 2091 1397 2130 pag.
1430 2079 1504 2119 402
1535 2079 1636 2130 seq.)
1671 2076 1918 2130 Capitulare,
1947 2074 2079 2126 capita

1123 2144 1287 2180 eentum.
1308 2139 1496 2180 Libellum
1512 2139 1558 2180 de
1566 2138 1773 2192 pressuris
1790 2136 2075 2177 Ecclesiaste'cis

1124 2214 1209 2254 pag.
1232 2203 1272 2242 41
1286 2202 1565 2255 4etEpistolas
1581 2213 1724 2241 novem
1739 2213 1824 2253 pag.
1847 2201 1914 2240 431
1942 2211 2080 2239 unam-

1124 2278 1201 2317 que
1247 2265 1468 2314 Gunzonz's,
1507 2267 1667 2305 Levitae
1710 2264 1963 2304 Novariensis
1992 2274 2075 2313 pag.

1126 2328 1202 2367 437
1219 2333 1259 2368 et
1281 2329 1443 2368 alteram
1462 2326 1665 2368 Ambrosii
1675 2325 1975 2366 Mediolanensis
1990 2325 2079 2363 Pre-

1125 2390 1274 2442 sbyteri
1295 2391 1342 2430 ad
1363 2390 1561 2430 Attonem.

1176 2453 1462 2493 ADVENTIUS
1490 2452 1673 2493 Metensis
1700 2452 1938 2502 Episcopus,
1962 2448 2076 2498 cujus

1122 2514 1341 2566 Epz'stolam
1373 2515 1428 2554 ad
1467 2513 1773 2566 Theucqandum,
1809 2511 2076 2561 Archiepiseo-

1123 2588 1236 2627 pum,
1267 2581 1306 2615 et
1335 2578 1430 2616 alias
1467 2577 1578 2616 binas
1604 2575 1659 2614 ad
1686 2573 1889 2614 Nicolaum
1924 2572 2069 2621 Papam

1124 2638 1282 2677 exhibet
1302 2640 1490 2678 Baronius
1513 2637 1560 2676 ad
1584 2637 1656 2675 An.
1679 2638 1719 2675 C.
1745 2636 1820 2672 86²->
1836 2645 1942 2672 num.
1967 2633 2015 2670 60
2033 2637 2070 2670 et

1123 2701 1198 2739 863
1218 2712 1325 2739 num.
1348 2701 1390 2739 51
1412 2705 1451 2738 et
1471 2700 1545 2737 861
1564 2710 1670 2737 num.
1694 2698 1716 2734 6
1732 2698 1797 2746 qui
1814 2696 1861 2733 de
1882 2694 1944 2732 illo
1960 2694 2069 2744 plura

1122 2767 1214 2802 tom.
1230 2764 1277 2801 X.
1297 2761 1520 2800 Annalium.
1539 2760 1643 2799 Obiit
1674 2758 1895 2797 Adventius
1915 2755 1958 2794 A.
1982 2756 2068 2793 875.

1122 2825 1216 2864 Vide
1241 2822 1562 2863 Sammarthanos
1599 2826 1703 2858 tomo
1724 2820 1786 2858 111.
1802 2818 1947 2857 Galliae
1962 2817 2071 2856 Clu-i-

1120 2887 1268 2925 stianae
1291 2897 1326 2936 p.
1351 2883 1439 2922 713.

1174 2946 1561 2987 AEDll.WUl.l‘llUS.
1590 2944 1678 2983 vide
1703 2943 1933 2984 E'l'llEl.W.

1174 3010 1364 3049 Chronica
1388 3009 1425 3046 S.
1459 3008 1628 3046 AEGllm
1656 3009 1693 3045 in
1722 3006 1944 3055 Brunswig.
1972 3003 2068 3041 infra

1123 3073 1225 3109 inter
1247 3069 1493 3119 Anonymos,
1519 3069 1778 3108 Pistor-ianus.

1175 3132 1466 3172 AEGIDIORUM
1504 3132 1638 3171 CXLII
1677 3130 1903 3169 recentioris
1947 3128 2068 3166 maxi-

1123 3205 1224 3232 mam
1250 3197 1400 3243 partem
1424 3195 1583 3241 aetatis.
1608 3193 1676 3232 sed
1703 3193 1739 3230 in
1766 3192 1824 3229 liis
1847 3192 1964 3229 etiam
1990 3189 2068 3240 ple-

1124 3265 1350 3304 rorumque.
1375 3266 1422 3293 ex
1448 3254 1508 3293 liis
1531 3266 1632 3305 quos
1651 3253 1730 3304 jum
1756 3263 1988 3304 percensere
2013 3253 2049 3289 in

1122 3318 1259 3362 stituo,
1276 3317 1449 3355 notitiam
1467 3318 1653 3367 promittit
1671 3315 1942 3354 le(·toribus.et
1957 3315 2061 3352 offeri

1127 3377 1301 3428 xligidius
1326 3378 1566 3425 llocliniulli,
1591 3379 1724 3417 Pastor
1754 3376 2064 3416 Mulilbavensis.

1686 3461 1705 3493 :l
