2500 3841
984 195 1219 235 FALCO

114 278 332 330 publicavit
355 279 451 312 tom.
475 272 499 311 2
525 271 761 321 scriptorum
801 279 935 307 rerum
971 267 1066 307 Ger-

114 341 361 380 manicarum
378 346 464 387 pag.
479 334 613 373 55-80.
624 337 908 383 auctoremque
929 332 1066 382 scripti

66 405 74 412 '
112 406 229 442 vocat
248 399 465 448 Nicolaum,
494 398 737 448 Episcopum
759 396 1064 446 Ypponensem,

112 476 204 505 cum
234 468 370 502 tamen
393 461 579 500 Nicolaus
602 460 856 510 Ypponensis
878 469 920 496 se
945 461 1067 496 teste-

111 532 179 566 tur
202 525 411 564 diversum
428 534 450 562 a
467 523 623 561 Nicolao
644 521 979 568 Falckensteinio,
1000 531 1068 558 cu-

106 589 174 641 jus
196 588 392 639 scriptum
417 586 653 625 Germanice
678 584 801 623 edidit
825 588 864 622 et
888 582 1067 622 Maximi-

112 653 215 692 liano
238 652 268 689 Ι.
292 651 546 700 Imperatori,
569 647 756 687 Friderici
781 647 856 693 lII,
887 650 927 683 ct
955 644 1069 683 Eleo-

112 724 232 753 norae
250 712 328 751 filio
346 743 354 762 ,
371 711 583 760 dedicavit,
601 715 646 749 ut
657 710 888 750 Clarissimo
905 708 1066 747 Struvio

108 776 190 827 jam
221 775 493 814 observatum.

165 838 330 878 FALCO
353 838 656 876 Beneventanus
678 867 685 885 ,
711 836 847 875 Scriba
872 836 911 874 S.
931 834 1067 873 Palatii

110 901 328 941 Innocentii
354 900 402 938 ll.
427 902 553 950 Papae
573 929 582 947 ,
607 905 647 938 et
671 898 800 938 Judex
819 900 1068 937 Beneventa-

111 976 215 1012 nus,
245 962 292 1002 de
310 961 434 1001 rebus
461 965 592 1000 aetate
623 973 701 1000 sua
736 959 859 1012 yestis
880 960 928 998 ab
952 958 1068 997 Anno

112 1028 270 1066 CHristi
309 1026 411 1066 4402
449 1025 498 1064 ad
538 1023 653 1064 4440.
680 1028 813 1062 exstat
845 1024 881 1060 in
907 1021 1067 1061 Antonii

114 1088 328 1131 Caraccioli
359 1092 531 1139 quatuor
567 1087 744 1137 antiquis
779 1084 1068 1134 Chronologis,

61 1144 73 1147 χ
115 1153 184 1204 qui
208 1155 304 1190 sunt
324 1152 623 1201 Herempertus,
641 1152 777 1200 Lupus
793 1146 1072 1198 Protorpatha-

116 1216 200 1254 rius
220 1246 230 1263 ,
255 1213 492 1264 Anonymus
516 1217 556 1250 et
580 1213 695 1251 Falco
715 1243 722 1261 ,
747 1211 907 1262 Neapoli
941 1210 1069 1258 4626,

115 1280 150 1318 4.
179 1289 254 1317 nec
282 1288 361 1315 non
392 1276 547 1315 Camilli
582 1276 783 1327 Peregrini
834 1276 871 1312 in
906 1273 1071 1312 historia

111 1342 339 1392 Principum
388 1338 739 1390 Longobardorum
790 1337 990 1376 recensita
1030 1339 1070 1372 et

116 1404 284 1455 carptim
309 1403 528 1450 illustrata,
552 1401 644 1440 ibid.
672 1401 799 1450 4643,
827 1401 862 1438 4.
887 1400 926 1436 in
956 1400 1073 1436 Joan-

113 1468 176 1506 nis
198 1466 400 1517 Baptistae
424 1465 579 1504 Carusii
601 1464 845 1503 Bibliotheca
883 1462 1070 1500 historica

125 1529 280 1569 Siciliae
325 1532 422 1566 tom.
468 1529 502 1566 4.
546 1528 728 1565 Panormi
765 1525 894 1573 4720,
931 1524 994 1562 fol.
1033 1524 1070 1561 in

114 1591 378 1630 laudatissimi
422 1590 624 1629 Muratorii
665 1594 772 1627 tomo
815 1587 990 1626 secundo
1034 1591 1074 1625 et

63 1703 67 1708 q
113 1654 253 1705 quinto
283 1654 466 1704 Corporis
498 1651 803 1691 Mediolanensis
832 1652 1073 1701 scriptorum

118 1716 167 1756 de
192 1716 313 1755 rebus
333 1716 468 1754 Italiae
491 1727 578 1766 pag.
600 1714 651 1754 82
677 1725 770 1753 cum
790 1713 1074 1765 appendicibus

113 1779 329 1830 historicis,
352 1783 392 1817 et
417 1779 455 1815 in
481 1778 675 1815 thesauro
693 1777 976 1826 antiquitatum
1000 1776 1076 1813 lta-

114 1842 188 1880 liae
211 1841 507 1880 Burmanniano
530 1844 628 1877 tom.
655 1840 724 1877 IX.
742 1840 891 1877 Novam
914 1848 1074 1887 quoque

115 1903 330 1943 editionem
369 1903 549 1953 promisit
584 1901 782 1940 Antonius
824 1901 872 1939 de
903 1900 1069 1947 Amico,

116 1958 405 2013 Messanensis,
426 1967 464 2002 in
495 1976 627 2003 rerum
655 1964 878 2003 Sieularum
905 1965 1069 2014 scripto-

115 2029 225 2067 ribus
243 2058 250 2076 ,
267 2040 317 2066 ex
338 2027 480 2067 Codice
497 2028 574 2066 MS.
594 2028 637 2065 D.
655 2026 862 2065 Annibalis
882 2027 1074 2065 Maso-am-

115 2092 231 2130 bruni
251 2122 262 2140 ,
289 2090 565 2129 Beneventani
587 2120 596 2139 ,
620 2092 759 2140 postea
778 2089 962 2139 Episcopi
987 2089 1076 2127 Sta-

114 2155 276 2193 biensis.
305 2151 403 2191 Vide
433 2153 596 2202 Pagium
635 2151 682 2189 ad
718 2150 879 2189 Annum
919 2151 1074 2190 CHristi

123 2218 225 2256 4443
250 2216 434 2262 num.l,
460 2225 544 2264 seq.
576 2218 616 2252 et
656 2214 758 2253 4440
790 2225 901 2253 num.
941 2214 989 2253 43
1036 2217 1076 2252 et

116 2281 306 2319 Miraeum
331 2278 371 2316 in
395 2278 572 2317 auctario
602 2276 650 2315 de
687 2277 713 2316 S
756 2278 802 2316 E.
844 2289 880 2327 p.
920 2277 969 2316 56
1008 2277 1075 2327 qui

115 2342 329 2381 Falconem
354 2351 418 2378 res
434 2341 744 2378 Beneventanas
766 2341 1003 2389 praesertim
1022 2340 1075 2377 ita

116 2397 301 2444 accurate
331 2403 385 2442 ait
413 2402 705 2453 descripsisse,
730 2405 776 2439 ut
811 2401 884 2452 qui
916 2413 984 2440 eas
1023 2401 1076 2441 le-

115 2466 199 2519 yit,
243 2477 320 2504 non
362 2463 504 2516 leyere,
543 2463 615 2504 sed
653 2475 849 2517 praesens
886 2464 1074 2504 interesse

119 2528 318 2569 videatur.

171 2593 321 2631 Omitto
343 2590 594 2630 Benedictum
615 2590 660 2629 de
678 2588 854 2636 FALCO,
876 2591 942 2639 qui
965 2590 1073 2629 Civis

117 2654 425 2707 Neapolitanus,
448 2652 716 2705 Antiquitates
740 2650 925 2703 Neapolis
956 2655 1073 2703 atque

118 2716 388 2756 amoenisszmz·
405 2717 492 2768 ejus
514 2717 609 2768 cyri
632 2727 709 2754 non
738 2716 874 2753 Latine
899 2716 1072 2765 scripsit,

119 2780 188 2819 sed
213 2780 348 2819 ltalice
367 2812 378 2829 ,
405 2781 565 2830 saepius
589 2789 753 2817 recusas
778 2780 867 2827 post
903 2778 1072 2827 primam

121 2842 338 2881 editionem
376 2842 673 2893 Neapolitanam
712 2840 813 2879 4539
837 2869 845 2886 ,
876 2839 912 2876 8.
940 2840 1042 2878 4568
1067 2869 1074 2886 ,

119 2905 220 2945 4580
241 2935 248 2951 ,
273 2907 286 2945 4
299 2900 400 2954 589,
427 2906 462 2943 8.
488 2904 614 2943 donec
647 2903 819 2952 denique
844 2902 966 2939 vertit
1006 2903 1075 2940 La-

118 2968 200 3006 tine
223 2968 267 3006 V.
294 2968 335 3007 C.
363 2967 594 3019 Sigebertus
619 2967 891 3015 Havercamp,
922 2975 970 3002 ex
998 2965 1075 3003 lta-

121 3030 193 3069 lica
210 3029 383 3068 editione
402 3029 672 3067 emendatiore
691 3030 803 3065 sexta
817 3026 1072 3075 Neapolitana

120 3091 247 3141 4679,
276 3092 310 3130 4.
336 3091 595 3141 exhibuitque
621 3093 658 3127 in
691 3090 824 3127 limine
854 3089 947 3126 tomi
981 3090 1069 3126 noni

118 3154 310 3194 Thesauri
354 3153 649 3204 Antiquitatum
695 3151 828 3189 ltaliae
877 3152 1070 3189 Burman-

121 3218 241 3256 niani.

171 3277 335 3318 FALCO
358 3278 586 3325 Monachus.
612 3280 750 3316 auctor
762 3274 950 3315 Chrom‘cz'
976 3276 1065 3314 Tre—

122 3340 364 3379 norclii'ensis
385 3370 391 3378 .
423 3341 525 3390 quod
550 3343 689 3379 Petrus
714 3340 948 3377 Francisrus
973 3340 1064 3378 (lhi-

2019 188 2090 227 551

1137 267 1270 305 ssetius
1294 265 1470 316 vulgavit
1494 264 1530 300 in
1558 262 1720 300 historia
1743 260 1968 299 Monasterii
1999 258 2092 296 Tor-

1141 329 1364 376 nutiensis,
1403 327 1489 365 sive
1527 323 1857 364 Trenorchiensis
1879 351 1887 370 ,
1930 321 2098 360 Divione

1143 391 1274 440 4664,
1307 392 1342 428 4.

1194 451 1442 493 FALCONIA
1469 448 1603 490 Proba
1622 451 1845 490 Centonem
1870 446 1917 486 de
1937 444 2099 499 fabrica

1139 515 1280 557 Mundi
1300 518 1338 554 et
1354 512 1597 565 Evanyeliis,
1622 512 1848 563 virgilianis
1866 513 2096 560 cooptatum

1141 579 1352 618 versiculis
1376 578 1612 628 composuit.
1634 576 1742 614 Hanc
1769 574 1986 614 Centonum
2014 570 2100 611 Vir-

1138 640 1382 692 qilianorum
1413 640 1632 685 Potitriam,
1663 637 1882 675 Gentilium
1921 635 2098 674 carmina

1141 704 1188 743 ad
1209 704 1445 753 obsequium
1474 701 1581 739 Fidei
1607 705 1907 750 retorquentem
1924 729 1935 747 ,
1961 696 2102 736 Falco-

1142 766 1251 804 m‘am
1277 763 1463 812 Probam,
1489 765 1619 802 civem
1643 764 1874 811 llortanam,
1893 772 1971 800 non
1989 760 2103 799 FAL-

1142 828 1333 868 TONIAM
1377 825 1653 878 appellandam
1686 835 1804 873 esse,
1830 829 1870 862 ct
1899 834 1973 862 nec
2007 832 2100 861 cum

1143 889 1286 930 Anicia
1310 888 1562 928 FALTONlA
1587 885 1745 935 Proba,
1784 887 1905 925 trium
1943 886 2097 925 Consu-

1145 955 1227 992 lum
1255 957 1409 1000 matre,
1431 951 1494 1001 (de
1516 962 1594 1001 qua
1618 950 1811 989 Baltcllus
1835 949 1867 995 a)
1892 950 1930 986 in
1953 948 2101 986 disser-

1145 1018 1294 1056 tatione
1315 1016 1363 1054 de
1382 1014 1624 1065 sarcophago
1642 1023 1862 1052 marmoreo
1879 1011 1989 1050 Probi
2007 1010 2102 1049 Ani-

1145 1081 1193 1117 cii
1219 1083 1258 1117 et
1282 1078 1428 1117 Probae
1452 1078 1651 1115 Faltoniae
1673 1077 1711 1114 in
1730 1075 1878 1126 templo
1901 1074 2101 1121 Vaticano,

1143 1144 1289 1181 Romae
1315 1141 1418 1180 4705
1441 1172 1449 1188 ,
1474 1141 1524 1188 8.)
1554 1150 1627 1178 nec
1664 1150 1754 1178 cum
1801 1135 1959 1176 Valeria
1990 1135 2104 1174 PRO-

1144 1205 1236 1253 BA,
1262 1215 1385 1243 uxore
1410 1202 1552 1242 Adelfii
1578 1203 1649 1240 Pro
1680 1202 1768 1241 Cos.
1810 1201 1844 1249 b)
1887 1201 2102 1250 quicquam

1145 1268 1290 1307 habere
1315 1278 1529 1305 commune
1555 1265 1671 1304 docet
1700 1265 1768 1303 Vir
1802 1263 2102 1303 eruditissimus

1145 1332 1288 1369 Justus
1304 1330 1517 1367 Fontanini
1542 1329 1638 1367 libro
1665 1329 1688 1367 2
1712 1327 1762 1365 de
1786 1325 2103 1377 Antiquitatibus

1146 1394 1292 1431 Hortae
1317 1392 1526 1441 Coloniae,
1552 1402 1636 1442 cap.
1663 1392 1678 1430 4
1711 1421 1720 1440 ,
1759 1401 1843 1440 seq.
1880 1392 1912 1436 c)
1956 1390 2102 1427 Romae

1147 1454 1277 1503 4708,
1304 1455 1340 1493 4.
1365 1459 1405 1493 et
1430 1459 1528 1492 tom.
1552 1455 1629 1501 111,
1655 1453 1833 1492 thesauri
1864 1453 2102 1502 scriptorum

1147 1518 1283 1557 ltaliae
1315 1522 1426 1568 parte
1457 1518 1494 1556 3.
1528 1527 1761 1567 oppugnans
1798 1516 1930 1553 virum
1968 1512 2103 1551 itidem

1147 1581 1541 1632 praestantissimum
1574 1578 1756 1617 Thomam
1775 1577 1821 1616 de
1841 1573 2104 1621 Simeonibus,

1149 1645 1215 1694 qui
1239 1644 1276 1680 in
1315 1642 1595 1681 dissertatione
1620 1641 1668 1680 de
1693 1641 1848 1680 duabus
1873 1639 2033 1686 Probis,
2067 1637 2104 1685 d)

1150 1707 1186 1743 in
1212 1705 1329 1755 cujus
1352 1706 1458 1744 calce
1483 1709 1599 1743 cento
1627 1706 1709 1755 ipse
1734 1703 1957 1751 exhibetur,
1981 1703 2107 1740 Bono-

1150 1769 1239 1807 niae
1266 1769 1389 1816 4696,
1419 1769 1452 1805 4.
1481 1768 1675 1806 Valeriam
1698 1766 1916 1804 Faltoniam
1940 1763 2105 1802 Probam

1152 1830 1293 1869 Adelfii
1311 1831 1344 1877 e)
1370 1841 1534 1868 uxorem
1556 1834 1748 1868 centones
1766 1826 2109 1877 illoscomposuis-

1197 1955 1230 1993 a)
1253 1955 1426 1986 Memoires
1448 1952 1488 1984 de
1512 1955 1663 1984 Trevoux
1685 1956 1722 1984 Α.
1749 1951 1840 1983 1708.
1865 1960 1941 1992 pag.
1963 1951 2036 1983 876.
2063 1954 2108 1982 Dc

1140 2007 1260 2037 Anicio
1284 2004 1392 2035 Probo
1417 2003 1582 2044 praesecto
1608 2003 1781 2033 Praetorio
1812 2001 1885 2033 sub.
1910 2001 2114 2033 valentinia-

1142 2064 1185 2087 no
1201 2079 1211 2095 ‚
1233 2055 1409 2093 Probaque
1432 2061 1534 2084 uxore
1558 2052 1702 2084 Jacobus
1727 2053 1914 2083 Gronovius
1938 2055 2019 2082 tom.
2043 2055 2114 2081 ter-

1141 2108 1189 2136 tio
1213 2105 1359 2136 thesauri
1384 2104 1632 2142 Antiquitatum
1657 2104 1857 2133 Graecarum
1883 2110 1962 2131 rrrr
1985 2101 2115 2132 Probae

1145 2154 1316 2193 Probique
1344 2153 1494 2184 tumulus
1519 2155 1553 2184 in
1578 2154 1704 2183 Ferreti
1733 2154 1833 2183 Musis
1864 2151 2037 2191 lapidariis
2062 2152 2118 2181 111.

1142 2205 1195 2236 45.
1219 2213 1296 2244 pag.
1320 2203 1394 2235 215.
1420 2207 1453 2234 et
1476 2205 1510 2235 in
1534 2203 1629 2234 Pauli
1654 2203 1795 2242 Aringhi
1824 2204 1928 2233 Roma
1951 2202 2124 2233 subterra-

1146 2262 1208 2285 nea
1233 2254 1272 2285 ll.
1298 2252 1347 2284 10.
1374 2258 1437 2293 pag
1473 2251 1545 2284 181.

1204 2304 1241 2342 b)
1269 2304 1391 2335 Confer
1427 2301 1669 2342 Ephemerides
1703 2301 1921 2333 Eruditorum
1956 2302 2061 2332 Paris.
2087 2304 2123 2331 Α.

1145 2355 1237 2387 1694.
1263 2364 1340 2395 pag.
1364 2354 1439 2385 ⁶249.
1468 2362 1536 2393 seq.
1561 2356 1593 2384 et
1615 2354 1757 2392 Pagium
1784 2360 1823 2383 ac
1847 2351 2031 2382 Samuelem
2060 2354 2123 2381 Ba-

1142 2408 1299 2445 snagium
1324 2404 1365 2436 ad
1388 2409 1521 2435 Annum
1545 2404 1674 2434 CHristi
1697 2402 1770 2434 595.
1795 2405 1895 2433 Notas
1931 2402 1970 2432 ad
2008 2405 2123 2440 Augu-

1147 2458 1285 2487 stinum*
1300 2461 1382 2485 tom.
1407 2455 1426 2484 Ξ
1449 2453 1610 2485 editionis
1652 2452 1831 2484 Amstelod.
1857 2460 1932 2492 pag.
1960 2451 2032 2483 ⁶289.
2060 2454 2122 2482 Pa-

1142 2508 1240 2545 gium
1262 2506 1365 2535 etiam
1391 2504 1431 2534 ad
1455 2506 1588 2534 Annum
1609 2502 1682 2533 458.
1709 2511 1800 2533 num.
1828 2502 1859 2532 7.

1203 2555 1235 2593 o)
1259 2558 1340 2585 Acta
1363 2554 1581 2584 Eruditorurn
1604 2555 1664 2583 An.
1686 2551 1778 2582 1709.
1800 2559 1875 2592 pag.
1892 2550 1924 2582 6.
1945 2551 2119 2581 Memoires

1142 2607 1181 2638 de
1204 2608 1358 2637 Trevoux
1383 2607 1420 2634 A.
1458 2602 1551 2634 1708.
1586 2611 1663 2642 pag.
1688 2601 1781 2632 1904.
1806 2600 1963 2631 Giornale
1989 2601 2040 2631 de*
2056 2599 2119 2630 let-

1144 2657 1242 2688 terati
1266 2654 1300 2685 d’
1319 2654 1414 2685 ltalia
1438 2657 1521 2684 tom.
1544 2655 1641 2682 xxiv
1665 2660 1739 2692 pag.
1766 2650 1837 2681 140.
1864 2658 1931 2690 seq.

1202 2705 1236 2742 d)
1263 2703 1423 2735 Giornale
1449 2702 1501 2734 de'
1521 2702 1665 2733 letterati
1691 2700 1723 2731 di
1761 2699 1900 2731 Modcna
1927 2702 1988 2731 An.
2025 2699 2116 2731 loo-2.

1145 2763 1223 2796 pag.
1247 2754 1324 2786 ⁶247.

1203 2805 1234 2841 e)
1259 2806 1307 2835 lta
1333 2806 1422 2835 certe
1445 2801 1596 2834 Isidorus
1615 2799 1817 2840 Hispalensis
1837 2799 1877 2831 de
1893 2800 2114 2840 scriptoribus

1142 2855 1387 2886 Ecclesiasticis
1413 2861 1486 2892 cap.
1504 2852 1523 2882 5
1554 2851 1672 2883 Proba
1696 2859 1789 2881 uxor
1806 2850 2014 2891 Adelfit'Pro
2035 2851 2113 2882 Ccs.

1144 2905 1301 2945 foemina
1317 2928 1327 2942 ,
1355 2904 1447 2934 inter
1473 2903 1572 2933 viros
1590 2901 1868 2933 Ecclesiasticos
1892 2901 2026 2931 ideirco
2049 2909 2115 2940 po-

1142 2955 1216 2986 sim
1243 2954 1321 2984 sola
1342 2977 1352 2992 ‚
1375 2961 1440 2993 pro
1468 2962 1506 2982 eo
1534 2953 1626 2992 quod
1648 2952 1687 2982 in
1710 2951 1828 2982 Laude
1855 2951 2003 2983 CHristi
2036 2960 2115 2982 ver-

1142 3009 1224 3036 sata
1245 3008 1298 3035 est
1314 3027 1322 3042 ,
1339 3012 1552 3043 componens
1571 3007 1751 3033 centonem
1768 3002 1809 3032 de
1829 3002 1983 3034 CHre'sto
1998 3025 2008 3039 ‚
2038 3002 2115 3033 Vir—

1141 3055 1296 3095 yilianis
1316 3058 1523 3093 coaptatum
1538 3052 1740 3083 versiculis.
1763 3051 1874 3090 Cujus
1890 3052 2030 3091 quidem
2042 3061 2116 3083 non

1139 3105 1314 3135 miramur
1330 3104 1500 3140 studium,
1516 3104 1577 3133 sed
1594 3103 1786 3134 laudamus
1804 3102 1998 3142 inqcni'nm.
2014 3102 2115 3142 Quod

1139 3157 1257 3184 tamen
1285 3153 1492 3192 opusculum
1511 3153 1642 3191 lenitur
1658 3153 1750 3182 inter
1768 3152 1999 3191 Apocryphas
2023 3153 2115 3183 scr-i-

1136 3207 1261 3243 ρίαν-(ιε
1288 3203 1473 3234 insertum.
1499 3203 1607 3233 Golas.
1647 3202 1725 3235 dist.
1762 3201 1810 3232 15.
1837 3210 1910 3242 cap.
1934 3203 1965 3234 5.
1993 3204 2116 3235 Centi-

1136 3256 1285 3283 meerum
1308 3253 1348 3282 (le
1375 3252 1529 3283 CHristo
1574 3252 1784 3290 Vir-yi'lt‘anis
1820 3253 2113 3292 compayt'natnm

1136 3301 1291 3334 versibus
1306 3326 1316 3341 ,
1341 3301 1598 3341 Apocryphum.
1621 3303 1675 3332 llis
1697 3300 1780 3332 addc
1804 3303 1893 3340 quod
1918 3301 1958 3333 ad
1984 3304 2110 3335 calcem

1139 3352 1269 3384 Codicis
1294 3354 1369 3383 MSti
1396 3353 1580 3383 centonum
1602 3378 1608 3389 ‚
1646 3351 1778 3384 saeculo
1806 3354 1841 3382 X.
1865 3355 2015 3389 exarati.
2053 3359 2108 3393 qui
