2500 4009
367 172 442 212 152³.

361 253 547 281 recusum
586 245 720 292 postea
765 235 928 277 l'eneti'is
972 234 1089 282 1750,
1128 234 1169 287 4.
1194 232 1326 271 addito

364 303 527 353 Proloqo
553 301 749 345 Gali-aeos

415 364 605 405 Roln‘rtns
636 360 891 401 BACONUS,
912 358 1048 407 Rogeri
1075 358 1195 396 trater
1223 361 1321 396 natu

363 427 487 477 major
514 462 519 473 ,n
539 426 599 462 vel
624 428 730 461 certe
755 421 945 471 patruus)
967 419 1060 458 Ord.
1080 419 1325 457 Praedicato-

363 502 449 527 rum
470 518 476 525 .
499 488 563 536 qui
589 483 836 527 Tlieologiam
854 483 1030 521 Oxoniac
1051 482 1088 519 in
1115 481 1260 519 scholis
1280 482 1322 518 B.

363 546 710 589 Eilmirdi‘docuit.
731 544 905 594 obiitque
935 542 1050 581 Anno
1081 543 1195 582 1248.
1226 542 1324 591 EJ'us

364 616 453 649 sunt
479 608 554 646 cita
581 608 619 645 S.
650 603 872 653 Ειίηιιιηάί,
899 603 1194 654 Areliicpiscopi
1223 604 1325 641 Can-

363 670 597 717 tuariensis.
617 672 657 705 ct
682 667 889 705 Tractatns
912 677 1034 717 super
1057 663 1322 710 Psalterium,

361 743 460 781 quae
480 732 629 779 Rogero
649 739 855 779 perperam
877 728 1023 766 tributa
1045 738 1066 765 a
1083 725 1323 776 quibusdam

364 797 469 831 notat
495 791 680 830 laudatus
701 789 826 828 Wood
848 794 954 827 tomo
978 790 1004 827 1.
1026 788 1323 838 Antiquitatum

362 854 648 892 Oxonicnsium
670 862 755 902 pag.
780 852 854 890 140
877 862 997 900 quem
1018 850 1108 888 vide
1129 851 1184 887 sis
1204 850 1323 887 etiam

361 928 447 967 pag.
472 916 520 953 64
551 915 586 952 b.
615 916 1031 965 Syncateqoreinatum
1060 912 1203 950 librum
1227 920 1325 960 quo-

362 989 439 1028 que
458 977 627 1015 llobcrto
651 976 819 1015 adscribi
840 1005 847 1022 ‚
872 977 1030 1014 Caveus
1050 974 1214 1012 monuit.

414 1041 584 1077 loannes
601 1038 649 1076 de
667 1038 886 1078 BACONE.
904 1037 988 1074 sive
1006 1034 1327 1074 BACONTHOR-

363 1103 498 1149 PIUS,
519 1113 567 1138 ex
598 1111 696 1150 pago
721 1098 1042 1147 Nordovolgiensi
1061 1126 1068 1143 ‚
1090 1099 1176 1135 sive
1201 1095 1327 1134 Nord-

365 1164 539 1201 folcicnsi
557 1191 565 1203 ,
589 1160 894 1199 Carmelitarum
921 1160 958 1196 in
983 1158 1125 1207 Anglia
1144 1158 1192 1196 ab
1212 1156 1326 1195 Anno

365 1225 466 1263 1329
488 1222 761 1267 l‘rovincialis,
783 1223 966 1271 princeps
986 1220 1327 1266 Averroistarum‚

364 1291 404 1323 et
425 1287 566 1323 Doctor
588 1282 823 1329 Resolutns,
846 1283 1001 1332 ingenio
1026 1291 1220 1330 magnus,
1241 1291 1328 1318 cor-

364 1360 456 1397 pore
474 1357 639 1397 parvus,
660 1345 764 1383 diem
785 1344 880 1382 obiit
899 1342 1015 1382 Anno
1038 1343 1151 1381 1346.
1177 1344 1232 1380 De
1249 1353 1327 1391 quo

365 1408 606 1446 'l'ritliemius
619 1417 705 1457 cap.
725 1406 811 1445 415.
831 1404 1028 1443 Lelandus
1047 1415 1130 1453 cap.
1150 1403 1237 1441 374.
1256 1404 1328 1441 Ba-

365 1471 450 1508 leus
470 1470 512 1507 Y.
534 1472 546 1508 1
578 1470 733 1507 Pitseus
753 1467 801 1506 ad
836 1478 986 1505 annum
1010 1466 1112 1505 1346
1130 1477 1214 1515 pag.
1236 1466 1325 1504 451.

365 1532 504 1581 Alcgrc
530 1532 568 1568 in
593 1529 775 1569 Paradiso
800 1528 1039 1568 Carmelitici
1061 1526 1214 1565 decoris
1241 1538 1325 1575 pag.

366 1594 441 1631 294
468 1604 551 1642 seq.
575 1596 650 1630 etc.
677 1592 830 1641 Scripta
853 1589 958 1628 edita
981 1593 1093 1627 sunt:
1120 1589 1175 1625 De
1195 1586 1272 1638 fide
1292 1591 1330 1625 et

365 1655 576 1706 Baptisnw.
595 1651 876 1703 Compendiam
892 1651 1001 1700 Leyi's
1018 1649 1190 1690 CHristi.
1215 1649 1327 1688 Com-

361 1715 548 1766 pendium
571 1715 676 1753 l'itae
690 1713 954 1754 Christianae.
974 1711 1269 1751 Commentaria
1290 1710 1328 1748 in

366 1781 541 1828 quatuor
560 1775 680 1814 libros
700 1775 1004 1814 sententiarum:
1023 1778 1063 1811 et
1084 1770 1325 1820 QumHibeta,

365 1839 413 1875 de
443 1838 587 1887 quibus
611 1837 858 1875 Wartbonus
878 1835 925 1873 ad
949 1836 1138 1874 Caveum.
1171 1835 1327 1871 Praete-

369 1912 431 1938 rea
463 1903 706 1937 memoratur
730 1898 937 1947 scripsisse
953 1896 1268 1936 Commentarios
1290 1894 1330 1932 in

373 1964 581 2011 atrumque
603 1959 900 1997 Testamentum:
919 1959 955 1995 in
977 1958 1164 2008 pleraque
1179 1955 1332 1995 Aristo-

370 2021 478 2060 telis:
507 2025 543 2059 in
565 2021 833 2072 Auyustinum
855 2020 903 2056 (le
919 2021 1110 2057 Trinitate
1133 2024 1174 2057 et
1197 2019 1245 2057 de
1269 2020 1331 2057 Ci-

369 2085 493 2121 vitate
525 2083 629 2120 DEI.
661 2083 699 2119 in
729 2080 957 2118 Anselinum
986 2079 1034 2117 de
1064 2081 1332 2117 incarnatione

370 2144 483 2181 Verbi
503 2172 511 2180 .
532 2148 569 2180 ct
595 2154 666 2180 cui·
694 2143 826 2180 miss
856 2139 1004 2179 homo?
1029 2141 1178 2179 Contra
1207 2140 1331 2178 Idolo-

370 2204 543 2241 latriam.
576 2204 630 2240 De
660 2202 893 2240 aeternitate
930 2202 1034 2239 DEI.
1073 2203 1128 2239 De
1157 2202 1330 2240 adventu

370 2264 547 2303 Messiae.
577 2265 631 2301 De
657 2263 871 2302 CHRISTI
897 2262 1086 2300 Dominio.
1118 2264 1173 2300 De
1201 2274 1330 2301 cessa-

371 2327 470 2363 tione
494 2324 705 2375 Lessaliian.
733 2325 786 2362 De
809 2323 1051 2361 Jmlaeornm
1072 2323 1263 2375 perfidia:
1290 2329 1330 2362 ct.

371 2391 505 2424 eontra
513 2388 539 2423 J
541 2386 696 2433 adaeus,
713 2386 903 2424 rationes:
915 2385 1175 2425 Concordiam
1187 2386 1330 2426 CHRI-

372 2452 399 2483 8
408 2448 455 2485 TI
463 2452 498 2485 et
514 2447 812 2499 Prophetarum.
839 2448 880 2484 In
894 2448 1070 2487 Canones
1088 2447 1327 2499 Pontificum.

371 2511 425 2548 De
447 2509 647 2548 beatorum
676 2509 837 2556 visione,
859 2514 994 2548 contra
1023 2511 1164 2559 l'apam
1186 2510 1331 2548 Johan-

375 2585 462 2610 lwnl
489 2573 611 2610 xxii.
638 2572 693 2609 De
714 2583 788 2608 non
808 2569 986 2608 (lucenda
1007 2569 1159 2622 fratria
1183 2572 1330 2622 palino-

370 2635 471 2671 ‹liain
497 2645 669 2681 canens,
695 2635 760 2683 qui
790 2633 987 2671 l’ontilicis
1009 2634 1169 2670 Romani
1194 2638 1328 2671 aucto-

374 2697 474 2733 ritati
502 2697 537 2733 in
554 2695 820 2734 cancellandis
841 2695 991 2732 Divinis
1007 2694 1055 2732 de
1080 2695 1328 2732 matrimonio

374 2758 520 2801 loy-ribus
550 2761 563 2775 ⁶
595 2759 758 2795 nimium
798 2760 889 2794 ante
929 2757 1132 2794 tribuerat.
1178 2756 1328 2795 Contra

373 2819 544 2867 attalicas
557 2823 677 2857 artes.
698 2819 844 2858 Contra
855 2817 1163 2869 superstitiones.
1178 2819 1328 2858 Contra

376 2880 565 2919 vanitates
589 2880 757 2920 Saeculi.
791 2882 940 2920 Contra
967 2881 1157 2918 Joannem
1181 2880 1226 2919 de
1257 2882 1330 2919 Po-

377 2940 483 2979 liaco.
497 2944 550 2980 De
565 2946 765 2981 asti-oram
781 2941 965 2980 scientiis.
980 2943 1034 2980 De
1049 2942 1330 2981 Jurisdictione

376 3001 660 3041 rlaastraliam.
683 3004 907 3041 Tractatum
921 3003 966 3041 (le
983 3015 1052 3042 suo
1069 3004 1225 3043 Ordine.
1237 3006 1333 3056 Spe-

378 3065 508 3101 vinium
529 3064 837 3102 t'armelitarum
857 3070 896 3101 et
921 3066 1111 3104 incorum
1127 3067 1329 3117 Regulam,

379 3128 494 3171 atquin,-
520 3124 788 3175 Defensoriam
805 3158 814 3174 .-
840 3128 924 3163 sivc
949 3127 1162 3166 eorundem
1177 3129 1330 3168 Jurium

434 3264 446 3276 ⁸
477 3261 552 3293 vid«-
578 3265 752 3297 instandum
776 3276 806 3305 p.
831 3268 902 3300 δύο.

1190 161 1535 202 BACONUS

1403 231 1704 283 Compendium.
1730 230 1886 273 Plaeita
1914 233 2148 287 Theoloyica.
2169 236 2363 276 Deterini-

1399 293 1588 332 nationes.
1600 295 1867 343 Quaestiones.
1884 297 1940 335 Dc
1955 297 2197 347 conceptione
2208 298 2364 345 Μιρνίιιε

1401 353 1522 394 libros
1538 356 1602 395 IV.
1617 357 1673 395 De
1681 361 1918 408 paupertate
1935 358 2091 398 CIIRIS
2098 359 2155 398 TI.
2166 360 2220 398 De
2237 361 2365 399 Prae-

1399 417 1520 468 ceptis
1550 421 1587 456 et
1615 418 1810 458 Consiliis.
1833 420 1888 457 De
1903 420 2077 469 peccatis
2101 424 2136 458 et
2163 420 2362 460 remediis.

1399 479 1455 517 De
1477 479 1666 530 diynitate
1681 480 1894 519 Ecclesiae.
1911 481 1968 518 De
1978 480 2219 533 perfectione
2237 481 2366 522 Justi-

1400 539 1488 578 tiae.
1526 541 1582 579 De
1620 541 1801 591 (Jeiierali
1837 540 2005 580 Juilicio.
2047 543 2267 582 Sermones.
2308 543 2365 581 De

1399 601 1571 651 sphaera
1582 601 1782 653 jwliciali.
1803 603 1858 640 De
1876 601 2200 653 multiplicatione
2219 603 2367 654 specie-

1400 674 1500 700 rum.
1516 664 1571 700 De
1583 662 1868 713 santificatione
1875 662 2151 714 festivitatum.
2168 664 2224 702 De
2239 662 2370 702 vocali

1400 724 1438 762 in
1457 723 1559 762 coelo
1585 723 1712 762 laude.
1737 725 1793 762 De
1816 723 2001 774 potentiis
2030 724 2224 773 animae,
2248 736 2370 776 quae-

1396 786 1552 825 stione-s.
1571 786 1793 824 Novissime
1801 786 2000 836 josephus
2017 786 2194 836 Zagaglia
2207 785 2226 810 *³
2239 786 2366 826 Theo-

1399 849 1511 897 logus
1527 848 1738 886 Carmelita
1755 848 2019 886 Feri-ariensis
2037 877 2046 897 ,
2062 847 2277 888 defunctus
2292 847 2366 888 An.

1400 910 1492 948 4711
1524 912 1641 947 aetat.
1664 908 1726 947 92.
1751 909 2026 960 Baconthorpii
2051 911 2283 949 memoriam
2307 922 2368 949 re-

1400 971 1562 1009 novavit
1580 999 1587 1018 ‚
1612 969 1780 1020 ejusque
1800 970 1943 1021 placita
1965 971 2201 1022 Theologica
2215 982 2261 1010 ac
2281 971 2370 1010 Phi-

1400 1032 1599 1082 losopliica
1623 1036 1807 1071 secutum
1832 1044 1875 1070 se
1899 1021 2104 1083 professus
2126 1037 2189 1071 est
2210 1034 2247 1070 in
2277 1044 2370 1084 ope-

1402 1094 1511 1132 ribus
1531 1124 1538 1142 ,
1560 1105 1662 1144 quae
1686 1095 1865 1143 vulgavit
1889 1094 1937 1133 de
1957 1094 2088 1145 DEO,
2111 1093 2160 1134 de
2184 1093 2368 1145 Angelis,

1402 1155 1450 1192 dc
1474 1155 1629 1194 actibus
1655 1155 1865 1204 humanis,
1887 1155 1936 1194 de
1959 1157 2235 1196 Incarnatione
2252 1156 2276 1196 7
2293 1158 2370 1197 Vo-

1402 1217 1483 1255 lum
1509 1218 1546 1254 in
1567 1218 1628 1255 sol.
1654 1222 1693 1256 et
1719 1219 1756 1255 in
1779 1218 1851 1266 iis,
1876 1229 1978 1268 quac
2003 1218 2162 1268 reliquit
2184 1219 2293 1258 MSta
2316 1218 2366 1257 de

1400 1281 1534 1318 Gratia
1553 1309 1561 1327 ,
1586 1279 1634 1317 de
1656 1279 1746 1318 Fide
1766 1309 1774 1327 ⁷
1797 1280 1874 1330 Spe
1899 1284 1939 1318 et
1964 1279 2177 1319 Charitate.

1455 1340 1669 1380 Gm‘letmus
1700 1341 1833 1380 BADY
1856 1340 1990 1379 Ordin.
2012 1341 2202 1381 Carmelit
2223 1342 2367 1381 Doctor

1402 1404 1525 1441 Oxon.
1552 1407 1592 1441 et
1610 1404 1832 1453 Episcopus
1853 1403 1889 1440 in
1916 1402 2056 1453 Anglia
2077 1404 2368 1453 wigorniensis

1400 1466 1501 1503 eirca
1538 1464 1610 1503 An.
1639 1466 1752 1502 1380.
1775 1462 1890 1514 cujus
1918 1463 2222 1503 Constitutiones
2243 1465 2368 1515 Syno-

1401 1525 1511 1564 clales
1535 1531 1575 1564 et
1600 1526 1744 1564 librum
1769 1525 1816 1564 de
1834 1524 2073 1576 poenitentia
2088 1530 2128 1564 et
2146 1536 2365 1564 sermones:

1400 1600 1448 1626 ex
1473 1588 1602 1626 Pitseo
1631 1600 1716 1638 pag.
1749 1589 1826 1627 532
1856 1592 2079 1627 memorant
2108 1586 2252 1638 Alegre
2279 1598 2368 1639 pag.

1405 1650 1494 1688 312.
1519 1649 1806 1688 Hendreichius
1830 1662 1916 1700 pag.
1941 1651 2011 1689 381
2042 1654 2082 1687 et
2102 1650 2177 1688 alii.

1453 1709 1657 1750 Arnaldus
1668 1710 1833 1750 BADET
1842 1712 1901 1750 US
1912 1710 2005 1749 Ord.
2016 1710 2152 1749 Prae-d.
2169 1721 2220 1749 ex
2237 1711 2370 1749 Priore

1400 1771 1682 1822 Burdegalensi
1731 1773 1941 1822 inquisitor
1995 1772 2214 1810 Tolosanus
2238 1802 2250 1821 ,
2286 1770 2370 1821 jam

1398 1834 1530 1872 clarus
1553 1834 1655 1872 circa
1671 1832 1746 1872 An.
1769 1834 1881 1872 1499.
1903 1844 1982 1883 quo
1994 1832 2140 1884 prodiit
2158 1831 2367 1872 Avenione

1403 1897 1440 1933 in
1468 1896 1488 1933 4
1509 1894 1596 1945 ejus
1612 1895 1870 1934 Breviarium
1893 1894 1939 1933 de
1955 1891 2208 1933 mirabilibus
2231 1892 2372 1934 Mundi

1403 1955 1618 1995 secundum
1660 1955 1854 2008 triplicem
1904 1956 2013 1995 viam
2063 1953 2338 2006 Theoloqorum
2358 1986 2369 2004 ‚

1403 2017 1726 2067 Astroloqorum,
1764 2017 2106 2068 Philosophorum.
2140 2015 2370 2068 Maryarita

1404 2078 1586 2116 virorum
1610 2078 1829 2117 illustrium
1852 2079 2015 2118 Tolosae
2041 2078 2144 2118 4525
2170 2079 2204 2117 4.
2229 2079 2285 2117 De
2311 2079 2371 2116 fu—

1404 2145 1492 2178 tura
1531 2146 1753 2190 temporum
1787 2141 2042 2191 dispositione
2081 2141 2369 2191 pernoscenda.

1405 2202 1570 2241 Tolosae
1598 2204 1700 2241 1525
1727 2203 1759 2240 4.
1784 2201 2102 2241 Destructorium
2117 2201 2366 2251 haeresium,

1406 2265 1524 2302 Paris.
1548 2265 1650 2303 4532
1682 2266 1717 2301 8.
1744 2263 1865 2314 Lugd.
1895 2264 2007 2303 1536.
2042 2264 2138 2303 Vide
2173 2264 2363 2304 Jacobum

1405 2325 1632 2364 lichni-dum
1653 2331 1746 2364 tom.
1773 2327 1804 2364 ll
1825 2357 1833 2376 ,
1858 2337 1942 2377 pag.
1965 2327 2027 2364 96.

1454 2387 1622 2426 Jmtocus
1645 2387 1826 2427 BADIUS
1845 2387 2086 2436 Ascensius,
2103 2388 2261 2427 Roberti
2282 2389 2371 2428 Ste-

1404 2450 1522 2500 phani
1547 2460 1659 2488 socer
1678 2481 1685 2499 ‚
1703 2451 1861 2500 scriptis
1877 2452 2025 2501 pariter
2040 2454 2107 2500 atq
2126 2462 2134 2499 3
2158 2461 2277 2501 opera
2294 2452 2372 2490 sol—

1404 2512 1490 2551 lerti
1512 2511 1794 2562 typographica
1818 2513 1856 2549 in
1876 2512 1939 2550 illo
1963 2511 2136 2551 diluculo
2157 2519 2370 2551 renascen-

1404 2574 1503 2612 tium
1525 2573 1746 2611 litterarum
1765 2574 1964 2624 praeclare
1989 2574 2037 2612 de
2057 2573 2201 2613 studiis
2215 2585 2371 2625 prome-

1405 2636 1526 2681 ritus,
1551 2635 1654 2673 diem
1678 2635 1772 2674 obiit
1798 2646 1874 2674 non
1896 2640 1990 2675 ante
2006 2634 2081 2675 An.
2101 2636 2217 2675 ⁴535.
2234 2637 2290 2675 De
2307 2636 2371 2675 illo

1405 2697 1561 2735 Bas-lius
1586 2698 1623 2734 in
1646 2698 1811 2747 toxico,
1835 2708 1934 2736 voce
1954 2695 2140 2737 BADIUS
2156 2710 2164 2736 :
2180 2696 2372 2736 Hendrei-

1404 2758 1517 2797 chius
1553 2770 1639 2809 pag.
1680 2758 1770 2798 372.
1806 2759 1920 2798 Mieh.
1961 2760 2154 2798 Maittaire
2194 2759 2233 2797 in
2270 2758 2367 2797 vitis

1405 2820 1697 2870 Stephanorum
1723 2832 1809 2870 pag.
1836 2820 1886 2860 17
1911 2825 1951 2859 et
1975 2821 2051 2860 109
2076 2831 2159 2871 seq.

1458 2881 1760 2920 BAGAROTUS
1777 2910 1786 2927 ,
1813 2882 1976 2932 GalluS,
1999 2883 2124 2923 JCtus
2152 2883 2372 2922 Bononien-

1405 2945 1484 2992 sis⁷
1505 2945 1608 2982 circa
1631 2942 1705 2982 An.
1733 2943 1834 2982 1200
1859 2945 1924 2994 qui
1962 2955 2054 2983 cum
2077 2943 2212 2983 Azone
2241 2942 2367 2982 audiit

1404 3007 1566 3043 Joanem
1593 3005 1840 3053 Bossianum‚
1857 3006 2095 3056 scripsitque
2109 3004 2156 3044 cle
2170 3002 2368 3043 dilatoriis

1406 3065 1717 3118 exceptionibus,
1743 3065 1789 3103 de
1811 3064 2154 3116 reprobationibus
2179 3065 2336 3103 testium
2351 3096 2360 3112 ‚

1406 3130 1472 3179 qui
1497 3129 1611 3168 ambo
1650 3131 1844 3167 tractatus
1881 3127 1984 3165 obvii
2016 3129 2053 3165 in
2085 3130 2241 3168 Oceano
2266 3125 2368 3176 juris

1455 3271 1467 3283 ·
1491 3273 1572 3303 Mem
1597 3270 1637 3302 de
1664 3271 1818 3303 Trevoux
1846 3268 1923 3301 1713
1948 3278 1980 3308 p.
2009 3267 2095 3301 1661.
