2500 3841
890 176 1290 216 --ANDREAS
2071 177 2122 215 87

113 253 245 294 batius
268 249 439 290 Siculus,
464 250 508 287 In
531 249 609 287 MS.
635 247 729 287 Cod.
753 248 934 286 Biblioth.
955 248 1078 287 Felini

112 326 233 366 quam
263 315 392 352 Lucae
420 315 558 350 extare
588 310 746 360 saepius
774 308 874 358 dixi,
892 311 1080 360 leguntur

117 375 338 415 additiones
367 372 422 411 ad
447 369 657 410 Bartolum
676 382 798 422 super
815 371 943 410 tribus
963 370 1078 411 libris

116 436 271 479 Codicis
289 447 368 488 per
388 432 660 481 Barbaceum;
697 434 804 484 quod
840 435 1078 485 opusculum

112 502 244 541 lucem
257 497 430 538 necdum
447 495 597 534 vidisse
621 496 800 534 arbitror.
812 497 855 534 In
877 497 1000 535 altero
1016 507 1081 534 co-

111 563 198 602 dice
220 559 402 600 eiusdem
425 558 548 597 Felini
570 557 677 596 edita
699 558 896 596 Bononiae
927 562 989 596 est
1017 569 1082 596 re-

105 623 243 677 petitio
259 619 460 661 Rubricae
477 619 523 658 de
543 619 620 671 side
638 619 990 658 instrumentorum
1005 630 1082 670 per

109 684 321 725 Dominum
367 681 572 721 Andr-eam
616 679 861 720 Barbaciam
903 679 1081 720 Siculum

108 750 425 793 Messanensem3
448 745 643 794 impressa
667 744 863 782 Bononiae
887 755 950 781 an.
979 744 1080 782 1474

107 809 260 850 Ibidem
282 809 431 860 pariter
455 807 495 844 in
516 805 660 845 Codice
685 806 762 845 188
786 810 849 844 est
884 809 1080 844 tractatus

108 872 188 912 MS.
229 868 412 909 eiusdem
448 867 497 907 de
533 865 890 906 constitutionibus.
916 868 960 905 In
984 867 1080 906 Cod.

109 933 188 974 272
210 932 290 972 MS.
314 935 377 969 est
406 929 587 969 eiusdem
612 928 804 967 Authoris
841 929 1081 981 opuseulum

111 994 159 1035 de
182 992 306 1048 officio
331 991 521 1043 Deleyati.

163 1056 231 1095 Ad.
249 1066 359 1093 oram
382 1055 499 1105 primi
524 1053 603 1092 folii
627 1054 752 1104 partis
772 1055 923 1104 primae
947 1055 1086 1093 Consi-

111 1120 254 1158 liorum
277 1116 489 1156 Barbaciae
512 1127 563 1154 ex
586 1116 713 1154 veteri
743 1112 915 1154 editione
942 1115 1086 1154 Medio-

111 1180 266 1219 lanensi
289 1190 352 1218 an.
379 1178 481 1217 1490
499 1178 596 1216 haec
613 1188 736 1215 manu
752 1188 823 1215 sua
841 1177 998 1227 scripsit
1016 1179 1086 1216 Fe—

111 1242 230 1281 linus.
252 1242 332 1280 Iste
356 1241 551 1291 (loquitur
572 1239 622 1278 de
646 1240 768 1277 Borso
805 1240 914 1278 Duce
948 1241 1086 1278 Ferra-

111 1304 212 1352 riae)
235 1301 332 1355 fecit
353 1302 460 1352 pingi
483 1300 724 1339 Bai-baccam
749 1311 991 1351 suspensum
1015 1312 1086 1351 pe-

110 1364 158 1404 de
178 1375 199 1403 e
218 1363 342 1417 furca
357 1365 527 1414 propter
544 1360 734 1400 violatam
750 1360 869 1412 sidem
884 1365 922 1400 et
938 1361 994 1401 sic
1009 1366 1085 1402 ste-

111 1425 158 1465 tit
183 1425 226 1464 in
246 1424 386 1476 platea
410 1422 674 1462 Ferrariensi
697 1434 761 1461 an.
782 1424 800 1462 4
809 1425 845 1462 5.
864 1425 1003 1462 Postea
1020 1436 1085 1462 ro-

107 1491 228 1541 yatus
252 1485 304 1525 ab
323 1497 367 1525 eo
389 1485 445 1524 ad
466 1485 698 1525 instantiam
737 1483 899 1524 Roberti
916 1486 993 1537 filii
1022 1489 1085 1527 St-

107 1547 314 1602 yi'smundi
346 1547 394 1587 de
430 1547 656 1588 Malatestis
679 1547 875 1599 cupientis
903 1560 929 1586 a
957 1548 1085 1588 Paulo

110 1611 296 1652 investiri
312 1613 454 1651 contra
472 1608 654 1661 capitula
674 1609 892 1659 conclavis,
918 1622 1006 1649 cum
1026 1622 1085 1649 es-

111 1677 175 1714 set
192 1671 422 1712 Ariminum
434 1671 672 1721 devolutum,
687 1670 865 1724 fecithoc
880 1671 1085 1712 consilium

115 1747 285 1788 sperans
302 1747 380 1788 pro
398 1733 582 1786 praemio
605 1733 748 1786 deponi
758 1746 785 1772 a
807 1733 942 1787 furca,
967 1739 1004 1774 et
1026 1735 1082 1773 ita

110 1797 263 1850 factum
282 1801 355 1847 est,
378 1801 417 1836 et
432 1796 559 1835 deleta
581 1795 662 1849 ficit
675 1796 851 1849 pictura.

165 1859 402 1900 ANDREAS
422 1858 552 1897 Bilius
574 1859 870 1910 Mediolanenis‚
895 1859 1083 1910 Augusti-

111 1923 273 1972 nianus,
303 1924 371 1973 qui
398 1921 473 1961 An.
506 1922 622 1961 1434.
654 1922 826 1962 Concilio
859 1922 1082 1960 Florentino

111 1985 309 2036 interfuit,
332 1989 492 2036 praeter
514 1985 663 2036 scripta
685 1984 956 2033 Grammatici7
983 1984 1085 2023 Rhe-

111 2048 240 2097 torici,
264 2048 411 2098 Logici,
435 2047 611 2097 Physici‚
631 2047 842 2097 Ethicique
859 2046 1082 2098 argumenti

109 2114 230 2161 atque
266 2110 308 2148 in
347 2108 606 2148 Aristotelem
625 2139 634 2159 ,
660 2108 778 2160 cujus
815 2111 934 2148 etiam
963 2109 1082 2147 libros

108 2172 372 2223 physicorum
396 2176 437 2210 et
460 2171 510 2210 de
533 2171 679 2210 Anima
702 2173 839 2210 Latine
864 2170 1080 2219 transtulit,

111 2246 214 2285 quae
237 2234 342 2285 apud
366 2233 591 2285 Philippum
614 2235 791 2273 Elssium
813 2245 898 2284 pag.
924 2235 965 2272 51
998 2243 1081 2282 seq.

109 2300 280 2347 possunt
305 2296 453 2346 videri,
483 2297 643 2347 scripsit
670 2295 875 2335 Historiae
902 2292 1087 2334 Mediola-

110 2357 244 2397 nensis
271 2362 313 2397 et
338 2355 627 2397 Lombardicae
658 2358 779 2396 libros
808 2358 863 2396 IX
893 2356 941 2395 ab
970 2355 1085 2394 Anno

112 2421 216 2460 ⁴402
241 2419 291 2459 ad
312 2420 408 2460 1431
430 2419 559 2458 editos
578 2421 753 2470 primum
769 2431 791 2458 a
811 2418 1084 2458 laudatissimo

110 2482 320 2521 Muratorio
335 2485 444 2519 tomo
459 2482 567 2520 XIX.
585 2482 833 2533 Scriptorum
857 2481 992 2519 Italiae
1007 2480 1085 2518 Me-

111 2543 255 2582 diolan.
292 2542 387 2582 1731
425 2543 488 2581 fol.
527 2547 616 2582 tum
651 2544 800 2582 inedita
829 2544 944 2593 longe
972 2542 1085 2592 plura

112 2602 278 2656 querela
302 2603 422 2642 Pacis
437 2633 446 2648 ,
465 2604 522 2642 De
546 2605 650 2642 Pace
669 2616 760 2642 cum
778 2604 955 2657 Philippo
980 2604 1088 2642 Duce

114 2663 324 2706 Mediolan.
335 2664 600 2715 componenda
615 2666 663 2704 ad
682 2665 932 2717 Alphonsum
942 2668 1088 2715 Regem

115 2727 390 2778 Arragonum:
422 2727 707 2766 Laudationem
737 2728 944 2766 funebrem
972 2728 1091 2764 ,loan-

113 2789 178 2829 nis
201 2787 386 2828 Galeazii
399 2820 407 2839 ,
422 2789 730 2838 vice-Comitis,
748 2790 868 2828 Ducis
884 2788 1088 2827 Mediolan.

118 2851 346 2893 Orationem
366 2850 601 2900 militarem,
617 2855 658 2888 et
681 2850 798 2888 aliam
822 2849 869 2888 de
892 2850 932 2889 S.
955 2848 1092 2900 Λαρα-

115 2914 213 2954 stini
239 2912 439 2953 laudibus.
464 2914 520 2952 De
547 2909 803 2962 suscipienda
833 2910 872 2948 in
901 2909 1091 2950 Bolzemos

118 2975 392 3028 expeditione:
415 2974 556 3015 Libros
585 2975 631 3013 II
650 2974 696 3012 (lc
724 2971 933 3012 concordia
958 2975 995 3010 et
1013 2983 1092 3010 me-

119 3037 212 3078 ritis
242 3038 440 3077 Ordinum
469 3048 590 3088 super
618 3036 791 3087 generali
822 3034 973 3072 indulto
1001 3032 1092 3072 Ale-

119 3099 280 3140 mandri
309 3102 348 3140 V.
377 3101 434 3139 De
464 3098 624 3139 Ordinis
651 3095 934 3148 Auyustinicmi
957 3093 1091 3146 forma

121 3162 458 3214 etpropayatione
482 3162 531 3201 ad
556 3162 718 3200 fratrem
750 3158 1004 3198 Ludovicum.
1034 3157 1091 3195 De

121 3222 330 3276 disciplina
362 3224 549 3264 Ordinis:
574 3224 630 3261 De
659 3220 896 3260 institutione
923 3217 1094 3270 discipu-

125 3282 253 3325 lorum
277 3297 326 3326 ex
351 3286 529 3327 doctrina
551 3283 752 3326 Bcrnardi
787 3282 832 3322 cle
860 3280 997 3330 Senis,
1023 3280 1094 3319 Or-

1153 249 1257 288 dinis
1285 250 1491 288 Minorum.
1520 247 1831 286 Admonitionem
1859 247 1914 286 ad
1947 245 2125 299 Manfre-

1153 310 1247 350 dum
1272 310 1572 358 Vercellensem‚
1597 309 1756 359 Ordinis
1779 309 2122 357 Praedicatorum‚

1153 374 1262 413 libris
1301 374 1348 412 11.
1390 371 1695 412 Panischolaria
1717 372 1737 394 ³¹⁶
1760 371 1816 411 ad
1850 370 2121 423 Alphonsum,

1152 435 1410 487 Arrassonum
1424 437 1566 486 Reqcm
1583 447 1674 486 ‚pro
1694 436 1860 474 Martino
1873 436 1905 474 V
1928 436 2125 475 adversus

1155 497 1690 547 ClementemAnti—Papam.
1711 497 1767 535 De
1777 508 1877 548 pace
1892 508 1941 536 ac
1952 497 2128 537 victoria

1155 562 1357 600 Romanae
1372 558 1577 598 Ecclesiae
1589 558 1637 597 ad
1652 558 2124 599 NicolaumCardinalem.

1157 623 1476 663 Commentarios
1513 621 1723 660 historicos
1751 619 1798 659 de
1826 619 2058 660 detrimento
2081 621 2128 673 fi-

1157 684 1223 723 dei
1260 682 1435 723 Orientis
1480 684 1567 721 sive
1603 681 1650 721 de
1687 682 1838 733 oriyine
1887 683 1919 721 T
1918 694 2125 722 arcarum.

1158 748 1392 786 Sermonem
1406 743 1453 783 de
1476 744 1721 783 concessione
1745 748 1783 783 et
1804 744 2064 784 translatione
2083 745 2126 783 B.

1156 807 1355 857 Monicae,
1394 808 1531 846 Matris
1555 808 1593 846 S.
1625 806 1838 857 Augustini
1867 808 2077 846 recitatum
2107 819 2129 846 a

1156 871 1322 909 Martino
1350 868 1552 908 Pontifice.
1578 869 1723 908 Confer
1749 868 1849 907 Acta
1877 869 2055 908 Sanctor.
2080 870 2131 909 ad

1159 933 1180 971 4
1204 931 1307 982 Maji.
1330 930 1392 970 Ad
1416 932 1733 971 Barcinonenses
1756 929 1802 969 cle
1817 929 1936 969 litera
1952 931 1991 969 H
2008 932 2048 970 in
2063 943 2131 969 no-

1156 994 1260 1033 mine
1283 994 1383 1033 IHS.
1397 994 1454 1032 De
1468 1004 1604 1031 amore
1628 996 1665 1031 et
1685 991 1956 1044 ma9nitudine
1974 993 2130 1034 Crucis.

1157 1058 1455 1104 Heoeaemeron,
1470 1057 1557 1094 sive
1573 1055 1622 1094 de
1635 1055 1781 1094 Mundo
1798 1054 1939 1094 diebus
1955 1067 2026 1094 sex
2041 1067 2134 1094 con-

1158 1119 1251 1158 dito.
1276 1117 1578 1170 Eocpositionem
1607 1117 1649 1156 in
1686 1120 1861 1169 quatuor
1896 1117 2131 1169 Evanqelia.

1158 1182 1206 1220 In
1241 1179 1463 1231 Evanyelia
1500 1179 1856 1231 Quadrayesimae.
1880 1179 1927 1218 In
1951 1179 2133 1231 prim-um
2176 1190 2183 1193 ·

1159 1243 1454 1283 Sententiarum
1478 1246 1549 1281 etc.

1212 1305 1449 1345 ANDREAS
1475 1304 1653 1353 Bordus,
1683 1305 1862 1356 Anglus,
1886 1317 1937 1345 ex
1965 1306 2136 1346 Carthu-

1159 1368 1270 1407 siano
1278 1366 1454 1406 Medicus
1469 1366 2002 1407 defunctusWintoniaeAn.
2015 1369 2131 1407 1545.

1158 1431 1268 1469 Inter
1291 1430 1366 1468 alia
1389 1429 1588 1468 adversus
1604 1429 1840 1468 Sacerdotes
1854 1431 2052 1469 castitatis
2066 1441 2137 1468 vo-

1159 1498 1246 1532 tum
1274 1493 1418 1531 acriter
1447 1492 1684 1542 scripsisse,
1713 1496 1753 1530 et
1786 1493 2132 1542 Prognosticorum

1158 1560 1199 1595 et
1222 1555 1270 1594 de
1286 1553 1447 1604 judiciis
1469 1555 1677 1592 urinarum
1702 1554 1848 1592 librum
1866 1583 1874 1600 ‚
1895 1555 2136 1593 Promtuari-

1158 1628 1309 1668 umque
1332 1616 1523 1667 Physices
1552 1614 1724 1654 edidisse
1756 1614 1926 1654 traditur
1954 1627 1977 1654 a
2005 1616 2135 1654 Pitseo

1158 1692 1246 1732 pag.
1274 1678 1366 1717 736.

1207 1737 1664 1789 ANDREASBoucher,
1689 1740 1776 1778 sive
1792 1739 2036 1791 Carnificis⁷
2060 1740 2137 1779 Or-

1156 1803 1235 1842 din.
1274 1801 1491 1841 Praedicat.
1526 1803 1635 1840 Prior
1672 1803 1896 1840 Duacensis
1931 1803 2035 1841 circa
2059 1802 2134 1841 An.

1159 1865 1262 1905 1483
1292 1864 1451 1915 scripsit
1473 1862 1650 1902 rationes
1674 1866 1815 1901 contra
1832 1863 2136 1903 transsubstan-

1158 1926 1358 1966 tiationem
1370 1924 1552 1976 corporis
1561 1926 1600 1964 S.
1611 1924 1776 1963 ,Ioannis
1790 1924 2067 1976 Evanyelistae
2088 1934 2135 1965 τη

1157 1999 1302 2042 corpus
1327 1987 1494 2028 CHristi
1503 2017 1516 2036 7
1540 1998 1661 2038 qiiam
1683 1987 1853 2026 Bovetus
1870 1986 1890 2008 ἦ
1910 1991 1948 2025 et
1964 1988 1999 2026 F
2000 1989 2133 2027 ranci-

1157 2062 1248 2091 scus
1267 2050 1450 2102 Mai-ojus
1476 2050 1544 2097 (ita
1571 2048 1784 2099 legendum
1801 2060 1914 2098 esse,
1937 2061 2015 2087 non
2031 2051 2134 2089 Mai-

1155 2113 1266 2152 ronis
1293 2117 1338 2152 ut
1367 2111 1486 2150 habet
1516 2110 1738 2158 Sanderus,
1768 2115 1949 2150 notatum
1989 2113 2131 2151 Jacobo

1157 2175 1293 2222 Qvetif
1319 2179 1415 2213 tom.
1447 2174 1480 2221 Ι,
1516 2184 1604 2223 pag.
1640 2173 1738 2221 866)
1767 2171 1918 2224 factam
1951 2171 2136 2212 volebant

1153 2249 1230 2289 per
1247 2235 1374 2276 verba
1401 2234 1566 2275 CHristi
1586 2234 1625 2272 in
1656 2235 1786 2274 Crwce
1809 2233 2016 2286 pendentis
2049 2237 2133 2274 Job.

1159 2299 1608 2350 X1X2267Mulieraecce
1630 2297 1735 2335 filius
1752 2301 1859 2335 tuus.
1881 2297 2027 2336 Contra
2040 2308 2139 2336 eun—

1161 2362 1252 2401 dem
1270 2358 1545 2400 monstrosum
1569 2370 1746 2398 errorem
1772 2359 1931 2409 scripsit
1955 2359 2138 2397 Nicolaus

1159 2425 1398 2474 Eymericus
1412 2427 1453 2460 et
1468 2422 1701 2460 Dominicus
1723 2420 1771 2458 de
1793 2421 2024 2459 Dominicis.
2040 2420 2138 2459 Vide

1158 2487 1240 2525 Nic.
1264 2483 1425 2522 Antonii
1461 2482 1746 2521 Bibliothecarn
1782 2487 1962 2520 veterem
1999 2482 2138 2532 IIispa-

1162 2558 1253 2586 nam
1277 2546 1342 2584 lib.
1369 2546 1424 2584 lx
1451 2556 1536 2594 cap.
1562 2543 1585 2581 7
1612 2544 1633 2594 ξ
1660 2544 1735 2581 390
1755 2548 1850 2581 tom.
1873 2544 2026 2593 11,pag.
2046 2543 2135 2582 ⁴25.

1215 2606 1453 2647 ANDREAS
1477 2618 1526 2644 ex
1553 2604 1779 2656 Craynensi
1793 2635 1802 2654 ,
1824 2605 1909 2642 sive
1938 2604 2138 2643 Carnensi

1166 2674 1174 2721 <
1193 2672 1229 2708 in
1252 2668 1478 2715 Carinthia)
1503 2667 1810 2716 Archiepiscopo
1833 2666 1877 2704 R.
1911 2666 1956 2704 E.
1994 2665 2138 2705 Cardi-

1166 2731 1266 2771 nalis
1288 2763 1295 2781 ,
1320 2730 1368 2769 ad
1391 2729 1610 2769 Concilium
1635 2738 1876 2778 provocans7
1902 2727 2138 2766 Pontificum

1162 2797 1433 2834 Romanorum
1457 2789 1738 2829 auctoritatem
1754 2790 1876 2827 variis
1897 2790 2054 2840 scriptis
2069 2801 2140 2829 au-

1166 2867 1236 2895 sus
1260 2859 1324 2893 est
1347 2862 1588 2904 oppugnare.
1623 2851 1778 2901 Scripta
1808 2850 2055 2890 Wartiionus
2080 2864 2141 2891 re-

1165 2920 1304 2957 censet
1333 2914 1381 2953 ad
1424 2914 1629 2963 Caveum,
1659 2916 1749 2951 uta
1779 2913 1893 2951 Petro
1933 2912 2137 2963 Numagen

1167 2978 1387 3019 Secretario
1411 2974 1594 3015 Andreae
1618 2974 1783 3014 collecta
1808 2978 1929 3024 sunt,
1953 2973 2138 3025 editaque

1218 3143 1231 3157 ⁸
1254 3141 1461 3174 Paniscolam
1484 3142 1618 3181 imperii
1642 3140 1752 3173 sedem
1775 3141 1926 3172 Clemens
1943 3141 2136 3179 Anti-Papa

1165 3192 1228 3224 sibi
1257 3191 1435 3231 delegerat.
1464 3190 1545 3222 Vide
1563 3192 1644 3223 Acta
1674 3190 1901 3223 Eruditorum
1920 3193 2016 3222 Anno
2036 3189 2136 3227 1755.

1166 3251 1229 3282 pag
1260 3241 1334 3273 545.

1223 3291 1236 3306 ⁴
1259 3290 1300 3323 al.
1325 3290 1498 3326 Nicotaus
1521 3291 1692 3323 Bonetns.
