2500 3841
922 226 949 264 F
972 226 1055 265 ΟΝ
1080 228 1111 264 Τ
1133 227 1147 265 1
1172 227 1250 271 Ub'

147 296 213 327 llte
233 280 449 334 suic'Rhetor
471 293 569 331 pubis
593 293 782 326 moderator
805 298 1009 333 lletruscae‚

147 343 280 376 Judicio
305 346 338 374 et
360 341 444 373 nulli
469 349 599 372 morum
622 344 745 382 pietate
768 343 949 378 secundus.

143 409 294 449 Deinde
310 409 535 460 praefectus
551 409 995 450 BibliothecaeBudensi
1013 413 1045 461 a)

16 520 21 526 ‘
91 483 115 511 a
129 471 294 510 Matthia
313 471 485 509 Corvino
499 501 511 518 ,
537 482 657 520 quem
682 473 903 522 Hungariae
921 477 961 510 et
977 474 1048 511 Bo-

91 532 246 571 hemiae
267 532 415 581 Regem
454 535 613 570 constat
652 531 758 569 diem
795 532 940 570 obiisse
973 532 1048 571 An.

90 594 208 634 4490.
249 593 417 644 Scripsit
452 594 617 631 Fontius
643 593 982 632 Commentarium
1011 593 1051 631 in

89 654 292 702 Persium,
310 659 400 705 post
419 654 636 693 editionem
652 655 847 693 Venetam
864 654 910 693 A.
934 655 1048 694 4482.

92 717 154 755 fol.
182 717 343 767 saepius
367 717 614 766 exscriptum
647 717 781 766 typis,
817 719 862 754 ut
901 715 983 753 dixi
1008 715 1051 753 li-

89 777 160 816 bro
182 777 206 816 2
227 777 492 815 Bibliothecae
514 777 678 815 Latinae
702 787 786 827 cap.
811 777 875 815 42.
895 775 1051 814 Oratio-

89 849 158 877 nes
180 837 268 887 ejus
287 837 461 889 junctim
495 837 625 876 editae
651 839 689 875 in
717 838 751 875 4.
777 837 826 875 de
851 837 1050 887 Eloquen-

89 900 143 937 tia
159 927 169 947 ,
192 899 241 937 de
265 900 452 947 Historia,
475 898 524 937 de
547 899 661 937 bonis
682 898 866 937 Artibus:
885 898 934 936 de
957 899 1051 936 Poe-

89 961 190 1009 tica‚
220 960 269 998 de
298 961 523 1010 Sapientia,
553 960 602 998 de
633 961 778 1010 Satyra
806 964 847 997 et
876 959 925 997 de
966 962 1051 997 stu-

90 1020 165 1059 diis
187 1022 466 1060 Humanitatis.
484 1022 573 1059 Vita
590 1021 696 1059 Pauli
722 1020 968 1059 Guiaccheti.
992 1021 1049 1058 De

87 1082 333 1120 Poenitentia
348 1111 358 1130 ,
381 1081 470 1120 sive
494 1082 785 1132 Resipiscentia
805 1080 853 1119 ad
876 1082 1050 1119 Lauren—

90 1144 190 1181 tium
213 1141 419 1181 Medicem.
458 1144 514 1181 De
552 1154 666 1190 asse,
691 1144 975 1192 mensurisque
1005 1153 1049 1180 ac

90 1203 347 1254 ponderibus.
372 1205 577 1243 Poeticum
592 1235 603 1252 ‚
627 1205 832 1243 Saxettus.
863 1203 1049 1253 Dialogus

90 1264 140 1304 de
167 1263 358 1315 pudicitia
385 1269 426 1302 et
454 1264 664 1315 conjugio⁷
694 1276 785 1304 cum
833 1266 920 1303 aliis
962 1265 1051 1303 vul-

84 1330 203 1377 gat'us
230 1326 480 1364 Francofurti
520 1327 635 1366 462⁴.
675 1327 724 1366 42
762 1337 857 1366 cura
893 1327 1050 1376 Georgii

88 1388 213 1426 Remi.
242 1386 301 1425 De
329 1386 490 1425 homine
513 1387 673 1435 Oratio,
697 1386 814 1436 cujus
838 1398 1050 1437 argumen-

89 1453 177 1488 tum
206 1448 270 1486 his
308 1448 443 1486 verbis
473 1449 594 1487 tradit
636 1449 834 1487 Marsilius
863 1449 1047 1487 Ficinus:

88 1509 297 1550 Latissime
324 1521 351 1548 a
377 1509 541 1549 Medicis
570 1509 815 1562 explicatam
839 1509 886 1548 de
916 1509 1050 1548 humo·

83 1570 226 1621 ribus,
250 1569 670 1622 compleoeionibusque
702 1574 740 1609 et
766 1569 950 1609 mirabili
977 1570 1051 1609 liu-

84 1632 198 1671 ma'ni
223 1631 408 1683 corporis
435 1631 604 1684 artificio
624 1663 636 1680 ‚
666 1635 788 1683 atque
813 1631 1046 1683 eleqantiam

85 1694 261 1734 Platonis
276 1695 317 1740 in
331 1694 499 1733 hominis
514 1706 682 1747 corpore
699 1693 955 1732 describendo
976 1693 1047 1732 ad-

34 1790 38 1795 .
85 1768 128 1795 eo
157 1755 386 1795 admiratus
414 1759 476 1795 est
513 1755 845 1795 Bartholomaeus
883 1755 1045 1793 Fontius

82 1822 244 1867 noster,
268 1817 414 1857 Rhetor
430 1818 632 1868 eyreyius,
656 1821 703 1856 ut
719 1817 939 1869 praeclara
955 1828 1046 1854 ora-

84 1880 184 1919 tione
207 1877 465 1932 probaverit,
495 1891 619 1930 neque
661 1879 937 1928 Lactantium,
979 1890 1045 1916 ne-

86 1953 164 1994 que
188 1939 418 1981 Cornelium
449 1940 634 1989 Celsum,
660 1952 783 1992 neque
815 1940 1044 1979 Ciceronem

86 2002 219 2053 ipsum
248 2001 289 2040 in
315 2013 362 2041 re
391 2001 655 2041 describenda
683 2001 737 2041 ad
759 2005 924 2040 mentem
953 2000 1043 2039 Pla—

89 2063 194 2103 tonis
223 2063 414 2102 accedere
437 2064 627 2115 potuisse.

139 2124 329 2164 Traditur
352 2126 473 2163 etiam
499 2126 723 2164 illustrasse
747 2125 902 2163 Livium
921 2128 958 2162 et
973 2125 1044 2161 Ju-

81 2184 260 2226 venalem
283 2189 324 2224 et
350 2184 576 2225 Aristotelis
599 2185 819 2224 poeticam:
837 2188 1043 2224 Praeterea

81 2248 290 2298 scripsisse
317 2246 494 2287 Annales
534 2258 703 2287 suorum
741 2250 965 2298 temporum
994 2246 1043 2284 ab

81 2307 198 2347 Anno
222 2308 339 2348 41448.
363 2309 413 2348 ad
436 2310 552 2348 4483.
583 2320 685 2359 quos
721 2320 845 2347 manu
870 2309 1044 2347 auctoris

81 2371 252 2420 scriptos
280 2371 418 2409 Latine
462 2375 599 2409 servat
642 2370 866 2408 Florentiae
897 2370 1046 2408 instru-

81 2431 261 2470 ctissima
289 2432 532 2470 Bibliotheca
561 2432 730 2470 illustris
757 2431 829 2468 viri
846 2431 1044 2468 Francisei

81 2492 272 2531 Riccardi.
301 2491 480 2544 Epistola
508 2492 631 2544 hujus
667 2494 793 2533 Fontii
824 2491 873 2531 ad
902 2491 1048 2529 Rober-

81 2558 169 2593 tum
187 2555 415 2593 Salviatum
441 2555 587 2606 legitur
617 2557 721 2593 inter
756 2552 962 2603 Epistolas
995 2551 1043 2589 ad

83 2614 306 2654 Johannem
330 2616 466 2654 Picum
491 2616 752 2655 Mirandulam
778 2625 865 2665 pag.
893 2613 980 2652 l73.
1007 2614 1045 2650 in

84 2687 165 2726 qua
186 2675 415 2724 Orationis,
445 2677 582 2716 Budae
611 2689 633 2716 a
658 2688 700 2715 se
725 2677 883 2715 habitae
908 2675 1047 2712 memi-

81 2737 153 2776 nit.
171 2737 322 2776 Omitto
345 2738 546 2788 Epistolas
567 2737 787 2777 Phalaridis
827 2739 865 2774 in
903 2737 1045 2774 Hetru-

83 2807 199 2837 scum
221 2797 366 2837 idioma
381 2799 430 2838 ab
448 2811 493 2838 eo
512 2810 662 2843 versas,
682 2799 901 2837 Florentiae
928 2797 1043 2835 4494,

83 2857 235 2907 editas,
253 2863 294 2898 et
312 2862 488 2899 carmina
512 2861 600 2911 ejus
623 2862 770 2911 scripta
797 2859 947 2907 italice,
972 2869 1046 2896 un-

83 2918 132 2958 de
152 2920 376 2960 illustribus
395 2924 524 2973 poetis
548 2923 657 2961 italis
681 2924 919 2959 accensetur
939 2930 960 2957 a
980 2919 998 2956 J
1006 2929 1045 2956 o—

83 2991 186 3020 anne
196 2983 315 3020 Mario
330 2983 628 3022 Crescimbenio
644 2989 738 3020 tom.
758 2982 778 3019 4
797 2981 934 3019 histor.
952 2982 1046 3018 Poe-

89 3052 180 3081 seos
216 3043 406 3083 Italorum
438 3044 676 3084 vernaculae
706 3054 792 3092 pag.
827 3041 890 3079 27.
930 3041 1044 3079 Alius

137 3140 170 3180 a)
193 3143 239 3171 De
259 3138 322 3171 hac
343 3138 550 3171 Bibliotheca
569 3137 734 3169 lohannes
751 3135 909 3168 Alexand.
926 3137 1052 3166 Brassi-

80 3204 185 3229 canus
202 3196 413 3237 praefatione
436 3196 476 3226 ad
499 3195 691 3226 salvianum
714 3197 775 3225 An.
796 3193 888 3224 1550.
908 3192 1052 3223 basileae

78 3254 205 3286 editum
226 3255 261 3285 in
280 3253 335 3284 l'ol.
354 3256 387 3283 et
404 3252 511 3283 Julius
531 3251 649 3291 Pilugk
667 3251 812 3291 Epistola
831 3251 871 3281 ad
891 3250 1053 3281 illustrem

78 3309 349 3342 seckendorfium
375 3309 508 3348 vulgata
535 3313 634 3339 senae
661 3307 753 3339 1688.
779 3310 812 3339 in
837 3311 867 3339 S.

1993 233 2072 272 583

1118 296 1442 337 Bartholomaeus
1467 299 1705 348 PONTIUS,
1734 301 1938 350 Venetus,
1962 301 2079 341 disci-

1120 359 1238 409 pulus
1261 358 1424 397 Palladii
1450 358 1594 398 FUSCI
1622 361 1825 410 Patavini,
1847 363 1980 402 clarus
2004 365 2078 403 sub

1119 420 1265 459 saeculi
1290 420 1390 458 XVI.
1417 421 1537 459 initia.
1562 421 1618 459 De.
1644 423 1770 460 Fusco
1792 423 1856 462 illo
1883 425 1980 464 infra
2005 436 2077 464 suo

1121 481 1217 519 10c0.
1240 481 1366 531 Hujus
1391 483 1515 519 Fontii
1554 494 1699 521 nomen
1726 485 1830 523 inter
1864 488 2077 537 scriptores

1122 542 1337 592 prohibitos
1360 542 1504 593 legitur
1528 545 1565 580 in
1593 543 1726 582 Indice
1750 546 1995 586 Tridentino.

1176 601 1528 642 *Bartholomaeus
1542 605 1705 644 Fontius
1717 607 1749 644 F
1752 605 1968 647 terenti-nus
1979 610 2079 649 Car-

1123 662 1272 703 dinalis
1300 664 1517 702 Tusculani
1534 666 1788 706 Seeretarius
1811 668 1858 707 de
1880 669 2079 720 poeniten-

1123 723 1178 761 tia
1196 736 1274 762 non
1287 723 1442 775 absque
1458 727 1789 768 commendatione
1806 731 1939 770 oravit
1954 745 1965 778 ;
1981 731 2077 770 haec

1122 785 1208 835 lego
1232 787 1270 822 in
1280 787 1801 828 DiariaJacobiVolaterrani
1818 792 1864 830 ad
1887 793 2077 832 an.4484.

1121 847 1206 884 Non
1226 846 1361 885 dubito
1385 849 1481 897 quin
1508 848 1609 887 lianc
1636 850 1763 899 ipsam
1798 854 2013 892 orationem
2040 855 2078 891 in

1123 908 1360 957 opusculum
1400 909 1448 947 de
1488 912 1730 959 poenitentia
1761 923 1996 952 conversam
2030 914 2079 954 ad

1122 970 1379 1008 Laurentium
1403 970 1593 1009 Medicem
1619 971 1834 1021 direxerit,
1859 986 1936 1024 qua
1966 975 2014 1013 de
2038 987 2080 1014 re

1122 1031 1324 1069 Fabricius
1348 1031 1424 1070 hic.
1447 1031 1620 1070 Annales
1643 1043 1810 1072 suorum
1835 1038 2051 1086 temporum
2067 1068 2076 1084 ‚

1122 1092 1170 1130 de
1195 1092 1341 1142 quibus
1371 1092 1433 1131 hic
1455 1093 1686 1141 Fabricius,
1715 1096 1767 1133 ita
1790 1095 1935 1135 breves
1959 1103 2079 1147 sunt⁷

1122 1157 1167 1191 ut
1190 1153 1306 1203 paulo
1327 1153 1418 1204 plus
1442 1154 1660 1205 impleant,
1685 1167 1804 1206 quam
1836 1169 1958 1196 unam
1984 1159 2082 1197 alte-

1122 1226 1287 1264 ramque
1315 1215 1522 1265 pagellam.
1548 1217 1735 1267 Vulgavit
1773 1229 1868 1257 vero
1906 1220 1992 1258 illos
2021 1221 2078 1259 Cl.

1121 1277 1281 1314 Lamius
1302 1277 1338 1314 in
1361 1277 1545 1327 Catalogo
1566 1278 1831 1318 Bibliothecae
1861 1281 2081 1320 Riccardia-

1117 1348 1190 1376 nae
1219 1349 1305 1388 pag.
1331 1338 1406 1377 493
1431 1343 1505 1376 etc.
1531 1339 1620 1388 (406
1640 1341 1782 1379 Recusi
1807 1342 1846 1378 in
1870 1342 1946 1380 vol.
1978 1341 2077 1380 Phil.

1126 1400 1157 1437 V
1157 1397 1270 1437 iliani
1279 1399 1325 1437 de
1334 1400 1366 1437 F
1368 1400 1517 1438 amosis
1530 1399 1695 1440 civibus.
1714 1401 1936 1440 Florentiae
1948 1403 1965 1442 t
1972 1403 2076 1451 847.)

1123 1461 1165 1498 ln
1196 1461 1333 1499 eadem
1350 1473 1444 1500 vero
1463 1462 1644 1500 Biblioth.
1662 1463 1914 1502 Riccardiana
1937 1469 2077 1503 extant

1121 1522 1196 1560 alia
1219 1521 1400 1560 eiusdem
1424 1523 1553 1560 Fontii
1577 1524 1794 1573 opuscula,
1825 1536 1994 1574 quorum
2019 1527 2077 1563 in-

1120 1583 1247 1621 dicem
1268 1583 1331 1621 hic
1350 1583 1444 1621 dare
1461 1583 1759 1633 juvat.Versus:
1775 1584 2078 1624 vocabularium

1121 1647 1160 1682 et
1179 1642 1471 1683 observationes
1497 1645 1795 1684 Grammaticae
1811 1678 1821 1695 ‚
1839 1650 1877 1684 et
1895 1647 2079 1686 Etimolo-

1116 1705 1208 1755 {siae
1223 1705 1443 1756 praecipue
1468 1717 1523 1745 eoe
1550 1706 1716 1746 Tortello
1736 1707 1977 1759 desumptae,
2004 1709 2080 1748 Ca-

1121 1765 1346 1805 lendarium
1391 1768 1604 1807 Festorum
1651 1769 1971 1808 Christianorum
1986 1801 1997 1819 ,
2045 1774 2083 1808 et

1117 1828 1388 1877 Ethnicorum,
1403 1829 1692 1881 Castiyationes
1712 1831 1754 1869 in
1776 1832 1960 1870 Persium
1981 1843 2080 1882 opus

1117 1895 1161 1928 ut
1185 1890 1352 1928 arbitror
1372 1903 1392 1929 a
1416 1893 1715 1930 commentariis
1753 1892 1957 1931 diversum
1977 1923 1984 1940 ‚
2002 1893 2082 1931 vita

1118 1950 1239 1989 Pauli
1253 1952 1440 1991 Diacceti.
1467 1953 1497 1990 T
1494 1952 1688 1992 ranslatio
1719 1953 2080 2003 Aryonautz'corum

1114 2011 1320 2064 Apollonii.
1344 2013 1466 2065 Sylva
1489 2014 1631 2052 variae
1661 2013 1849 2053 lectionis.
1874 2014 2082 2066 Eoecerpta

1116 2073 1163 2111 de
1190 2073 1312 2113 rebus
1351 2074 1607 2113 naturalibus
1642 2074 1826 2114 (liversis.
1874 2075 2081 2127 Eoecerpta

1117 2146 1172 2173 eoe
1195 2135 1372 2186 antiquis
1395 2138 1432 2173 et
1452 2134 1739 2175 recentioribus
1763 2135 2013 2175 authoribus.

1169 2195 1367 2235 Johannes
1390 2197 1668 2236 FORDENSlS
1688 2226 1696 2243 ,
1720 2199 1805 2236 sive
1830 2197 1879 2236 de
1905 2200 1929 2236 F
1934 2197 2081 2245 ORDA,

1118 2259 1203 2296 sive
1227 2257 1276 2296 de
1300 2258 1527 2307 FORDUN,
1553 2258 1689 2296 Abbas
1719 2258 1881 2297 Ordinis
1914 2260 2081 2298 Cisterc.

1116 2321 1219 2358 circa
1239 2320 1403 2358 Annum
1429 2320 1546 2359 4210.
1572 2319 1768 2358 Johannis
1792 2322 1914 2371 Regis
1939 2321 2084 2371 Anglo-

1119 2392 1212 2419 rum
1238 2392 1260 2418 a
1281 2382 1406 2419 sacris
1430 2381 1757 2420 Confessionibus
1773 2413 1783 2429 ,
1809 2387 1948 2421 auctor
1967 2384 2082 2421 Com-

1122 2442 1306 2479 mentarii
1326 2441 1365 2479 in
1380 2442 1594 2480 Jeremiam
1616 2441 1783 2491 ejusque
1800 2442 1969 2490 threnos,
1987 2443 2082 2480 etin

1126 2501 1293 2540 Cantica
1313 2503 1361 2541 ab
1385 2514 1430 2540 eo
1455 2503 1565 2549 loco,
1595 2503 1660 2541 ubi
1699 2504 1979 2542 GlLBERTUS
2016 2503 2083 2542 de-

1122 2563 1268 2609 sierat,
1295 2573 1367 2600 nec
1393 2574 1468 2600 non
1495 2563 1580 2600 libri
1606 2562 1652 2600 de
1677 2563 1882 2602 Contemtu
1917 2563 2080 2607 Mundi,

1119 2628 1158 2661 et
1178 2622 1450 2661 Homiliarum
1474 2624 1597 2662 CXX.
1622 2625 1788 2674 Scripsit
1813 2626 1930 2662 etiam
1957 2625 2081 2663 Vitam

1124 2683 1336 2736 Walfrici,
1381 2684 1687 2724 Conodunensis
1732 2685 1985 2735 Presbyteri,
2030 2687 2077 2724 ad

1118 2746 1467 2784 Bartholomaeum
1501 2747 1713 2793 Iscanum‚
1755 2748 1841 2784 sive
1879 2747 2081 2786 Exonien-

1119 2817 1202 2845 sem
1229 2807 1483 2857 Episcopum.
1515 2807 1611 2845 Vide
1637 2807 1853 2846 Lelandum
1878 2819 1961 2857 cap.
1990 2809 2078 2846 206.

1119 2869 1283 2907 Baleum
1311 2869 1377 2906 111.
1402 2869 1465 2906 66.
1486 2870 1552 2918 qui
1575 2868 1684 2906 addit
1706 2869 1849 2907 librum
1871 2868 1917 2907 de
1933 2869 2082 2919 triplici

1120 2929 1264 2976 Crucc,
1295 2934 1335 2967 et·
1360 2928 1461 2968 Acta
1491 2928 1688 2980 quaedam
1711 2930 1827 2980 Reyis
1862 2929 2076 2979 Johannis,

1118 2993 1221 3029 sicut
1245 2992 1399 3029 Pitseus
1433 3002 1519 3041 pag.
1558 2991 1647 3028 ⁶276.
1688 2991 1888 3029 Lectiones
1917 2991 2078 3029 ordina-

1117 3062 1216 3100 rias,
1231 3056 1271 3089 et
1295 3062 1380 3101 pag.
1408 3052 1497 3090 277.
1524 3052 1863 3100 Scotichronicoiu
1882 3053 1952 3090 sed
1969 3054 2074 3103 quod

1115 3113 1311 3162 juniorem
1329 3143 1338 3161 ‚
1359 3117 1403 3151 ut
1427 3124 1517 3150 mox
1541 3113 1668 3150 dicam
1687 3141 1694 3159 ,
1715 3119 1915 3152 auctorem
1943 3115 2073 3153 habet.

1171 3174 1342 3211 ,loannes
1366 3173 1579 3211 FORDUN.
1607 3176 1768 3214 scotus.
1793 3180 1930 3213 auctor
1952 3177 2077 3215 Scoti-

1121 3233 1297 3272 chronici
1318 3234 1426 3272 libris
1452 3246 1522 3272 sex
1547 3246 1674 3283 usque
1695 3234 1742 3272 ad
1769 3236 1930 3276 Annum
1959 3239 2073 3276 l360.

1122 3298 1214 3333 ΜΒΝ
1242 3297 1277 3332 iu
1299 3296 1532 3334 cottoniana
1572 3300 1608 3332 et
1636 3296 1721 3334 aliis
1747 3296 1907 3347 ⁴iuglia(¹
1935 3300 2073 3338 Biblio-
