2500 3841
879 179 1311 222 AMBROSIUS
2037 178 2088 217 79

98 265 251 307 semper
276 252 411 304 utique
445 250 608 301 suavis,
632 255 749 304 atque
785 263 973 293 serenus:
1004 253 1059 292 ita

94 315 282 368 procula
302 314 426 354 livore
448 313 776 366 contentioneque,
799 318 845 353 ut
862 327 950 354 cum
974 314 1061 356 Val-

99 377 161 418 lae
185 376 373 430 Poyyium
386 374 653 415 reconciliare
676 380 902 426 conaretur,
919 388 982 416 eos
996 389 1060 416 ne-

101 452 175 493 que
184 439 304 492 plane
324 438 526 488 litteratos,
536 450 658 490 neque
675 438 921 478 Christianos
934 439 1064 479 videri

100 501 265 552 diceret,
275 500 346 553 qui
359 499 518 539 inducta
533 499 747 551 simultate,
764 505 1062 541 sacrosanctum

102 563 327 603 litterarum
348 562 468 602 decus
485 561 693 615 probrosis
710 562 850 603 libellis
875 564 1063 617 importu-

101 639 149 667 ne
167 625 430 680 defoedarent.
455 625 689 664 Lambecius
718 628 942 666 versionem
971 628 1064 667 Ser-

100 701 260 728 monum
281 689 379 728 XXI
403 687 623 740 Ephraemi
653 688 750 739 Syri
783 689 831 728 ab
858 689 1063 729 Ambrosio

103 753 387 792 translatorum
404 753 443 790 in
461 751 899 791 CaesareaBibliotheca
914 753 1063 791 MStam

103 825 330 853 memorans
353 817 448 852 tom.
471 814 485 852 1
511 824 595 864 pag.
615 815 689 853 119
715 813 762 852 de
778 814 956 853 Biblioth.
972 815 1065 853 Vin-

101 876 189 915 dob.
209 877 390 927 vulgavit
405 875 492 926 ejus
507 875 791 914 Praefatiouem
809 876 857 914 ad
874 877 1062 916 Cosmum

101 938 308 988 Medicam,
332 938 517 988 eandem,
541 949 663 988 quam
685 949 735 976 ex
768 939 947 977 Martenii
976 950 1061 989 pag.

103 1000 180 1041 702
201 999 283 1052 jam
307 1002 455 1040 notavi.

155 1064 216 1103 Ex
241 1064 413 1115 scriptis,
435 1075 535 1114 quae
555 1064 788 1104 Ambrosius
812 1065 894 1115 ipse
911 1075 1066 1115 compo-

102 1126 198 1175 suit,
222 1126 349 1177 primo
373 1126 456 1164 loco
479 1125 721 1166 laudandum
750 1125 838 1177 ejus
867 1125 1066 1177 Hodoepo-

101 1187 227 1238 ricon,
252 1188 337 1226 sive
361 1187 572 1239 descriptio
613 1189 764 1227 itineris
802 1189 863 1228 sui
892 1187 937 1227 A.
963 1189 1057 1228 1431

102 1251 278 1301 suscepti
301 1250 520 1289 lustrandis
544 1249 884 1301 emendandisque
899 1263 969 1302 per
991 1251 1068 1289 Ita-

103 1313 196 1352 liam
219 1312 501 1361 Monachorum
524 1316 564 1351 et
585 1312 810 1351 Monialium
833 1313 991 1351 Ordinis
1007 1313 1068 1352 sui

103 1375 291 1415 moribus.
329 1376 438 1414 Hanc
474 1375 657 1414 Nicolaus
693 1374 947 1414 Bartholinus
977 1376 1071 1414 Bar-

101 1438 237 1489 gensis
256 1441 461 1488 acceptam
485 1448 508 1476 a
529 1436 809 1489 Magliabechio
837 1436 960 1475 edidit
987 1437 1072 1475 Flo-

103 1500 254 1538 rentiae
292 1498 395 1540 1678
401 1530 413 1550 ,
446 1500 481 1538 4.
510 1499 557 1549 (1)
594 1499 747 1538 lnedita
781 1504 876 1538 sunt
916 1504 1072 1550 praeter

105 1560 331 1613 Orationes,
369 1573 471 1613 quas
504 1561 641 1601 habuit
673 1563 840 1613 Eugenii
860 1562 909 1601 IV
932 1562 1072 1601 Orator

104 1624 145 1662 in
171 1624 347 1665 Concilio
375 1625 593 1664 Basileensi
631 1625 769 1663 Latine
791 1624 864 1663 An.
896 1625 990 1664 1431
1031 1629 1071 1664 et

102 1686 252 1726 Graece
271 1685 332 1725 An
358 1687 460 1726 1438
477 1688 694 1736 Ferrariae,
710 1685 825 1726 Libri
836 1686 912 1726 duo
929 1699 1069 1726 earum

102 1760 260 1798 rerum,
283 1759 385 1800 quas
401 1747 671 1800 qessitAbbas
684 1748 884 1801 yeneralis
907 1749 1070 1789 Camal-

104 1809 345 1850 dulensium·
360 1809 485 1851 Vitam
493 1811 694 1862 Euyeni'ae
713 1811 901 1863 Viryinis,
920 1815 958 1850 et
971 1813 1072 1852 San-

104 1876 257 1912 ctorum
280 1873 394 1912 Proti
413 1877 451 1913 et
470 1873 693 1926 Hyacinthi.
715 1875 813 1914 Nam
846 1873 1072 1915 Chronicon

105 1936 248 1976 Montis
273 1935 454 1986 Cassini,
480 1936 585 1986 quod
610 1937 645 1975 ei
666 1937 846 1976 tribuunt
868 1937 1070 1988 plerique,

107 2011 185 2038 non
205 2001 427 2050 composuit
450 1998 522 2037 sed
544 2000 774 2050 recognovit
793 1999 834 2048 e)
851 2001 969 2038 etiam
994 2004 1072 2039 tra-

110 2065 263 2101 ctatum
286 2060 333 2100 de
357 2061 531 2114 Corpore
556 2060 734 2112 CHristi,
761 2062 846 2100 sive
867 2066 911 2101 ut
934 2061 1072 2101 Arnol-

107 2124 184 2164 dus
206 2125 324 2163 Wion
347 2128 480 2174 vocat,
504 2122 551 2162 de
567 2123 855 2174 sacramentis,
883 2129 979 2165 sunt
1002 2126 1070 2176 qui

108 2190 254 2237 negant
289 2190 465 2235 exstare,
503 2190 549 2226 ut
585 2187 820 2227 Franciscus
857 2188 1071 2238 Dionysius

108 2249 383 2298 Camusatusf')
400 2250 503 2288 notis
518 2248 568 2288 ad
583 2249 864 2289 Bibliothecam
879 2249 1071 2302 Alphonsi

107 2311 313 2352 Ciacconii.

160 2372 182 2396 *
196 2374 467 2425 Epistolarum
484 2373 682 2414 Ambrosii
702 2375 974 2414 collectionem
991 2375 1075 2413 lon-

108 2444 154 2486 ge
173 2437 423 2488 ampliorem,
447 2448 567 2488 quam
583 2448 686 2487 quae
709 2448 825 2488 opera
840 2439 879 2475 P.
897 2438 1074 2475 Martene

108 2497 310 2548 prodierit,
334 2498 526 2537 adornare
545 2499 718 2549 comperi
737 2500 781 2538 V.
805 2499 1083 2537 clarissimum(

109 2553 365 2600 Laurentium
379 2561 536 2609 Mehus,
561 2561 675 2599 cuius
695 2562 866 2599 amicitia
889 2571 967 2598 non
984 2561 1071 2598 sine

108 2623 241 2661 fructu
263 2626 303 2661 et
325 2623 530 2673 voluptate
552 2622 678 2673 fruor,
699 2634 846 2673 eosque
870 2623 944 2660 viri
968 2621 1071 2660 docti

109 2684 265 2724 labores
288 2694 408 2735 prope
432 2683 537 2722 diem
557 2683 737 2734 publicae
750 2685 911 2722 utilitati
927 2683 1073 2722 donan-

111 2746 182 2785 dos
201 2749 473 2797 expectamas.
495 2745 722 2784 Orationem
746 2746 784 2783 in
801 2756 920 2784 causa
937 2746 1073 2785 Conci-

112 2809 152 2848 lii
180 2808 353 2847 habitam
395 2806 517 2846 Albae
540 2817 671 2845 coram
701 2805 953 2857 Sigismundo
981 2817 1073 2857 rege

113 2871 216 2910 1435
239 2881 289 2909 ex
308 2870 517 2910 Veteribus
530 2869 795 2908 Monumentis
815 2869 882 2906 PP.
900 2869 1074 2908 Martene

112 2936 153 2972 et
170 2931 331 2973 Durand
347 2943 417 2984 ego
436 2942 523 2971 meo
539 2931 772 2971 Cociliorum
790 2929 1072 2981 Supplemento

169 3116 205 3158 d)
225 3117 366 3159 vigneul
383 3119 528 3152 Mai-ville
543 3122 623 3151 tom.
642 3120 689 3158 11,
708 3127 783 3159 pag.
804 3117 871 3149 1⁶26.
890 3119 969 3150 Acta
991 3118 1076 3148 Eru-

112 3167 259 3201 ditorum
275 3171 338 3201 An.
358 3168 438 3201 1682
461 3178 537 3210 pag.
554 3169 624 3202 159.

117 3217 203 3299 wgo)
221 3219 377 3252 Glornalc
394 3220 446 3252 de’
461 3222 615 3253 Lettcrati
638 3219 670 3251 d*
686 3220 780 3251 ltalia
811 3221 890 3249 tom.
911 3217 968 3254 lx,
993 3224 1069 3256 pag.

173 3289 199 3357 f)
216 3318 445 3362 Bibliotheque
463 3321 637 3354 raisonnee
655 3325 741 3353 tome
761 3321 815 3351 Vll
832 3341 841 3357 ‚
858 3325 933 3359 pag.
954 3315 1022 3348 112.

1132 256 1224 291 tom.
1251 252 1317 301 IV,
1338 262 1423 303 pag.
1453 251 1552 291 1195
1578 250 1736 290 inserui.
1754 249 1828 289 Vix
1844 247 1978 288 dubito
1994 248 2089 297 quin

1132 313 1204 353 hac
1231 316 1313 365 ipsa
1331 315 1383 352 sit
1401 314 1523 352 oratio
1537 344 1548 363 ,
1574 324 1693 363 quam
1720 313 1821 350 inter
1841 310 2010 349 ineditas
2029 320 2091 348 ac-

1132 383 1269 417 censet
1283 377 1346 415 hic
1363 376 1563 415 Fabricius
1583 379 1623 415 et
1637 386 1708 426 per
1721 385 1893 414 errorem
1910 383 1972 411 an.
1993 372 2085 410 1431

1134 441 1321 490 assignat,
1337 438 1512 478 nondum
1530 439 1635 476 enim
1651 448 1754 477 anno
1773 437 1838 475 illo
1860 435 2094 474 Ambrosius

1136 502 1183 541 ad
1191 501 1589 541 Conciliumvenerat.
1599 498 1659 538 Ad
1666 499 1974 550 Hodoeporicum
1989 496 2094 547 quod

1136 565 1276 602 attinet
1305 573 1383 600 non
1406 562 1625 601 Florentiae
1655 561 1834 612 quidem,
1865 560 1935 601 sed
1968 561 2095 598 Lucae

1136 625 1306 677 prodivit
1329 625 1513 675 quamvis
1538 625 1575 661 in
1605 624 1744 674 Operis
1768 624 1895 662 fronte
1925 625 2095 672 uterque

1136 688 1247 727 locus
1270 688 1466 738 signatur:
1492 684 1714 724 Florentiae
1738 689 1775 723 et
1795 685 1935 723 Lucae.
1956 682 2098 722 Annus

1138 761 1215 788 non
1260 748 1512 797 adscribitur,
1538 747 1607 786 sed
1632 749 1699 786 vix
1729 747 1864 786 dubito
1893 747 1989 796 quin
2031 756 2099 783 an-

1140 824 1215 851 nus
1239 811 1341 851 1678
1361 809 1622 849 destinandus
1645 811 1707 848 sit.
1738 809 1919 848 Nicolaus
1939 806 2100 846 Bartho-

1137 875 1243 914 linus
1261 875 1376 913 cuius
1394 885 1511 924 opera
1539 872 1775 923 opusculum
1807 869 1903 909 illud
1931 869 2098 921 prodiit,

1139 937 1460 986 Congregationis
1475 946 1585 974 meae
1601 935 1663 973 vir
1678 937 1762 972 erat
1781 932 1939 979 doctus,
1959 930 2101 969 author

1140 999 1334 1039 Carminis
1357 998 1520 1049 elegiaci
1544 999 1583 1035 in
1603 996 1762 1035 exordio
1782 995 2013 1035 Carminum
2030 994 2101 1031 La-

1138 1062 1312 1100 tinorum
1350 1061 1389 1099 P.
1428 1059 1666 1098 Bartholom.
1696 1057 1879 1097 Beverini
1913 1055 2102 1095 Lucensis

1139 1121 1607 1174 Congregationisitidem
1624 1132 1734 1160 meae
1750 1118 1983 1158 doctissimi.
2001 1117 2103 1163 Quo-

1139 1185 1186 1224 ad
1211 1187 1435 1224 versionem
1459 1184 1714 1223 Homiliarum
1744 1183 1783 1221 S.
1814 1180 1990 1232 Ephrem
2019 1190 2098 1217 non

1141 1252 1294 1298 septem
1341 1245 1618 1286 tantummodo
1648 1245 1829 1284 homilias
1868 1242 2105 1282 Ambrosius

1142 1309 1264 1358 dedit,
1290 1314 1352 1348 est
1370 1311 1476 1348 enim
1492 1309 1596 1360 apud
1617 1320 1680 1347 me
1700 1306 1819 1346 editio
1834 1306 1940 1345 illius
1955 1306 2105 1345 Veneta

1144 1382 1205 1410 an.
1229 1372 1322 1410 1501
1350 1372 1389 1409 in
1414 1383 1492 1422 qua
1511 1375 1606 1410 sunt
1630 1380 1833 1408 sermones
1860 1369 1954 1408 XIX
1983 1371 2106 1417 atque

1145 1434 1221 1472 illis
1240 1433 1404 1484 epistola
1422 1432 1621 1471 Ambrosii
1635 1431 1684 1471 ad
1705 1432 1894 1471 Cosmum
1912 1429 2104 1470 Medicem

1145 1495 1385 1546 praefigitur.
1398 1496 1506 1534 Prior
1519 1494 1639 1534 huius
1662 1495 1792 1545 operis
1813 1493 1930 1532 editio
1944 1496 2006 1531 est
2020 1491 2109 1530 Flo—-

1146 1558 1300 1596 rentina
1328 1568 1390 1596 an.
1421 1558 1516 1597 1481
1553 1558 1592 1594 in
1618 1557 1653 1595 4.

1198 1620 1382 1659 Omissus
1409 1624 1471 1659 est
1500 1620 1563 1659 hic
1596 1631 1619 1659 a
1647 1619 1820 1659 Fabricio
1847 1616 2003 1657 Aeneae
2030 1616 2110 1656 Ga-

1146 1683 1468 1734 zensisDialogus
1487 1683 1543 1721 De
1563 1679 1857 1721 immortalitate
1877 1679 2033 1718 animae
2048 1681 2111 1718 in—

1145 1747 1317 1798 scriptus
1343 1745 1642 1798 Theophrastus,
1662 1745 1711 1785 ab
1729 1744 1936 1784 Ambrosio
1950 1754 2110 1793 versus,

1145 1814 1190 1850 ut
1209 1814 1272 1848 est
1300 1811 1338 1848 in
1370 1809 1462 1850 Cod.
1488 1811 1565 1849 MS.
1596 1808 1862 1849 Bibliothecae
1891 1807 2110 1846 Fesulanae

1146 1873 1433 1913 Canonicorum
1448 1871 1692 1923 Regul.Vide
1708 1881 1908 1910 summam
1924 1868 2108 1908 eiusdem

1144 1935 1405 1975 Bibliothecae
1425 1947 1448 1974 a
1471 1935 1706 1974 Pallavicino
1721 1933 1869 1972 editam
1887 1931 2113 1970 Florentiae

1145 2009 1207 2037 an.
1240 1997 1354 2037 4752.

1200 2060 1229 2110 (1
1243 2061 1405 2110 1)Νθῐῐ10
1421 2059 1652 2100 eruditionis
1672 2061 1710 2098 in
1730 2059 1942 2098 liminevix
1962 2058 2113 2108 ingres-

1145 2135 1215 2164 sus
1233 2123 1423 2163 Historiae
1457 2124 1683 2162 Litterariae
1700 2124 1739 2160 in
1755 2133 1838 2172 seq.
1850 2133 1928 2160 non
1945 2121 2114 2172 exiguae

1147 2187 1260 2226 molis
1280 2187 1483 2226 volumine
1507 2186 1643 2226 haberi
1659 2186 1895 2224 thesaurum
1910 2185 2078 2235 ignorat:

1201 2247 1337 2289 Ambr.
1364 2247 1621 2289 Traversarii
1636 2247 1885 2299 aliorumque
1912 2245 1966 2285 acl
1984 2245 2115 2297 ipsum

1146 2316 1185 2352 et
1205 2311 1260 2351 ad
1286 2310 1386 2351 alios
1405 2311 1568 2352 Latinae
1592 2309 1794 2362 Epistolae
1823 2308 1864 2347 in
1890 2307 1997 2348 Libr.
2018 2308 2120 2347 XXV

1147 2375 1322 2415 tributae
1337 2374 1546 2415 variorum
1566 2385 1688 2427 opera
1711 2372 1915 2412 distinctae
1933 2375 1972 2410 et
1987 2382 2117 2410 osser-

1147 2437 1316 2478 tionibus
1345 2437 1590 2477 illustratae:
1605 2434 1757 2474 accedit
1772 2433 1895 2474 eiusd.
1912 2431 2117 2472 Ambrosii

1144 2501 1226 2541 vita
1255 2500 1296 2539 in
1322 2512 1404 2552 qua
1426 2499 1605 2538 Historia
1638 2497 1855 2538 Litteraria
1882 2494 2113 2534 Florentina

1144 2561 1201 2601 ab·
1218 2574 1282 2600 an.
1314 2562 1416 2601 1192
1440 2572 1568 2612 usque
1591 2560 1647 2599 acl
1668 2572 1732 2598 an.
1759 2560 1865 2599 1440
1894 2571 1948 2598 eae
1975 2569 2115 2596 monu-

1144 2624 1283 2663 mentis
1314 2623 1569 2675 potissimum
1608 2621 1779 2660 nondum
1813 2620 1908 2660 editi
1945 2619 2112 2659 deducta

1146 2689 1205 2726 est
1229 2698 1256 2724 a
1283 2685 1501 2725 Laurentio
1523 2683 1672 2725 Melius.
1696 2681 1920 2721 Florentiae
1949 2693 2004 2720 ea:
2031 2684 2109 2733 ιω).

1148 2749 1260 2788 Caes.
1289 2747 1390 2787 1759
1416 2747 1478 2786 fol.

1200 2807 1502 2858 AMBROSIUS',
1520 2806 1854 2855 camaldulensis,
1879 2806 2022 2855 Abbas,
2040 2806 2108 2856 qui

1145 2885 1168 2912 a
1191 2875 1329 2910 nostro
1341 2870 1525 2909 diversus
1545 2873 1586 2907 et
1608 2867 1682 2908 An.
1709 2869 1809 2908 1340
1825 2869 1986 2918 vixisse,
2002 2867 2106 2919 apud

1146 2935 1338 2985 Gangium
1371 2933 1546 2984 ponitur,
1571 2931 1705 2971 nuilus
1741 2932 1829 2979 suit,
1854 2935 1898 2969 ut
1927 2942 1976 2968 ex
2005 2930 2108 2968 serie

1146 2996 1343 3035 Abbatum
1372 2993 1734 3035 Camaldulensium
1763 2992 1867 3044 apud
1887 2991 2106 3031 Arnoldum

1146 3059 1334 3096 Wionum
1359 3060 1451 3094 tom.
1478 3056 1492 3094 1
1514 3056 1607 3107 ligni
1628 3056 1739 3095 Vitae
1764 3066 1849 3107 pag.
1871 3054 1920 3093 37
1941 3065 2023 3105 seq.
2040 3066 2112 3105 ap-

1147 3123 1268 3171 paret.

1199 3180 1431 3219 AMBROSII
1455 3179 1684 3228 Contareni,
1703 3180 1855 3218 Patricii
1872 3180 2011 3218 Veneti
2031 3179 2107 3218 Ve-

1147 3247 1408 3292 uotorumque
1426 3242 1474 3281 ad
1496 3243 1649 3281 l'ersiac
1677 3243 1822 3292 Regem
1862 3242 2109 3280 Usuncassa-

1150 3317 1242 3345 num
1268 3305 1383 3357 legati
1399 3309 1630 3357 susceptum
1647 3302 1720 3343 An.
1740 3304 1753 3344 1
1766 3303 1852 3343 173.
1872 3303 1953 3343 Iter
1974 3301 2090 3343 Persi
