2500 4009
444 240 520 279 5515
1135 269 1140 273 ,

443 311 516 350 stin
540 308 681 348 virere.
705 301 815 338 Alius
841 295 1052 333 Faustinus
1070 322 1078 330 .
1103 290 1151 327 ‹le
1172 298 1250 338 quo
1275 287 1388 336 Sym-

445 371 607 411 machus
644 364 707 403 lib.
744 363 777 399 4.
821 358 944 408 Epist.
991 354 1077 394 448.
1119 353 1171 391 Et
1213 349 1261 388 dc
1304 348 1390 387 aliis

445 436 567 472 tribus
608 425 777 464 lacobus
813 416 1080 457 Gothori-edus
1123 416 1161 452 in
1206 421 1390 463 prosopo-

444 493 597 544 craphia
628 486 782 526 Codicis
812 479 1085 521 Theodosiani.
1115 478 1171 516 De
1200 474 1389 514 Faustino

442 537 674 594 l‘resbx·te1·o
725 551 759 585 et
811 546 982 593 Mai-tyro,
1030 539 1250 585 Brixiensi⁷
1292 535 1389 574 Acta

441 595 673 657 Sanctorum
710 612 754 650 123
779 606 977 647 Februarii
1002 608 1029 642 t.
1057 605 1090 642 4.
1116 614 1153 653 p.
1179 602 1275 649 805,
1306 609 1387 648 seq.

495 674 724 716 FAt'STiM
740 669 1158 722 EpiscopiSermonem
1172 667 1309 701 eontra
1326 672 1392 699 su-

439 740 688 792 perstitiosus
705 733 898 785 quosdam
916 732 1017 769 ritus
1033 726 1217 768 Cale-ndis
1240 726 1391 763 Jamca-

442 803 513 842 riis
538 804 570 847 a]
614 800 888 848 frequentatos
905 826 913 841 ‚
939 805 987 832 ex
1011 792 1089 830 MS.
1115 789 1291 828 Accincti
1315 788 1393 826 Mo-

443 865 602 906 nasterii
628 862 730 901 eruit
752 861 893 898 Petrus
914 856 1150 895 Franciscus
1174 851 1393 894 Chissetius‚

442 929 643 978 ediditque
686 921 902 963 Bollandus
946 921 983 956 in
1027 918 1160 956 limine
1204 915 1392 953 Actorum

444 994 680 1032 Sanctorum
699 985 888 1024 januarii.
901 984 1181 1031 Fragmentum
1200 986 1394 1015 sermonis

443 1056 491 1094 de
514 1065 611 1092 area
632 1049 775 1089 diluvii
796 1047 918 1085 edidit
936 1043 1152 1083 Daelierius
1183 1045 1210 1078 t.
1234 1040 1257 1078 7
1283 1039 1397 1090 spici-

446 1118 531 1163 legii
567 1128 652 1165 pag.
691 1112 779 1150 448.
813 1108 1010 1157 (editionis
1041 1115 1166 1143 novae
1191 1107 1220 1140 t.
1242 1104 1276 1141 4.
1309 1113 1394 1152 pag.

446 1181 548 1226 2¹55„
578 1178 634 1215 l⁴1x
654 1176 691 1213 S.
717 1168 1091 1220 FaustiniEpiscopi
1123 1168 1158 1204 in
1191 1163 1394 1203 Dominica

443 1245 531 1279 urite
578 1233 939 1287 chutlrassesi'mam
984 1231 1250 1281 fragmentum
1289 1226 1390 1278 apud

444 1291 609 1343 ‚Ene'am
638 1299 898 1338 varisiensem
930 1294 1026 1332 libro
1055 1296 1192 1330 contra
1221 1290 1392 1328 Graecos

444 1377 527 1416 cap.
558 1364 628 1403 476
655 1361 703 1399 id.
727 1372 813 1411 pag.
837 1359 929 1405 440,
953 1367 1034 1405 seq.
1057 1355 1222 1394 llomilia
1237 1351 1282 1392 de
1297 1363 1391 1404 pas-

443 1427 550 1466 sione.
576 1422 740 1470 Donum,
766 1431 867 1471 quac
893 1419 1054 1469 incipit:
1080 1414 1274 1467 Beneficia
1300 1414 1394 1452 DEI

444 1488 596 1528 nostri.
634 1485 736 1536 apud
776 1481 1048 1522 Edmumdum
1078 1481 1253 1518 ,ilar-tono
1292 1482 1386 1515 tom.

444 1553 488 1590 V.
514 1549 805 1589 Anecdotorum
838 1557 923 1596 pag.
950 1543 1082 1581 37-40.

498 1611 777 1652 FAUSTINL'S
795 1610 1014 1659 Episcopus
1032 1604 1311 1651 Lugdunensis
1336 1605 1391 1640 in-

445 1682 505 1715 ter
535 1686 614 1714 eos,
641 1675 707 1723 qui
732 1672 779 1711 ad
805 1670 1032 1710 Cornelium
1054 1669 1295 1718 Episcopum
1319 1665 1394 1704 Ro-

445 1750 604 1777 manum
631 1738 822 1774 miserunt
843 1733 1059 1784 Epistolam
1077 1730 1263 1780 Cypriani
1282 1728 1393 1775 LVII,

445 1804 481 1839 in
507 1800 599 1838 edit.
630 1800 756 1837 Oxon.
785 1796 940 1846 (l'amel.
969 1799 1006 1831 et
1032 1793 1165 1832 Baluz.
1189 1791 1281 1830 LIV.
1298 1791 1395 1830 Era-

446 1864 520 1901 smi
547 1863 610 1900 lib.
640 1864 674 1900 4.
696 1861 822 1910 Epist.
849 1859 897 1905 Ξ.)

495 1924 724 1964 FAL'STlNl
751 1921 932 1961 Buturini
960 1919 1132 1959 Carmen
1169 1916 1215 1954 (le
1249 1926 1392 1965 qenere

442 1987 762 2026 vestimentorum
784 1984 860 2023 MS.
882 1984 921 2020 in
946 1980 1187 2020 Bibliotheca
1207 1978 1393 2017 Carmeli-

448 2055 578 2088 tarum
604 2048 921 2085 excalceatorum
946 2042 1331 2082 Claromontensium
1357 2040 1395 2076 in

444 2112 647 2154 Arvernia.
675 2111 868 2146 memorat
902 2105 1080 2144 Labbeus
1107 2104 1144 2140 in
1171 2102 1264 2140 Bibl.
1292 2111 1394 2138 nova

446 2173 551 2211 MSS.
581 2183 666 2220 pag.
699 2170 786 2208 207.

500 2233 724 2272 FAL'STL'S
754 2233 791 2269 S.
824 2229 1028 2269 Benedicti
1074 2229 1112 2265 in
1157 2226 1395 2264 monasterio

448 2297 675 2336 Cassinensi
705 2306 725 2331 a
759 2294 928 2344 septimo
957 2291 1098 2329 aetatis
1134 2300 1236 2327 anno
1281 2287 1397 2324 disci-

448 2360 577 2410 pulus,
600 2356 741 2394 ‹if-indo
772 2357 810 2393 S.
845 2357 1022 2393 Maurum
1055 2356 1218 2390 secutus
1247 2352 1283 2388 in
1309 2350 1398 2388 (ial—

450 2422 553 2460 liam.
581 2422 615 2458 in
642 2420 806 2458 Abbatia
833 2418 878 2455 ad
907 2417 1070 2465 Ligerim
1089 2414 1397 2452 (llannasoliensi

449 2495 539 2521 (um
570 2483 631 2520 ille
668 2484 784 2520 annis
819 2481 990 2530 amplius
1016 2477 1275 2527 quadraginta
1305 2486 1396 2513 exa-

446 2548 531 2592 ctis,
564 2549 651 2595 post
682 2543 852 2583 eundem
884 2543 958 2581 An.
992 2541 1067 2579 584
1091 2541 1311 2577 extinctum
1337 2549 1396 2575 re-

447 2609 517 2646 diit
541 2609 750 2647 Cassinum
780 2606 909 2656 ibique
933 2604 1037 2642 diem
1063 2603 1157 2640 obiit
1185 2602 1285 2639 circa
1316 2599 1395 2638 An-

449 2683 542 2708 num
574 2671 662 2708 620.
688 2669 784 2707 Yide
813 2670 981 2706 Leonem
1014 2665 1239 2704 Ostiensem
1275 2662 1395 2701 Chro-

451 2734 524 2769 nic.
557 2733 783 2771 CassiuenS.
806 2730 870 2768 lib.
897 2731 930 2768 4.
955 2739 1039 2778 cap.
1066 2728 1100 2765 3.
1126 2727 1283 2764 Petrum
1307 2725 1395 2762 'Dia-

448 2806 591 2833 conum
624 2794 672 2833 de
705 2794 924 2832 illustribus
968 2789 1274 2829 Cassincnsibus
1309 2797 1393 2837 cap.

507 2958 540 2987 as
566 2951 600 2980 ln
625 2948 757 2979 casm-m
783 2949 1036 2986 superstitiones
1072 2944 1227 2983 indignas
1250 2943 1406 2973 Christia-

446 3003 496 3031 nis
524 2999 732 3030 invehuntur
758 2999 961 3036 Augustinus
987 3002 1136 3026 sermone
1155 2995 1295 3033 septimo
1319 2994 1404 3023 inter

451 3049 555 3080 editos
588 3058 606 3078 a
639 3046 813 3079 sirmondo
841 3052 871 3077 ct
892 3045 1183 3084 undesexagesimo
1206 3044 1245 3074 de
1268 3043 1404 3074 diversis

445 3100 627 3137 (editionis
655 3106 757 3128 novae
776 3097 844 3127 wa.
863 3102 895 3128 et
912 3096 981 3127 196.
1000 3100 1079 3127 torn.
1097 3098 1117 3124 v
1135 3094 1146 3132 )
1163 3096 1277 3124 Petrus
1300 3093 1404 3131 Chry-

448 3150 580 3180 soloeus
600 3156 750 3179 sermone
771 3147 840 3178 155.
860 3149 1019 3178 Maximus
1046 3145 1260 3176 Taurinensis
1283 3151 1405 3174 sermo-

450 3207 488 3227 ne
506 3200 634 3228 decimo
654 3210 660 3226 t
679 3203 777 3237 atque
795 3206 812 3228 e
831 3199 962 3227 Graecis
981 3198 1127 3226 Asterius
1146 3193 1282 3224 humilia
1300 3200 1403 3231 quar-

1251 213 1620 255 FAUs'rlNi

1463 285 1499 322 6,
1542 287 1735 333 notasque
1772 282 1963 322 iohannis
1988 283 2185 333 Baptistae
2214 281 2333 331 Mari,
2367 286 2408 320 et

1462 345 1562 384 Acta
1586 344 1821 382 Sanctorum
1843 345 1892 397 ⁴5
1912 344 2112 384 Februarii
2138 347 2232 382 tom.
2255 343 2289 383 4.
2317 354 2405 395 pag.

1464 408 1567 450 839,
1598 417 1680 456 seq.
1713 406 1877 456 Scripsit
1899 411 2038 457 rogatu
2074 407 2239 446 fratrum
2278 405 2411 445 Cassi-

1464 470 1649 508 nensium
1679 472 1719 506 et
1748 468 1959 518 praecipue
1986 468 2151 508 Abbatis
2189 467 2407 517 Theodori,
2446 491 2456 500 ·

1468 531 1593 570 Vitam
1615 531 1654 570 S.
1685 528 1846 577 Mauri,
1883 540 2003 580 quam
2042 531 2124 581 ipse
2164 534 2337 571 testatus
2366 541 2410 570 se

1464 593 1687 632 ostendisse
1713 594 1837 643 Papae
1853 591 2050 631 Bonifacio
2068 593 2133 632 111.
2157 592 2214 642 (A.
2239 593 2282 633 C.
2307 591 2410 642 607.)

1464 658 1607 695 Exstat
1644 654 1748 706 apud
1792 655 1952 693 Surium
1993 655 2076 693 XV.
2118 655 2278 696 Januar.
2321 667 2409 708 pag.

1467 718 1567 757 4039
1589 717 1802 768 subjuncta
1821 727 1907 768 pag.
1934 716 2029 756 4054
2060 716 2222 757 historia
2244 719 2413 759 transla-

1466 781 1584 818 tionis
1608 780 1646 817 S.
1675 779 1797 818 Mauri
1817 809 1825 827 ‚
1851 779 2042 829 scriptore
2064 777 2232 819 ODONE
2260 779 2412 820 Abbate

1467 842 1651 883 Coenobii
1675 842 1713 881 S.
1736 841 1887 889 Mauri,
1911 840 1960 880 ad
1979 839 2243 881 Adelmodum
2276 841 2414 882 Archi-

1468 904 1690 943 diaeonum.
1715 902 1890 942 Exhibet
1912 903 2030 941 etiam
2055 903 2303 943 Mabillonius
2318 908 2412 944 tom.

1470 969 1505 1006 4.
1525 966 1715 1005 Actorum
1740 966 1809 1005 SS.
1829 964 2070 1004 Benedictio.
2095 976 2182 1018 pag.
2197 965 2289 1006 274.
2307 966 2415 1014 Quae

1468 1034 1605 1069 contra
1630 1028 1747 1067 sidem
1773 1027 1894 1078 hujus
1916 1028 2028 1067 Vitae
2052 1027 2255 1079 disputata
2275 1033 2371 1068 sunt
2393 1040 2416 1069 a

1469 1092 1631 1131 Bailleto
1657 1093 1695 1129 in
1720 1092 1835 1129 novis
1854 1091 1949 1128 vitis
1978 1090 2242 1139 Sanctorum,
2269 1091 2417 1131 Gallice

1468 1155 1584 1194 editis
1605 1184 1613 1200 ,
1637 1159 1678 1193 et
1697 1165 1718 1193 a
1744 1153 1888 1192 Jacobo
1912 1154 2106 1204 Basnagio
2129 1153 2196 1192 lib.
2219 1154 2327 1193 XXI.
2353 1155 2417 1193 Hi-

1469 1219 1613 1256 storiae
1636 1216 1940 1256 Ecclesiasticae
1964 1226 2047 1266 cap.
2085 1215 2119 1254 4.
2143 1219 2239 1254 tom.
2265 1215 2302 1255 4.
2326 1227 2415 1267 pag.

1469 1280 1562 1319 4264
1589 1310 1597 1328 ,
1622 1290 1705 1329 seq.
1731 1278 1930 1317 discutere
1954 1278 2128 1316 instituit
2151 1277 2418 1317 Theudoricus

1466 1344 1680 1382 Ruinartus
1705 1342 1742 1379 in
1773 1341 1870 1380 libro
1897 1340 2003 1380 edito
2031 1340 2152 1380 Paris.
2179 1338 2295 1388 4702,
2322 1341 2358 1379 8.
2384 1342 2416 1389 a)

1466 1403 1649 1456 .vlp0l0‚qie
1678 1403 1723 1442 (te
1754 1403 1794 1442 la
1821 1403 1988 1443 ,Mission
2015 1401 2061 1441 de
2089 1403 2132 1442 S.
2159 1402 2294 1452 Maur,
2317 1402 2418 1456 Apo-

1466 1471 1525 1505 tre
1548 1466 1615 1506 des
1645 1465 1891 1518 Benedz‘ctins
1914 1477 1962 1505 en
1989 1466 2171 1516 France,
2210 1477 2306 1506 avec
2342 1477 2418 1505 une

1466 1529 1641 1568 addition
1657 1529 1842 1568 touchant
1859 1530 1900 1568 S.
1920 1527 2090 1577 Placide,
2109 1528 2288 1580 premier
2309 1531 2418 1570 Mar-

1467 1595 1531 1644 tyr
1554 1591 1600 1630 (lc
1625 1590 1648 1629 Γ
1671 1591 1803 1630 Ordre
1827 1590 1873 1630 de
1896 1593 1936 1631 S.
1961 1589 2155 1630 Benedict.

1519 1653 1745 1693 FAUSTUS
1774 1653 2008 1704 Presbyter,
2037 1652 2257 1703 discipulus
2281 1654 2320 1692 S.
2347 1654 2418 1692 Se-

1468 1717 1594 1755 verini
1615 1745 1623 1764 ,
1652 1715 1818 1755 Abbatis
1841 1715 2119 1767 Agaunensis,
2143 1714 2320 1754 defuncti
2342 1715 2416 1754 An.

1470 1779 1545 1818 506
1569 1790 1589 1817 a
1615 1779 1817 1829 superiore.
1841 1779 1986 1817 Fausto
2011 1778 2151 1828 utique
2171 1776 2418 1829 distinguen—

1468 1841 1569 1889 dus,
1601 1842 1760 1891 scripsit
1802 1841 1927 1879 Vitam
1960 1839 2044 1892 jam
2083 1839 2177 1879 dicti
2213 1838 2417 1888 Severini,

1466 1915 1586 1953 quam
1630 1905 1667 1942 in
1710 1903 1991 1954 compendium
2036 1902 2238 1942 redactam
2277 1902 2418 1942 Surius

1467 1965 1534 2004 Xl.
1567 1966 1791 2006 Februarii:
1823 1966 2098 2017 interpolatam
2127 1965 2176 2005 ab
2205 1964 2417 2015 Anonymo

1469 2030 1593 2066 veteri
1630 2028 1775 2067 saeculi
1802 2029 1856 2067 IX
1881 2057 1889 2075 ‚
1913 2028 2103 2067 exhibent
2130 2027 2231 2067 Acta
2255 2027 2418 2067 Sancto—
2486 2022 2488 2024 ’

1466 2093 1620 2128 ctorum
1651 2094 1744 2127 tom.
1771 2090 1808 2129 2.
1838 2089 2036 2128 Februarii
2061 2101 2146 2140 pag.
2177 2088 2255 2129 547
2277 2092 2318 2127 et
2340 2090 2418 2127 Ma-

1468 2151 1655 2190 billonius
1680 2156 1772 2189 tom.
1807 2154 1840 2191 4.
1866 2150 2058 2191 Actorum
2084 2152 2322 2191 Sanctorum
2347 2152 2419 2190 Bc-

1470 2213 1656 2251 nedictin.
1683 2226 1768 2264 pag.
1797 2214 1886 2253 568.
2152 2200 2161 2209 ⁶

1522 2276 1751 2315 FAUSTUS
1786 2288 1808 2314 e
1838 2277 2038 2315 Britannis
2062 2276 2185 2316 Gallis
2220 2277 2257 2327 b)
2298 2288 2417 2328 supra

1469 2339 1637 2389 Ligerim
1660 2338 1876 2378 Monachus
1898 2368 1906 2387 ‚
1929 2343 1969 2377 et
1991 2342 2082 2390 post
2103 2340 2318 2380 Maximum
2341 2341 2419 2380 Ab-

1469 2401 1540 2439 bas
1565 2402 1789 2439 Lerinensis
1813 2406 1853 2440 et
1879 2401 1928 2440 ab
1967 2400 2041 2440 An.
2075 2401 2164 2444 472.
2197 2403 2418 2454 Episcopus

1470 2463 1603 2501 itidem
1629 2468 1716 2514 post
1740 2465 1954 2502 Maximum
1979 2461 2159 2514 Rejensis
2177 2495 2189 2513 ,
2225 2465 2310 2503 sive
2345 2465 2419 2504 Re—

1467 2527 1602 2577 gensis
1633 2528 1668 2564 in
1694 2526 1818 2565 Gallia
1843 2526 1961 2576 (Rz'ez)
1983 2537 2102 2576 quern
2127 2526 2231 2566 ultra
2254 2525 2418 2566 Annum

1470 2589 1544 2627 493
1574 2590 1696 2627 vitam
1725 2588 1960 2639 produxisse
1990 2588 2168 2640 disputat
2197 2588 2414 2628 Tillemon-

1467 2651 1546 2690 tius
1570 2656 1664 2689 tom.
1695 2651 1796 2698 XVI,
1819 2652 2098 2690 memoriarum
2122 2661 2207 2703 pag.
2237 2651 2312 2691 433
2349 2651 2416 2702 qui

1469 2713 1769 2763 diligentissime
1793 2712 1840 2751 de
1865 2713 1938 2751 hoc
1962 2714 2152 2765 scriptore
2171 2718 2416 2753 commenta-
2469 2712 2482 2725 '

1469 2779 1544 2813 tur.
1575 2775 1977 2826 semipelagianorum
2000 2775 2243 2828 principibus
2265 2775 2414 2816 adscri-

1469 2837 1560 2875 bere
1587 2849 1662 2875 non
1687 2836 1871 2876 dubitant
1894 2837 2136 2877 Vossiuslib.
2160 2839 2194 2877 4.
2211 2849 2297 2888 cap.
2315 2838 2350 2876 8.
2375 2841 2418 2876 et

1470 2901 1649 2938 horisius
1684 2900 1869 2938 historiae
1904 2900 2133 2951 Pelagianae
2162 2899 2227 2938 lib.
2264 2900 2300 2939 2.
2330 2910 2414 2950 cap.

1472 2962 1525 2999 Xl
1547 2991 1557 3008 ‚
1581 2965 1621 2999 et
1646 2962 1683 2999 in
1718 2961 1995 3000 dissertatione
2018 2960 2067 3000 de
2089 2962 2228 3012 quinta
2252 2961 2410 3012 Synodo

1471 3034 1558 3075 pag.
1583 3024 1685 3072 444,
1710 3035 1792 3075 seq.
1818 3025 1904 3063 aliis
1938 3025 2130 3064 Faustum
2166 3021 2416 3064 defendenti-

1525 3193 1558 3233 a)
1572 3192 1742 3223 Nouvelles
1759 3192 1841 3224 dela
1856 3192 2060 3233 Republique
2074 3193 2131 3224 vdes
2148 3192 2258 3224 lettres
2272 3193 2309 3222 A.
2327 3190 2418 3223 1702.

450 3256 481 3279 ta
497 3274 505 3287 ‚
538 3256 567 3281 et
602 3254 850 3289 tsslii·)‚«·‹›st‹›ir.iis
882 3259 1031 3282 sermone
1049 3273 1057 3288 ‚
1086 3251 1142 3288 qui
1163 3249 1302 3287 incipit:
1345 3247 1396 3270 ’Λᾶ
1462 3244 1644 3276 Novembre
1662 3251 1740 3282 pag.
1757 3242 1829 3273 595.

446 3305 560 3373 ᾆξ’-πῇ
586 3295 694 3342 >22:34
718 3310 795 3336 lom.
825 3306 834 3335 i
858 3308 1017 3337 editionis
1042 3304 1350 3336 Monttauconiauae
1371 3312 1402 3340 p.

453 3358 464 3374 J
490 3357 517 3376 Ι.

1464 3342 1535 3372 891).

1524 3293 1559 3331 b)
1576 3293 1772 3324 sirmondus
1789 3292 1829 3323 ad
1844 3290 2035 3323 Facundum
2049 3294 2129 3321 tom.
2143 3291 2164 3321 2
2179 3292 2323 3331 operum
2342 3301 2415 3332 pag.
