2500 3841
879 240 1313 284 FOLCUlNUb¹

110 308 225 347 theca
252 309 515 358 Cottoniana,
544 312 589 348 ut
613 314 771 349 constat
803 322 852 349 ex
877 311 1052 351 Thomae

106 370 249 409 Smithi
270 369 455 420 Catalogo
479 382 565 421 pag.
593 371 641 409 74
666 372 702 410 b.
727 372 844 412 Edita
867 373 1006 412 eadem
1030 386 1051 413 a

102 432 322 470 Mabillonio
353 431 438 469 Sec.
462 431 527 470 111.
558 434 803 472 Benedictiu.
829 445 916 485 pag.
946 435 1020 473 433
1044 464 1051 483 ,

103 496 144 530 et
167 493 204 530 in
234 490 346 531 Actis
380 493 620 533 Sanctorum
651 499 746 533 tom.
782 497 818 534 2.
844 495 931 546 Maji
969 496 1051 534 Vll.

108 565 195 605 pag.
221 554 310 593 468.
334 554 465 594 Etiam
490 555 613 595 vitam
636 557 677 596 S.
695 556 884 604 Oswalcli‚
902 557 1054 607 Wigor-

103 615 254 653 niensis
277 617 464 667 Episcopi
483 646 491 664 ‚
516 622 557 656 et
580 618 747 657 aliorum
772 618 936 667 Angliae
959 619 1055 657 San-

102 681 258 716 ctorum
281 677 468 717 historias
493 681 674 718 suaviter
695 691 715 718 a
736 679 925 718 Folcardo
949 690 1056 718 com-

101 737 251 788 positas
275 743 449 778 testatur
483 740 697 779 Ordericus
732 740 872 778 Vitalis
901 741 967 778 lib.
1005 740 1055 786 2,

111 799 249 838 histor.
273 801 428 839 Eccles.
450 801 500 839 ad
523 800 685 840 Annum
717 803 818 841 4448
850 806 894 840 ut
925 802 1057 840 Caveo

102 859 185 910 jam
224 866 405 901 notatum
427 893 438 911 ,
464 864 531 912 qui
554 863 898 901 Dorobernensem
920 874 942 901 a
964 864 1058 900 Ber-

101 922 250 960 tiniano
273 923 466 962 Folcardo
492 934 569 961 non
601 923 807 962 diversum
835 924 956 962 fuisse
977 925 1059 973 opi-

102 986 233 1021 natur.
259 985 340 1022 Hoc
365 995 609 1034 quamquam
634 995 705 1034 per
739 988 963 1035 temporum
998 995 1060 1022 ra-

100 1045 231 1082 tiones
255 1045 426 1084 fortasse
450 1046 577 1095 possit
605 1044 775 1093 admitti,
805 1050 939 1084 tamen
969 1057 1057 1096 per-

101 1115 222 1154 quam
247 1105 414 1144 dubium
436 1106 532 1144 mihi
550 1105 722 1156 videtur,
745 1107 794 1145 ob
818 1109 1055 1157 scriptorum

105 1165 326 1216 Anglorum
349 1168 554 1206 silentium
571 1167 619 1206 de
633 1169 862 1207 Bertiniano
879 1168 1056 1207 Folcardi

104 1228 166 1266 sui
189 1228 438 1267 Monachatu.

154 1289 448 1338 FOLCUINUS,
471 1291 704 1340 Fulcuinus,
725 1293 758 1330 F
761 1291 955 1343 olquinus,
976 1291 1059 1331 Vob-

100 1350 272 1402 quinus,
301 1351 551 1404 Fulquinus,
582 1365 632 1391 ex
656 1354 845 1392 Monacho
868 1354 1059 1392 Bertinia-

101 1424 151 1451 no
178 1412 312 1452 Abbas
340 1414 378 1451 in
408 1415 540 1465 Belgio
570 1415 830 1464 Laubiensis‚
860 1417 946 1454 sive
989 1416 1060 1453 Lo-

101 1475 251 1514 biensis
291 1476 340 1514 ab
380 1475 497 1515 Anno
540 1477 631 1515 965.
673 1477 722 1516 ad
764 1479 853 1516 990.
900 1478 1062 1527 scripsit

103 1535 325 1576 Chrom’con
343 1536 390 1575 de
409 1535 533 1576 rebus
546 1537 669 1589 qestis
688 1537 888 1576 Abbatum
907 1539 941 1584 a)
960 1539 1063 1576 Lau-

102 1595 247 1638 biensis
277 1597 483 1647 Coenobii,
513 1611 536 1638 a
565 1601 604 1638 S.
648 1600 863 1638 Landelino
908 1600 1061 1638 fundati

100 1660 149 1698 ab
177 1659 292 1699 Anno
317 1660 405 1699 697.
430 1672 559 1711 usque
580 1661 629 1700 ad
655 1672 726 1700 sua
751 1665 943 1713 tempora.
969 1662 1063 1701 Vul-

99 1725 235 1772 gatum
264 1733 285 1760 a
313 1722 506 1761 Dacherio
535 1727 629 1762 tom.
662 1724 712 1762 VI
743 1725 933 1774 spicilegii
970 1735 1058 1774 pag.

102 1783 193 1822 544.
223 1783 432 1832 (editionis
474 1796 602 1823 novae
644 1789 739 1823 tom.
771 1787 795 1824 2
824 1796 910 1835 pag.
941 1785 1058 1832 730.)

100 1845 141 1883 in
170 1856 216 1883 eo
245 1845 294 1883 de
317 1856 360 1883 se
384 1846 597 1885 Folcuinus
617 1846 747 1896 capite
772 1847 834 1885 28.
861 1857 944 1896 seq.
972 1857 1060 1897 pag.

102 1905 190 1945 740.
220 1907 381 1945 Praeter
408 1917 481 1956 ea,
511 1919 613 1957 quae
644 1908 682 1944 in
711 1906 851 1945 eodem
895 1908 1062 1945 Chroni-

101 1978 148 2005 co
176 1978 261 2018 cap.
291 1969 354 2006 30.
385 1979 496 2018 seqq.
527 1968 576 2006 de
606 1969 808 2007 miraculis
838 1968 875 2006 S.
903 1969 1064 2006 Ursma-

101 2029 144 2067 ri
167 2030 204 2078 b)
235 2033 474 2078 narrantur,
518 2029 737 2068 Historiam
773 2028 1063 2069 miraculorum

97 2091 186 2143 ejus
214 2092 404 2142 singulari
428 2092 528 2130 libro
549 2092 764 2142 descripsit
786 2123 794 2142 7
821 2103 942 2142 quem
968 2103 1061 2130 cum

98 2155 203 2192 notis
241 2153 401 2192 exhibet
438 2153 718 2192 Henschenius
748 2155 785 2191 in
817 2154 928 2192 Actis
961 2154 1062 2191 San-

97 2219 254 2254 ctorum
272 2218 302 2252 t.
316 2215 339 2254 2
359 2214 481 2265 April.
507 2213 650 2253 XVIII.
667 2226 705 2264 p.
722 2213 914 2253 563-573.
937 2214 1065 2253 Vitam

98 2289 192 2316 vero
233 2275 437 2325 chuini,
478 2277 747 2315 Tarvanensis
795 2277 980 2326 Episcopi
1024 2277 1062 2313 in

98 2338 280 2377 Flandria
308 2337 353 2377 A.
379 2338 468 2377 854.
490 2337 678 2385 defuncti,
703 2337 950 2376 Mabillonius
971 2338 1060 2376 Sec.

100 2401 162 2440 IV.
188 2399 388 2438 Benedict.
419 2411 505 2450 pag.
531 2400 623 2438 622.
642 2401 756 2438 Hisce
782 2397 984 2436 homiliam
1016 2394 1062 2437 sle

95 2453 270 2500 ‘zizaniis
297 2460 346 2500 ad
369 2461 504 2500 Matth.
535 2462 634 2509 XII,
660 2462 737 2507 25,
768 2471 852 2509 seq.
877 2461 954 2498 MS.
995 2461 1064 2498 Lo-

101 2524 210 2563 vanii
238 2523 286 2562 ad
317 2523 355 2562 S.
385 2524 600 2562 Martinum
620 2524 714 2561 licet
732 2521 878 2560 addere
903 2533 953 2559 ex
983 2522 1063 2560 Ou—

105 2585 197 2623 dino
231 2589 326 2623 tom.
357 2585 393 2624 2.
418 2596 506 2635 pag.
530 2583 621 2624 475.

159 2644 361 2684 Gilbertus
384 2646 566 2685 FOLIOT
590 2657 639 2684 ex
665 2645 819 2684 Abbate
849 2645 1064 2683 Canonico-

105 2719 195 2747 rum
223 2707 478 2758 Regularium
504 2708 808 2755 Leicestriensi,
837 2707 1060 2756 Episcopus

104 2769 180 2808 An.
216 2769 332 2808 4447.
354 2769 668 2808 Herefordiensis
692 2772 732 2806 et
755 2768 803 2806 ab
827 2767 900 2805 An.
929 2768 1030 2806 1163
1051 2798 1058 2816 ‚

105 2829 155 2869 ad
181 2829 296 2870 1187.
322 2829 611 2869 Londinensis:
639 2830 796 2880 scripsit
836 2828 1062 2879 Eccpositz'o-

105 2902 195 2930 ‘nem
219 2891 260 2929 in
284 2891 453 2931 Cantica
475 2891 746 2938 Canticwum,
771 2891 819 2928 ad
843 2891 1060 2929 Robertum

104 2952 375 3002 Melidunum,
398 2965 516 2993 suum
542 2957 580 2992 in
611 2955 852 3004 Episcopatu
883 2952 1061 2990 llerefor-

105 3014 220 3053 densi
244 3025 531 3054 successorem.
549 3016 683 3055 Edidit
700 3014 893 3053 Patricius
916 3015 1060 3052 Junius

106 3075 273 3114 Londini
298 3077 413 3125 4638,
438 3077 472 3114 4.
497 3088 589 3116 cum
614 3074 832 3115 ALCUlNO
856 3076 894 3112 in
919 3075 1058 3113 eadem

161 3176 196 3216 a)
223 3178 350 3209 Laudat
373 3178 562 3217 Sigebertus
587 3187 660 3218 cap.
685 3177 753 3209 156.
778 3177 818 3208 de
840 3180 870 3207 S.
893 3179 931 3208 E.

161 3227 198 3267 b)
221 3229 268 3258 De
293 3229 324 3258 S.
348 3229 522 3265 ursmaro,
544 3230 709 3267 Episcopo
726 3232 758 3258 et
779 3228 931 3258 Lobiensi
955 3226 1064 3258 Abba-

101 3280 160 3314 te‚
182 3278 240 3316 qui
264 3279 301 3308 Α.
326 3275 400 3309 715.
424 3277 532 3314 obiit,
557 3278 644 3308 vitae
667 3279 846 3316 scriptores
870 3278 980 3313 ANSO,
998 3279 1049 3306 ΠΕ

99 3326 267 3356 mannus
284 3348 294 3362 ‚
317 3327 539 3355 RATIIERIUS
564 3327 773 3357 Veronensis.

2003 249 2077 288 581

1126 312 1300 352 Cantica.
1321 314 1526 353 Praeterea
1553 316 1697 355 Baleus
1721 317 1799 365 111,
1824 316 1848 354 7
1868 327 1960 356 cum
2000 321 2081 356 tra-

1126 373 1183 411 dit
1208 376 1417 426 scripsisse
1435 387 1514 426 pro
1534 382 1660 416 eausa
1684 377 1851 417 Henrici
1869 378 1915 416 II
1929 410 1939 426 ,
1965 379 2081 430 Regis

1127 435 1320 486 Angliae,
1360 437 1408 475 ad
1433 437 1703 477 Alexandrum
1729 440 1792 478 111.
1827 439 2081 478 Pontificem.

1127 501 1246 546 atque
1271 497 1503 537 invectivam
1527 499 1568 537 in
1594 500 1624 538 T
1622 499 1788 548 homam,
1815 500 2082 540 Cantuarien-

1127 567 1209 595 sem
1242 558 1607 610 Archiepiseopum‚
1646 561 1762 612 cujus
1800 563 1919 600 etiam
1951 562 2084 600 caedis

1129 619 1203 657 An.
1230 619 1330 658 1170
1355 626 1492 659 auctor
1519 622 1641 661 fuisse
1666 625 1699 669 a)
1725 634 1956 672 quanquam
1984 623 2086 661 Tho-

1130 688 1235 716 mam
1261 678 1367 717 hunc
1391 679 1631 730 discipulum
1657 683 1808 731 primo,
1843 681 1985 720 deinde
2016 683 2086 720 Pa-

1130 743 1290 778 tronum
1328 740 1544 789 habuerat,
1571 746 1672 780 teste
1698 743 1867 781 Lelando
1891 754 1975 794 cap.
2009 745 2084 782 485

1131 797 1198 835 ubi
1218 798 1352 835 Folioti
1369 810 1468 849 opus
1493 799 1539 837 de
1558 801 1831 840 sacramentis
1849 802 1995 840 Veteris
2019 803 2086 840 Te-

1129 858 1314 898 stamenti
1332 860 1468 898 laudat
1488 859 1608 910 plane
1631 860 1888 913 undecunque
1913 862 2085 901 luculen-

1132 919 1341 958 tissimum.
1372 919 1480 959 Vitas
1501 921 1650 971 aliquot
1665 922 1903 960 Sanctorum
1920 923 2085 974 Anyliae

1131 981 1274 1019 litteris
1297 982 1344 1020 ab
1368 993 1413 1020 eo
1437 982 1738 1021 commendatas
1773 987 1883 1020 notat
1921 985 2086 1023 Vossius

1131 1052 1217 1091 pag.
1245 1042 1320 1081 425
1341 1054 1389 1080 ex
1415 1044 1643 1081 Possevino.
1659 1043 1792 1082 Etiam
1813 1043 2086 1095 Epistolarum

1130 1102 1218 1154 ejus
1249 1102 1396 1142 librum
1424 1106 1581 1143 Pitseus
1611 1109 1700 1155 post
1738 1105 1900 1144 Baleum
1939 1117 2087 1144 memo-

1130 1169 1191 1203 rat
1219 1165 1289 1204 sed
1319 1166 1423 1204 idem
1449 1166 1598 1205 fallitur
1620 1177 1712 1204 cum
1737 1178 1823 1217 pag.
1849 1167 1924 1206 452
1949 1168 2086 1206 scribit

1130 1225 1178 1264 ad
1206 1227 1398 1265 Foliotum
1444 1227 1550 1265 hunc
1592 1231 1751 1266 exstare
1793 1228 2013 1278 Epistolam
2046 1230 2084 1268 S.

1131 1287 1418 1327 BERNHARDI
1449 1289 1592 1328 XXIV.
1627 1290 1724 1329 Nam
1751 1290 1814 1328 illa
1839 1289 1930 1328 data
1952 1295 2015 1328 est
2037 1291 2087 1329 ad

1132 1348 1419 1388 GILBERTUM
1445 1349 1634 1399 quidem,
1660 1350 1730 1390 sed
1755 1362 1777 1389 a
1797 1355 1932 1388 nostro
1956 1351 2088 1390 diver-

1135 1422 1226 1450 sum
1241 1442 1252 1460 ‚
1281 1412 1391 1450 illum
1423 1422 1566 1462 nempe
1582 1442 1594 1460 ,
1619 1413 1686 1462 qui
1709 1424 1759 1450 ex
1782 1413 1984 1452 Canonico
2008 1413 2088 1452 Au-

1135 1473 1385 1511 tisiodorensi
1409 1474 1537 1512 factus
1557 1478 1619 1512 est
1641 1473 1903 1512 Londinensis
1925 1464 2088 1525 Episco-

1135 1545 1211 1585 pus
1235 1535 1283 1573 ab
1303 1534 1378 1573 An.
1405 1536 1521 1582 4428⁷
1546 1535 1594 1573 ad
1617 1536 1732 1574 1135.
1756 1535 1904 1574 Veteris
1927 1539 1966 1573 et
1985 1536 2089 1574 Novi

1141 1596 1373 1634 Testamenti
1409 1595 1609 1647 ylossator
1654 1597 1851 1643 eximius.
1893 1602 2012 1647 atque
2048 1597 2088 1634 in

1136 1658 1288 1696 cunctis
1312 1657 1431 1709 hujus
1451 1657 1592 1698 Mundi
1613 1658 1835 1707 sapientum
1859 1657 1999 1697 litteris
2021 1659 2089 1697 ad-

1137 1724 1278 1758 suetus
1302 1719 1464 1769 ludere,
1491 1731 1619 1770 eoque
1660 1722 1819 1758 nomine
1845 1719 2089 1759 Universalis

1136 1782 1240 1832 apud
1266 1783 1303 1821 S.
1325 1782 1572 1821 Bernardum
1613 1783 1848 1834 appellatus.
1892 1783 1989 1821 Vide
2011 1785 2089 1821 Ma—

1136 1844 1283 1882 billonii
1307 1844 1356 1882 ad
1385 1855 1477 1882 eum
1505 1849 1644 1892 notas⁷
1670 1849 1750 1882 tom
1773 1847 1787 1883 4
1813 1856 1929 1895 ,pag
1955 1845 2016 1883 44.

1188 1904 1384 1944 Robertus
1408 1907 1655 1945 FOLIOTUS
1678 1906 1726 1944 de
1750 1906 1988 1954 MelundinQ
2009 1905 2090 1943 Gil-

1135 1967 1235 2005 berti
1256 1968 1392 2005 Folioti
1431 1968 1680 2017 propinquus
1703 1971 1743 2005 et
1771 1969 1808 2004 in
1848 1969 2089 2018 Episcopatu

1138 2028 1427 2067 Herefordiensi
1450 2030 1524 2067 An.
1548 2030 1649 2068 1163
1666 2029 1702 2077 1))
1721 2040 1929 2068 successor
1944 2060 1955 2077 ,
1972 2028 2087 2078 cujus

1141 2089 1289 2128 librum
1310 2094 1593 2141 excerptorum
1617 2090 1663 2128 cle
1691 2090 1897 2130 Chronicis
1913 2090 2089 2129 Mariam

1137 2151 1262 2199 Scoti,
1281 2157 1320 2190 et
1343 2151 1557 2191 Conciones
1576 2151 1622 2190 (le
1640 2151 1911 2191 Sam-amentis
1930 2153 2092 2190 Vossius

1137 2224 1224 2264 pag.
1252 2214 1339 2253 423.
1365 2214 1519 2261 laudat,
1543 2215 1698 2253 Pitseus
1719 2226 1804 2264 pag.
1831 2215 1920 2252 236.
1945 2225 1995 2251 ex
2018 2215 2091 2252 Ba-

1140 2276 1189 2314 lei
1214 2277 1279 2314 III.
1307 2277 1342 2313 8.
1360 2277 1480 2314 etiam
1503 2274 1649 2314 librum
1671 2275 1717 2314 de
1732 2274 2003 2315 sacramentis
2025 2286 2095 2312 an-

1138 2336 1272 2388 tiquae
1297 2340 1336 2375 et
1357 2348 1481 2376 novae
1505 2337 1645 2388 Leyis,
1671 2350 1791 2388 quem
1824 2338 1999 2376 Gilberto
2023 2339 2049 2375 F
2055 2348 2094 2374 0-

1141 2399 1235 2436 lioto
1253 2400 1447 2438 tributum
1465 2411 1486 2438 a
1504 2400 1676 2438 Lelando
1696 2411 1780 2450 cap.
1798 2401 1885 2438 485.
1903 2400 1985 2448 jam
2001 2398 2093 2436 dixi.

1193 2460 1456 2500 FOLMARUS
1494 2462 1747 2511 praepositus
1786 2460 1969 2500 Coenobii
1999 2459 2094 2496 Tru-

1134 2519 1411 2571 fensteinensis
1426 2552 1437 2568 ,
1472 2523 1557 2559 sive
1583 2522 1613 2558 T
1610 2520 1944 2572 riesensteinensis
1963 2521 1995 2567 c)
2016 2521 2075 2568 (pe

1136 2587 1219 2620 trae
1258 2583 1459 2630 stillantis)
1495 2584 1531 2619 in
1580 2584 1797 2620 Franconia
1840 2583 1878 2618 in
1921 2580 2088 2618 dioecesi

1137 2644 1520 2694 wirtzeburgensi,
1548 2645 1633 2682 sive
1670 2643 1959 2693 Herbipolitana
1988 2643 2091 2680 circa

1134 2706 1297 2743 Annum
1346 2706 1461 2744 1160.
1501 2707 1660 2756 scripsit
1693 2705 1747 2743 ad
1781 2703 2088 2749 Eberhardum,

1134 2766 1482 2819 Archiepiscopum
1518 2767 1567 2805 ab
1604 2767 1718 2805 Anno
1760 2766 1872 2805 4447.
1899 2765 1946 2804 ad
1974 2766 2087 2804 4464.

1135 2827 1509 2878 Salisburyensem,
1544 2827 1763 2879 Epistolam
1802 2828 1837 2864 in
1874 2837 1951 2876 qua
1998 2827 2089 2864 facit

1135 2901 1224 2928 cum
1253 2892 1516 2940 Bercngario:
1543 2896 1582 2928 et
1605 2891 1718 2929 aliam
1744 2889 1798 2928 ad
1821 2887 2025 2927 Praelatos
2048 2888 2088 2925 in

1188 3031 1220 3068 a)
1244 3031 1323 3062 Vide
1349 3030 1519 3062 oudinum
1541 3035 1622 3062 tom.
1645 3031 1665 3060 2
1690 3037 1764 3069 pag.
1790 3028 1882 3059 1482.
1905 3037 1975 3067 seq.

1189 3080 1225 3120 b)
1250 3080 1450 3111 Warthonus
1477 3085 1558 3111 tom.
1585 3079 1597 3109 1
1625 3080 1762 3118 Angliae
1785 3086 1897 3109 sacrae
1921 3086 1995 3117 pag.
2017 3077 2091 3109 501.

1187 3128 1220 3167 0)
1248 3129 1420 3160 Gerliohus
1459 3132 1576 3160 contra
1612 3129 1801 3159 Folmarum
1825 3135 1897 3167 cap.
1923 3126 1971 3158 15.
1995 3128 2092 3158 inse-

1131 3178 1283 3208 camdus
1319 3182 1372 3208 est
1406 3178 1604 3208 haereti'cus
1638 3183 1670 3207 ec
1710 3177 1813 3216 quasi
1837 3177 1955 3216 vulpes
1992 3178 2090 3208 demo

1129 3228 1220 3258 lien-5
1245 3228 1385 3258 vineam
1402 3250 1411 3263 ‚
1448 3227 1608 3257 videlicet
1635 3227 1833 3257 Ecclesiam
1862 3226 2093 3263 Wirtzelbur-

1127 3285 1267 3317 yensem
1283 3301 1294 3316 ,
1324 3277 1361 3306 in
1385 3285 1453 3315 qua
1481 3276 1605 3306 latitat
1633 3280 1776 3307 nectens
1800 3275 1928 3315 truffas
1955 3276 1992 3306 in
2011 3276 2087 3307 loco

1132 3327 1191 3364 qui
1213 3326 1346 3356 dicitur
1372 3325 1596 3364 Trusenstein
1619 3329 1683 3356 etc.
