2500 3841
867 219 1292 261 BALDUINUS

86 309 131 337 eo
150 295 402 345 Fulcherius,
423 295 490 346 qui
509 294 687 335 Balduini
710 293 895 332 Hierosol.
920 292 1036 343 Regis

84 371 107 399 a
129 360 250 398 sacris
271 359 358 407 fuit⁷
376 362 419 397 ut
433 357 688 396 observatum
711 356 851 394 Jacobo
867 357 1037 406 Bongar-

85 423 141 461 sio
164 421 285 460 Praei.
310 420 358 459 ad
381 423 493 471 gesta
513 419 598 458 DEI
622 430 692 469 per
715 419 897 456 Francos.

86 524 89 527 ,
134 482 416 523 BALDUINUS
443 480 657 530 Devonius,
688 492 832 532 supra,
863 480 1037 520 Ccmcua-

83 555 239 584 rzenszs.

134 608 182 647 M.
206 606 489 647 BALDUINUS
504 605 552 644 de
572 605 785 645 Marrochio
802 605 1038 654 ,Mathema-

85 669 188 709 ticus
203 700 214 718 ,
238 667 354 719 cujus
395 669 608 707 Tractatus
627 667 682 706 ad
715 667 915 707 sciendum
937 666 1038 705 diem

83 729 229 770 mensis
252 734 291 770 et
315 729 419 783 festa
456 734 706 780 sanctorum,
731 733 770 768 et
792 728 1038 780 Alyorismus

83 794 186 832 inter
207 793 313 832 MSS.
351 792 515 833 Codices
539 793 662 843 Belgii
698 796 968 831 memorantur
990 791 1038 830 ab

85 855 254 894 Antonio
274 855 448 894 Sandero
467 866 552 906 pag.
574 855 650 894 203
670 854 931 893 Bibliothecae
955 853 1041 892 Bel-

82 917 190 969 gicae
211 918 290 957 MS.

134 978 416 1019 BALDUINUS
439 979 660 1020 Canonicus
680 979 718 1017 S.
741 977 908 1017 Cornelii
935 978 1043 1016 Nini-

83 1043 236 1091 vensis,
251 1043 336 1081 sive
350 1043 587 1082 Ninovensis
603 1042 642 1079 in
663 1040 844 1079 Flandria
860 1069 868 1088 ‚
883 1038 1040 1077 Ordinis

82 1105 484 1144 Praemonstratensis
507 1135 515 1153 ‚
553 1104 712 1154 scripsit
757 1100 975 1142 Chronz‘con
1012 1113 1038 1139 a

84 1166 305 1207 CHRISTO
320 1169 411 1204 nato
427 1177 555 1216 usque
577 1165 625 1204 ad
643 1164 803 1203 Annum
826 1163 940 1202 4294.
958 1174 1036 1213 quo

83 1230 213 1280 ipsum
236 1233 437 1268 auctorem
461 1228 603 1266 obiisse
619 1229 790 1265 testatur
808 1226 980 1263 Joannes
1001 1225 1035 1264 le

81 1292 196 1342 Paige
216 1292 254 1329 in
277 1291 516 1330 Bibliotheca
542 1289 923 1328 Praemonstratensi
947 1298 1032 1338 pag.

81 1355 168 1394 306.
201 1354 353 1394 MStum
391 1353 540 1391 servari
562 1352 602 1389 in
634 1350 798 1389 Abbatia
821 1351 1035 1389 Ninovensi

81 1419 191 1455 notat
213 1415 414 1455 Sanderus
436 1425 522 1465 pag.
539 1415 601 1453 22.
619 1413 689 1452 sed
706 1414 743 1450 in
765 1413 894 1451 lucem
918 1424 1033 1451 nemo

81 1478 290 1525 hactenus⁷
305 1476 409 1526 quod
425 1477 690 1524 meminerim,
705 1475 892 1526 protulit,
909 1486 1035 1525 quan-

80 1550 200 1590 quam
235 1540 422 1577 Miraeum
446 1539 485 1575 in
509 1537 700 1577 Chronico
730 1548 800 1576 suo
824 1538 1036 1576 Praemon-

77 1601 264 1640 stratensi
279 1611 358 1638 non
375 1610 516 1651 parum
531 1599 585 1638 illi
604 1599 747 1638 debere
770 1600 923 1638 monuit
938 1600 1034 1638 Vos-

79 1664 163 1702 sius
177 1674 262 1715 pag.
274 1663 348 1702 493
357 1661 406 1701 de
414 1663 556 1701 Histor.
574 1663 656 1700 Lat.
672 1663 784 1701 Hunc
794 1662 1031 1702 Balduinum

78 1737 156 1766 000
174 1725 378 1764 diversum
401 1735 490 1763 esse
513 1735 536 1762 a
557 1723 746 1762 Balduino
770 1724 818 1762 de
841 1724 1030 1773 Avesnis‚

79 1789 164 1828 sive
199 1787 405 1833 Avennis‚
432 1785 481 1825 de
517 1797 596 1836 quo
633 1797 752 1836 supra
770 1816 778 1836 ‚
808 1788 1034 1838 suspicatur

80 1849 249 1890 Sandius
272 1848 321 1888 ad
342 1848 527 1888 Vossium
550 1858 635 1899 psg.
659 1849 747 1888 484.

132 1910 154 1934 ³¹⁶
167 1912 411 1962 Scriptarum
427 1910 476 1949 ab
493 1910 556 1948 illo
573 1909 898 1962 Genealogiarum
924 1912 1032 1950 addi-

83 1977 259 2013 tamenta
274 1973 310 2011 in
326 1972 470 2023 quibus
493 1972 542 2011 de
564 1974 794 2024 posteritate
810 1974 975 2026 Philippi
1001 1976 1028 2013 I.

84 2036 308 2075 Galliarum.
343 2035 482 2085 Regis,
506 2035 686 2084 vulgavit
718 2036 934 2074 Leibnitius
956 2036 1032 2075 Ac-

79 2099 245 2138 cession.
269 2098 410 2136 Histor.
440 2098 486 2135 ΙΙ.
517 2096 604 2136 579.

125 2160 407 2200 RALDUINUS
441 2159 776 2199 Paderbornensis
804 2161 1028 2211 Parochus,

74 2224 240 2275 scriptor
257 2223 443 2262 historiae
461 2223 700 2262 universalis
730 2233 858 2273 usque
882 2223 931 2262 ad
956 2235 1028 2263 sua

74 2291 273 2338 tempora⁷
297 2286 370 2325 hoc
393 2289 455 2324 est
492 2296 619 2336 usque
643 2284 691 2324 ad
711 2285 756 2324 A.
781 2286 895 2326 4418.
930 2286 1026 2326 Vide

73 2347 354 2388 GOBELINUS
375 2347 615 2388 PERSONA.

126 2410 388 2464 Hieronymus
406 2410 727 2450 BALDUNGIUS
744 2441 751 2459 ‚
772 2411 946 2451 Medicus
967 2413 1029 2450 Ti-

76 2475 259 2524 gurinus‚
275 2475 342 2524 qui
365 2475 593 2512 Tractatum
613 2473 661 2512 de
685 2472 857 2524 Podagra
873 2474 1030 2524 scripsit

77 2534 126 2574 ad
146 2535 443 2586 sigismundum
463 2534 647 2574 Austriae
662 2537 811 2574 Ducem
830 2565 837 2584 ‚
853 2541 893 2574 et
913 2535 1032 2586 apho-

78 2597 220 2635 rismos
235 2597 1030 2648 compunctionis,Theologiciargumenti‚

79 2658 240 2710 Argent.
266 2657 368 2697 4497
393 2659 426 2696 4.

133 2721 276 2759 Petrus
291 2719 486 2759 BALDUS
504 2717 923 2770 Ubalclusfflerusinus,
939 2723 1031 2760 Bar-

80 2782 176 2821 tholi
199 2781 441 2833 discipulus,
462 2783 564 2820 inter
587 2783 706 2820 JCtos
729 2783 913 2827 celebris,
937 2783 1030 2821 obiit

80 2845 202 2884 Ticini
221 2875 229 2893 ,
245 2845 425 2884 Lucerna
447 2844 558 2883 Juris
581 2846 756 2884 extincta
773 2845 816 2883 Α.
844 2846 943 2884 4400
967 2857 1031 2884 ae-

81 2908 174 2946 tatis
195 2907 247 2946 77
269 2907 317 2946 dc
349 2905 464 2957 cujus
487 2908 788 2947 Commentariis
814 2908 848 2944 in
874 2908 945 2946 Jus
969 2909 1031 2947 Ci-

81 2970 160 3009 vile
181 3001 189 3021 ,
225 2970 485 3011 Consiliorum
526 2970 797 3009 voluminibus
819 2998 826 3014 ‚
864 2969 1028 3019 aliisque

82 3033 238 3083 scriptis
246 3033 361 3072 editis
369 3037 408 3071 et
424 3032 579 3071 ineditis
588 3031 1029 3070 LudovicusJacobillus

83 3097 122 3134 in
139 3095 375 3135 Bibliotheca
390 3096 583 3135 Umbriae.
600 3093 859 3145 Alleyationes
868 3104 941 3145 pro
961 3094 977 3130 Ι
984 3094 1031 3130 'r-

86 3157 184 3196 bano
207 3161 319 3198 sexto
342 3159 515 3209 legitimo
531 3159 632 3208 Papa
651 3155 878 3205 Raynaldus
902 3154 1031 3204 subje-

85 3222 138 3261 cit
156 3225 260 3260 tomo
282 3222 389 3261 XVII
413 3221 553 3260 Annal.
582 3222 638 3259 De.
657 3219 775 3258 Baldo
798 3218 888 3256 vide
913 3219 1031 3256 etiarn

84 3283 185 3321 Jovii
215 3284 373 3336 Elogia,
397 3283 654 3322 Pancirolluin
679 3283 711 3320 ll
749 3280 796 3319 70
834 3280 882 3317 de
918 3280 1032 3317 claris

87 3345 436 3394 JCtis‚Boissa1-di
475 3348 611 3384 leones
648 3349 742 3384 tom.
769 3344 800 3394 1,
821 3354 904 3393 pag.
944 3341 1030 3378 100.

1996 213 2072 253 155

1111 291 1229 330 Baelii
1241 290 1423 337 Lexicon‚
1434 286 1644 337 Augustini
1654 284 1807 324 Oldoini
1818 283 2068 322 Athenaeum

1109 354 1333 403 Augustum
1356 352 1404 391 dc
1428 351 1554 389 doctis
1578 348 1778 387 Perusinis
1797 358 1882 398 pag.
1909 345 1958 383 36
1983 355 2067 393 seq.

1109 417 1176 466 qui
1209 417 1331 454 etiam
1368 426 1454 465 pag.
1483 413 1529 451 40
1555 423 1637 461 seq.
1662 409 1710 448 dc
1734 409 1856 448 altero
1875 405 1998 446 Baldo
2022 405 2069 443 de

1108 476 1377 525 Bartholtm‘s,
1402 476 1468 526 qui
1499 473 1693 513 BALDUS
1729 468 1911 509 Novanus
1937 467 2069 519 appel—

1109 540 1212 579 latus
1225 540 1498 596 ‚·scriptorque
1537 539 1731 574 tractatus
1754 532 1800 570 cle
1822 529 1976 570 dotibus
1994 559 2002 577 ,
2023 535 2064 568 et

1109 604 1274 642 aliorum
1284 602 1385 641 Iuris
1400 599 1538 639 Civilis
1556 596 1928 637 commentariorum
1947 622 1954 642 ,
1972 592 2066 631 obiit

1110 666 1208 705 Pisis
1232 665 1276 703 Α.
1300 663 1414 704 4490.

1164 728 1184 750 ³¹³
1212 725 1286 765 An.
1315 724 1461 764 Baldus
1490 723 1721 771 designatus
1762 721 1813 758 sit
1853 717 2064 770 aliquando

1113 790 1270 827 nomine
1295 787 1398 826 Petri
1426 785 1474 824 de
1506 783 1683 830 L'baldis,
1705 783 1864 832 penitus
1887 782 2066 831 ignorare

1114 862 1179 889 me
1210 851 1358 897 fate0r3
1382 847 1478 886 mihi
1500 850 1634 885 tamen
1664 848 1771 882 certo
1800 844 1946 881 certius
1974 853 2066 880 con—

1115 917 1194 951 stat
1224 912 1346 950 fuisse
1369 911 1538 949 alterum
1559 909 1720 946 Petrum
1744 905 1792 944 de
1814 903 1972 943 L'baldis
1995 905 2065 941 Pe—

1114 975 1294 1014 rusinum
1318 985 1341 1012 a
1362 971 1480 1012 Baldo
1504 970 1647 1009 celebri
1674 969 1769 1007 JCto
1799 967 1913 1018 plane
1936 965 2066 1003 diver-

1113 1049 1218 1086 sum,
1239 1048 1289 1074 ex
1318 1047 1395 1086 quo
1419 1034 1550 1073 editus
1573 1036 1636 1071 est
1663 1031 1869 1069 Tractatus
1897 1027 1942 1066 (le
1971 1026 2064 1065 cluo-

1113 1098 1185 1138 bus
1212 1096 1439 1151 fratribus,
1460 1107 1577 1146 quem
1608 1098 1648 1132 et
1676 1092 1902 1132 Pancirolus
1931 1089 2065 1129 laudat

1110 1166 1150 1200 et
1179 1161 1273 1199 mihi
1309 1161 1455 1211 pariter
1488 1157 1663 1208 suppetit
1691 1159 1731 1193 in
1759 1155 1836 1193 MS.
1868 1153 1961 1192 Cod.
1991 1153 2063 1189 Fe-

1110 1224 1253 1262 liniano
1284 1223 1323 1260 in
1351 1221 1530 1260 Biblioth.
1562 1219 1789 1259 Canonicor.
1812 1216 1966 1255 Maioris
1988 1215 2064 1253 Ec-

1108 1285 1250 1324 clesiae
1293 1284 1511 1330 Lucensis,
1541 1286 1581 1321 et
1609 1281 1716 1332 typis
1749 1279 1940 1330 prodiisse
1983 1287 2063 1314 non

1107 1347 1254 1386 dubito.
1284 1347 1461 1385 Profecto
1500 1347 1537 1382 in
1574 1344 1650 1382 fine
1677 1342 1855 1381 eiusdem
1884 1339 2063 1390 opusculi

1107 1409 1204 1448 haec
1240 1409 1438 1458 leguntur.
1477 1405 1720 1456 compositus
1751 1402 1829 1455 fuit
1864 1402 1934 1440 iste
1978 1404 2062 1438 tra-

1107 1474 1235 1510 ctatus
1267 1470 1313 1509 (Ie
1341 1468 1492 1508 duobus
1514 1466 1715 1520 fratribus
1736 1469 1773 1504 et
1788 1463 1879 1503 aliis
1899 1461 2061 1514 quibus-

1107 1545 1182 1585 que
1197 1532 1385 1572 consociis
1404 1543 1480 1583 per
1498 1542 1557 1569 me
1581 1531 1740 1568 Petrum
1760 1526 1869 1566 Petri
1883 1528 2055 1576 nepotem

1106 1596 1152 1635 (Ie
1185 1594 1344 1634 Ubalclz‘s
1374 1593 1420 1632 (Ie
1451 1591 1616 1631 Perusio
1649 1589 1860 1640 utriusque
1887 1589 1922 1626 J.
1951 1588 2057 1625 Doct.

1107 1658 1195 1698 licet
1231 1657 1438 1697 minimum
1481 1653 1594 1694 Petri
1603 1686 1613 1702 ,
1638 1651 1752 1705 juris
1793 1654 1871 1689 utr.
1915 1649 2057 1697 huius,

1106 1722 1161 1760 sic
1189 1722 1300 1772 lego.
1329 1722 1515 1770 nepotem.
1544 1719 1659 1756 Porro
1689 1716 1763 1753 iste
1790 1715 1931 1752 Petrus
1960 1713 2059 1749 inte-

1107 1795 1222 1834 grum
1251 1783 1366 1821 affert
1404 1779 1621 1821 Consilium
1662 1775 1852 1816 Ludovt‘ct'
1890 1773 2061 1812 Pontanl

1105 1845 1152 1884 cle
1179 1843 1292 1893 Urbe,
1318 1845 1384 1895 qui
1409 1854 1503 1881 sane
1527 1840 1756 1891 aliquandiu
1778 1842 1868 1889 post
1889 1836 2055 1875 Baldum

1104 1908 1218 1955 vixit⁷
1234 1911 1274 1945 et
1298 1906 1440 1944 ssoruit.
1470 1902 1696 1942 Pancirolus
1716 1902 1740 1939 l.
1766 1901 1801 1940 2.
1822 1911 1855 1938 e.
1877 1899 1940 1937 72.
1964 1910 2057 1937 cen-

1106 1975 1167 2010 set
1183 1971 1346 2008 Petrum
1370 1968 1476 2007 hunc
1496 1966 1598 2005 Petri
1620 1968 1804 2015 nepotem
1820 1966 1972 2013 patrem
1988 1960 2057 1998 ha-

1103 2033 1238 2071 buisse
1266 2030 1528 2076 Matthaeum7
1550 2028 1616 2078 qui
1640 2030 1759 2064 natus
1782 2028 1844 2062 est
1868 2034 1917 2061 ex
1940 2023 2053 2060 Petro

1102 2094 1211 2134 Baldi
1252 2094 1383 2132 fratre.
1422 2093 1581 2130 Petrum
1625 2092 1759 2127 autem
1795 2086 1907 2124 illum
1936 2084 2056 2122 tradit

1103 2158 1293 2197 claruisse
1312 2155 1493 2206 pluribus
1512 2152 1629 2191 editis
1650 2152 1686 2188 in
1708 2151 1836 2188 lucem
1857 2148 2055 2199 publicam

1103 2219 1317 2271 opusculis⁷
1327 2227 1470 2267 nempe
1480 2214 1526 2253 cle
1544 2211 1834 2266 permutatione
1850 2208 2058 2260 Beneficio-

1101 2294 1219 2330 rum,
1249 2280 1295 2320 de
1326 2278 1551 2326 Canonica,
1582 2272 1814 2327 Episcopalt'
1855 2276 1893 2312 et
1933 2273 2058 2310 Paro-

1102 2343 1224 2384 chialt'
1249 2346 1287 2382 et
1314 2342 1360 2381 sle
1389 2340 1569 2380 collectis.

1154 2408 1210 2446 De
1233 2416 1335 2445 anno
1358 2403 1567 2443 emortuali
1590 2400 1697 2440 Baldi
1731 2400 1862 2439 variae
1895 2398 2055 2448 quidem

1104 2473 1199 2509 sunt
1222 2468 1446 2506 sententiae
1470 2465 1707 2515 scriptorum
1731 2462 1779 2500 de
1802 2461 1946 2511 quibus
1965 2470 2057 2497 con-

1104 2529 1296 2570 sulendus
1312 2533 1374 2566 est
1388 2527 1520 2565 Belius
1537 2527 1575 2563 in
1591 2525 1726 2563 lexico.
1744 2523 1825 2562 Cur
1838 2526 1971 2560 tamen
1986 2531 2056 2569 ego

1104 2604 1126 2631 a
1142 2590 1351 2630 sententiis
1367 2587 1548 2627 eiusdem
1564 2586 1672 2633 Belii,
1698 2586 1872 2633 itemque
1891 2582 2054 2620 Fabricii

1104 2653 1311 2701 recedam⁷
1332 2652 1399 2700 qui
1422 2649 1537 2688 ambo
1562 2658 1711 2687 annum
1735 2647 1873 2683 mortis
1895 2645 1981 2682 eius
2004 2644 2055 2680 si-

1104 2719 1225 2764 gnant
1245 2714 1348 2752 diem
1366 2713 1416 2750 ⁶28
1435 2711 1578 2760 Aprilis
1594 2711 1608 2748 4
1622 2709 1708 2746 400.
1726 2708 1871 2745 faciunt
1887 2716 2054 2754 eaquae

1104 2779 1238 2817 statim
1262 2776 1324 2813 hic
1348 2773 1556 2812 annotabo.
1576 2772 1618 2809 In
1637 2771 1712 2808 MS.
1748 2768 1840 2807 Cod.
1870 2767 2052 2806 Biblioth.

1103 2839 1329 2879 Canonicor.
1356 2836 1486 2874 Maior.
1512 2833 1712 2872 Ecclesiae
1735 2831 1924 2870 Lucensis
1947 2834 2055 2867 extat

1103 2899 1286 2952 Repetitio
1302 2898 1341 2936 in
1364 2895 1527 2934 nmteria
1541 2892 1766 2945 juramenti
1780 2903 1898 2942 super
1914 2891 1936 2929 l.
1962 2891 1997 2928 Ξ).
2016 2891 2052 2928 ff.

1102 2964 1150 3002 dc
1178 2964 1271 3001 Jure
1292 2961 1368 3010 jur.
1404 2957 1507 2997 edita
1537 2968 1611 3007 per
1646 2955 1915 2994 acutissimum
1943 2951 2054 3004 juris

1107 3026 1355 3075 interpretem
1393 3022 1436 3059 I).
1468 3019 1633 3058 Balaam
1667 3018 1712 3057 cle
1747 3016 1922 3056 Perusia).
1948 3017 2052 3054 lianc

1105 3098 1196 3125 vero
1219 3085 1474 3134 descripsisse
1498 3083 1615 3121 tradit
1645 3081 1770 3119 scriba
1797 3091 1845 3118 ex
1878 3078 2051 3127 originali

1105 3147 1252 3199 scripto
1277 3158 1380 3184 man.
1397 3156 1511 3197 prop.
1533 3145 1576 3182 D.
1603 3143 1744 3189 Baldi,
1771 3153 1870 3192 qnae
1893 3141 2052 3190 scriptio

1106 3212 1205 3249 faeta
1225 3213 1283 3247 est
1309 3219 1371 3246 an.
1394 3208 1505 3246 4413.
1528 3208 1641 3244 Porro
1664 3207 1701 3242 in
1724 3205 1799 3242 line
1821 3203 1939 3242 liuius
1959 3203 2054 3240 seri-

1106 3274 1160 3324 pti
1191 3272 1284 3310 haec
1310 3271 1495 3320 leguntur
1519 3273 1721 3317 tamquam
1751 3265 1799 3304 ab
1829 3266 1911 3316 ipso
1935 3264 2051 3303 Baldo

1106 3345 1306 3386 expressa.
1330 3331 1499 3383 Repetite
1524 3329 1603 3382 fan
1624 3329 1718 3368 haec
1743 3327 1849 3367 lectio
1869 3339 1942 3380 per
1965 3324 2055 3365 Bal-
