2500 3841
910 235 1357 277 BERN‘OLDUS

178 305 324 357 Reyino
341 303 607 354 Prumiensis,
629 303 747 355 cujus
775 304 1002 346 harmonica
1031 308 1089 346 in-

125 369 282 407 stitutio
303 367 385 416 eiq3
408 365 633 405 subiectum
662 366 934 407 lectionarium
963 370 1086 407 totius

120 430 236 479 anni,
259 439 354 468 cum
377 427 660 478 superscriptis
698 429 802 466 notis
824 430 984 468 Musicis
1014 430 1086 467 fuit

125 489 231 540 apud
249 489 387 527 Virum
415 488 693 527 Clarissimum
730 489 978 528 Ger-bardum
1006 501 1085 529 van

126 548 352 596 Mastricht,
375 552 418 587 et
458 549 497 586 in
521 549 762 588 Bibliotheca
785 551 917 589 Jacobi
940 551 1084 600 Krysii.

126 610 240 650 Adde
257 609 491 650 Mastrichtii
513 610 734 660 Epistolam
773 612 813 649 in
841 611 1086 650 celeberrimi

124 672 278 711 Struvii
300 670 592 711 introductione
612 671 662 710 ad
683 673 828 711 Histor.
852 673 1031 711 Litterar.
1047 684 1085 723 p.

127 734 216 772 466.
241 731 444 772 Oudinum
468 736 563 771 tom.
584 733 619 771 II
647 743 732 783 pag.
761 734 836 772 408
855 737 896 771 et
922 734 1086 772 Joannis

118 793 280 844 Georgii
304 793 549 832 Schelhornii
570 792 844 832 Amoenitates
859 795 1086 833 Litterarias

125 858 220 893 tom.
244 855 283 894 X
320 866 407 906 pag.
447 856 563 894 4468.
602 855 798 894 Notarum
838 855 1087 895 Musicarum

124 917 358 966 specimina,
378 916 518 966 quales
541 916 650 956 fuere
668 918 707 955 in
730 917 936 955 veteribus
949 917 1088 956 Eccle-

125 977 195 1015 siis
217 976 538 1016 Occidentalibus
554 981 646 1016 ante
660 978 810 1028 aliquot
825 978 992 1017 Saecula
1007 977 1088 1015 usi-

122 1042 246 1086 tatae,
271 1042 434 1076 exstant
454 1038 560 1090 apud
584 1039 837 1077 Lambecium
861 1039 925 1077 lib.
951 1039 975 1078 2
998 1049 1086 1088 pag.

124 1097 223 1147 763,
246 1097 323 1138 783
343 1104 384 1138 et
402 1100 466 1139 lib.
488 1101 511 1138 3
534 1112 572 1151 p.
598 1101 689 1147 438,
714 1099 784 1139 204
802 1128 810 1148 ,
829 1098 907 1138 207
923 1103 963 1137 et
982 1098 1088 1149 apud

123 1161 330 1211 Hugonem
370 1161 601 1201 Menardum
639 1160 689 1199 ad
726 1160 1090 1211 Sacramentarium

124 1220 300 1272 Gregorii
318 1223 366 1261 M.
386 1233 473 1273 pag.
497 1221 549 1260 78
563 1226 605 1260 et
626 1223 664 1259 in
682 1223 724 1259 B.
742 1220 994 1271 Stapohorsti
1022 1231 1092 1258 no-

126 1283 198 1319 stri
221 1282 365 1322 Histor.
387 1283 540 1322 Eccles.
565 1281 778 1332 Hamburg.
804 1286 899 1320 tom.
924 1282 978 1320 111
1003 1292 1090 1331 pag.

128 1343 209 1382 337
228 1348 270 1382 et
289 1348 383 1382 tom.
409 1345 460 1382 IV
480 1355 567 1394 pag.
589 1342 678 1382 267.

181 1403 414 1455 Siqebertus
435 1401 730 1443 Gemblacensis
759 1402 808 1441 de
838 1403 969 1453 seipso
1005 1414 1090 1454 cap.

131 1464 218 1505 ⁴72.
232 1464 329 1504 Arte
340 1465 497 1505 Musica
511 1464 756 1516 Antiphonas
770 1468 808 1502 et
825 1464 1092 1515 Responsoria

126 1525 175 1564 de
197 1525 367 1575 Sanctis,
390 1526 573 1566 Macario
588 1529 627 1565 et
641 1520 830 1565 Guiberto
853 1524 1076 1576 melificavi.

179 1587 314 1627 Simon
364 1587 560 1626 Taillerus
614 1588 899 1626 Dominicanus
949 1589 1094 1626 Scotus

127 1649 234 1688 circa
251 1648 415 1688 Annum
436 1650 539 1689 4240
559 1652 724 1687 cantum
741 1648 942 1688 rudiorem
958 1648 1097 1687 Eccle-

126 1711 331 1749 siaslicum
354 1711 529 1750 instituit
551 1710 786 1760 emendare,
810 1711 970 1760 scriptis
999 1710 1096 1748 duo-

128 1770 207 1810 bus
230 1771 341 1810 libris
364 1770 749 1819 Pentackordorum,
774 1775 814 1809 et
834 1773 950 1809 tertio
966 1770 1013 1808 de
1031 1770 1097 1808 Te-

128 1843 224 1870 nore
246 1832 447 1882 Musicali,
472 1838 696 1883 quartoque
720 1832 767 1870 de
799 1832 931 1872 Canta
963 1831 1097 1870 Eccle-

126 1892 288 1932 siastico
311 1894 555 1945 corriqenda
579 1894 678 1933 Vide
712 1893 905 1932 Jacobum
941 1893 1092 1932 Echar-

131 1954 228 1994 dum
249 1959 342 1994 tom.
368 1957 397 1994 1.
421 1967 508 2006 pag.
531 1956 631 1995 CXI.

180 2015 407 2056 Richardus
429 2016 476 2055 de
495 2018 536 2056 S.
564 2016 716 2055 Victore
739 2016 925 2055 laudatus
954 2027 977 2054 a
999 2016 1095 2055 Vin-

129 2079 260 2116 centio
283 2079 431 2117 Bellov.
454 2079 494 2116 in
519 2078 691 2128 Speculo
715 2077 934 2115 doctrinali.

179 2138 409 2191 liudolphus
433 2138 567 2178 Abbas
587 2141 693 2178 circa
725 2137 890 2177 Annum
922 2140 963 2178 44
976 2138 1025 2178 20
1057 2139 1094 2175 in

130 2202 280 2240 Musica
292 2203 551 2240 acutissimus
571 2201 796 2239 celebratur
814 2198 863 2238 ab
886 2199 1097 2250 Anonymo

129 2263 346 2302 Mellicensi
366 2274 451 2313 cap.
477 2263 567 2302 403.

188 2324 409 2375 Theoyerus
426 2324 653 2374 (Anonymo
670 2324 887 2362 Mellicensi
905 2334 989 2374 cap.
1008 2323 1096 2362 409.

128 2387 362 2437 Dietgerus,
397 2384 657 2433 Theokarius)
696 2384 857 2422 Ordinis
896 2384 1099 2422 Benedicti

129 2448 234 2485 circa
255 2447 360 2485 circa
377 2445 540 2485 Annum
563 2446 667 2484 4448
690 2446 913 2495 Episcopus
948 2446 1098 2483 Meten—

131 2509 207 2556 sis,
231 2506 349 2557 cujus
373 2509 605 2546 Tractatum
629 2506 678 2545 de
713 2507 863 2544 Musica
885 2505 1097 2554 Anonymo

131 2567 262 2605 eidem
279 2567 487 2606 laudatum
524 2566 655 2605 adhuc
692 2572 828 2606 servat
855 2566 1097 2605 Bibliotheca

130 2628 458 2677 Tegernseensis,
482 2638 532 2665 ex
571 2639 650 2677 qua
678 2628 886 2678 prologum
915 2627 1096 2677 vulgavit

129 2687 357 2727 Ber-nardus
379 2689 455 2727 Pez
480 2689 645 2728 Praefat.
670 2687 719 2726 ad
735 2691 828 2726 tom.
850 2688 899 2726 IV
919 2686 1098 2726 Anecdo—

132 2755 267 2789 torum
290 2760 378 2800 pag.
403 2751 471 2788 IX.

188 2810 380 2861 Georqi'us
408 2809 520 2850 Valla
557 2811 812 2848 Placentinus
850 2810 958 2848 libris
985 2811 1018 2849 V
1047 2810 1095 2849 de

130 2873 299 2921 Musica,
323 2873 495 2911 Graecos
519 2873 773 2922 potissimum
812 2875 992 2918 secutus,
1024 2870 1095 2908 scd

131 2938 172 2972 et
193 2934 416 2973 Boethium.
441 2934 615 2971 Exstant
638 2933 676 2969 in
700 2930 788 2980 ejus
813 2932 940 2981 Opere
964 2930 1012 2969 de
1028 2943 1097 2969 ex-

128 2995 312 3045 petendis
334 2999 374 3033 et
400 2993 596 3045 fugiendis
619 2993 759 3040 rebus,
785 3002 932 3030 excuso
969 2993 1097 3031 Vene-

131 3057 197 3094 tiis
223 3057 317 3096 4504
350 3057 496 3106 ingenti
520 3056 729 3093 Volumine
755 3056 790 3091 in
817 3053 915 3090 folio.

189 3116 410 3158 Vincentius
447 3117 739 3156 Bellovaccnsis
762 3114 920 3165 Speculi
943 3115 1094 3153 Doctri-

137 3179 238 3217 nalis
262 3180 359 3217 libro
382 3180 471 3218 XVI
495 3190 578 3228 cap.
605 3178 745 3216 40-35,

192 3239 419 3281 Wolstanus
442 3239 656 3279 Monachus
680 3243 719 3276 et
735 3240 944 3276 Pracentor
960 3237 1096 3274 Eccle-

134 3301 215 3340 siae
231 3302 471 3352 Wentanae,
487 3303 572 3339 sive
592 3299 879 3339 wintoniensis
902 3298 937 3336 in
955 3296 1095 3347 Anglia

1161 309 1264 346 circa
1284 306 1447 346 Annum
1470 304 1548 343 980
1573 302 1921 355 Scriptorlibri'de
1946 307 2125 343 tenorum

1162 367 1389 407 harmonia.
1412 365 1511 405 Vide
1531 365 1733 404 Oudinum
1753 369 1848 404 tom.
1871 366 1905 404 11
1926 376 2011 416 pag.
2035 367 2123 404 500.

1204 428 1516 475 BERNOLDUS,
1527 427 1612 466 aliis
1622 427 1752 466 BERN
1756 425 1784 464 A
1792 426 2003 474 LDUS,vel
2011 426 2126 466 BER-

1158 491 1373 538 TOLDUS,
1396 489 1608 538 Presbyter
1631 488 1952 527 constantiensis
1969 488 2007 525 in
2025 488 2123 526 Sve-

1158 554 1239 602 via‚
1263 554 1366 590 circa
1380 550 1542 590 Annum
1566 550 1668 588 4089
1686 560 1734 587 ex
1753 549 1964 587 Gelasiano
1980 549 2123 588 Codice

1158 614 1326 662 aliisque
1349 612 1574 661 composuit
1599 608 1786 648 Ordinem
1808 610 2027 647 Romanum
2043 638 2052 656 ,
2076 608 2125 646 de

1158 673 1276 724 cujus
1291 670 1412 711 variis
1427 671 1666 710 editionibus
1685 675 1726 708 et
1746 670 2123 720 interpolationibuS,

1159 735 1427 782 auctariisque
1471 731 1627 770 dicendi
1667 732 1777 770 locus
1816 731 1940 778 infra,
1977 731 2123 770 ORDO.

1159 795 1337 835 Meminit
1359 794 1556 832 Honorius
1579 793 1641 840 lV,
1675 794 1723 830 43
1747 792 1795 830 dc
1834 793 1872 830 S.
1897 793 1941 830 E.
1972 797 2013 830 et
2041 793 2124 830 Tri-

1160 856 1336 894 themius
1351 852 1537 904 cap.j338.
1550 864 1678 902 neque
1694 852 1799 891 aliud
1811 851 1899 901 ejus
1913 854 2125 902 quicquam

1162 917 1354 955 referunt.
1374 916 1431 953 De
1451 915 1538 953 aliis
1568 914 1742 965 scriptis,
1779 925 1879 963 quac
1917 914 2007 952 huic
2037 916 2128 952 Ber-

1163 976 1298 1025 noldo,
1323 977 1428 1014 sive.
1453 980 1498 1014 ut
1521 975 1625 1026 apud
1653 975 1908 1024 Anonymum
1932 975 2128 1013 Melliccn-

1163 1049 1249 1076 sem
1286 1048 1370 1088 cap.
1397 1038 1465 1077 404
1498 1041 1682 1082 vocatur,
1706 1034 1975 1075 BERNARDO
2004 1035 2126 1073 tribu-

1163 1103 1306 1147 untur,
1331 1110 1424 1138 mox
1447 1099 1547 1137 infra
1574 1099 1613 1136 in
1636 1098 1951 1137 BERTHOLDO.

1215 1161 1555 1199 BERNOWINUS
1590 1161 1719 1198 Poeta.
1760 1158 1857 1198 Vide
1891 1157 1992 1196 Acta
2027 1158 2126 1196 San-

1163 1227 1261 1261 ctor.
1287 1226 1381 1260 tom.
1407 1222 1457 1260 Vl
1476 1222 1583 1259 Junii
1608 1234 1644 1272 p.
1671 1221 1732 1260 ⁴4.

1220 1283 1482 1322 BEROLDUS
1505 1282 1808 1322 Mediolanensis
1823 1278 2009 1319 circaAn.
2027 1281 2069 1319 44
2080 1280 2128 1317 23

1166 1344 1283 1395 cujus
1292 1343 1498 1391 Manuale,
1519 1348 1559 1382 et
1574 1339 2128 1392 PontificaleAmbrosianum,

1168 1411 1208 1444 et
1238 1405 1424 1444 Ordinem
1447 1402 1751 1443 Mediolanenses
1775 1401 1996 1449 Ecclesiae,
2021 1402 2128 1440 MSS.

1167 1471 1361 1506 memorat
1384 1466 1596 1505 Picinellus
1619 1476 1705 1515 pag.
1731 1465 1794 1503 94.
1819 1464 2012 1502 Athenaei
2029 1463 2130 1501 Scri-

1167 1534 1327 1580 ptorum
1350 1527 1717 1566 Mediolanensium.

1208 1586 2005 1634 JacobusBERTALDUS,exCanceliario
2018 1584 2130 1623 aulae

1169 1652 1330 1691 Ducalis
1354 1653 1617 1697 Venetorum,
1639 1649 1862 1699 Episcopus
1887 1648 1924 1684 in
1938 1647 2131 1685 Dalmatia

1168 1714 1322 1752 Veneta
1349 1712 1576 1762 Vegiensis,
1599 1711 1666 1760 qui
1691 1708 1807 1748 Anno
1845 1708 1947 1747 ⁴245
1976 1707 2132 1756 scripsit

1169 1773 1428 1825 Splendorem
1445 1771 1784 1812 Consvetudinum
1810 1768 1992 1808 Civitatis
2019 1768 2133 1805 Vene-

1169 1839 1316 1884 torum,
1340 1835 1417 1873 MS.
1449 1835 1489 1871 in
1519 1832 1761 1871 Bibliotheca
1783 1831 1998 1878 Caesarea,
2028 1832 2131 1866 teste

1166 1898 1374 1936 Lambecio
1398 1900 1494 1933 tom.
1522 1895 1555 1932 11
1580 1905 1616 1943 p.
1644 1894 1732 1931 953.

1222 1959 1243 1981 *
1265 1958 1326 1997 Ex
1350 1962 1378 1995 t.
1404 1958 1468 1996 vl.
1499 1955 1590 1995 347.
1623 1954 1816 2000 Quamvis
1851 1951 2050 1990 adnotatio
2083 1948 2132 1987 ad

1169 2019 1264 2059 Cod.
1286 2019 1634 2057 vindobonensem
1671 2027 1692 2053 a
1722 2014 1929 2053 Lambecio
1963 2011 2133 2049 indicata

1169 2081 1246 2119 fert
1277 2081 1468 2119 Jacobum
1503 2079 1610 2116 hunc
1641 2077 1848 2126 scripsisse
1885 2084 1984 2124 opus
2017 2082 2134 2109 suum

1170 2153 1233 2180 an.
1267 2142 1382 2181 ⁴245.
1412 2144 1567 2179 certum
1597 2143 1660 2177 est
1690 2142 1825 2176 tamen
1852 2139 2055 2174 auctorem
2075 2144 2135 2169 rc·-

1171 2207 1329 2241 centem
1351 2203 1518 2241 huiusce
1538 2199 1811 2239 annotationis
1840 2206 2020 2243 errasse,
2047 2205 2135 2231 nam

1169 2263 1383 2302 Bertaldus
1410 2263 1505 2301 obiit
1535 2274 1600 2300 an.
1633 2261 1753 2300 4345.
1785 2265 1830 2298 ut
1858 2270 1908 2296 ex
1938 2257 2054 2294 allata
2078 2265 2138 2291 se-

1171 2324 1365 2375 pulchrali
1384 2326 1471 2362 eius
1493 2323 1705 2373 epigraphe
1726 2322 1850 2370 aliisq.
1868 2317 2138 2357 monumentis

1171 2387 1320 2424 evincit
1340 2387 1379 2423 P.
1400 2387 1511 2423 Joan.
1531 2385 1640 2435 Degli
1661 2383 1840 2433 Agostini
1871 2377 2046 2430 (Notc‘zie
2071 2375 2136 2413 cle-

1168 2445 1228 2496 qli·
1247 2446 1439 2485 scrittori·
1460 2444 1672 2483 Veneziani
1692 2446 1719 2482 Ι.
1743 2445 1784 2482 54
1796 2443 1830 2481 7.
1848 2444 1856 2489 )

1222 2505 1441 2552 BERTHA,
1463 2507 1549 2543 sive
1573 2503 1856 2550 BERTRADA,
1890 2510 1991 2550 quae
2029 2499 2132 2536 circa

1164 2566 1326 2606 Annum
1352 2567 1453 2605 4090
1485 2567 1642 2615 scripsit
1671 2564 1795 2602 Vitam
1815 2563 1855 2600 S.
1878 2557 2125 2605 Adelhcidis,

1169 2629 1317 2678 primae
1339 2627 1571 2665 Abbatissae
1588 2626 1794 2664 Viliccnsis
1811 2625 1848 2660 in
1865 2621 2039 2660 Dioecesi
2062 2620 2134 2658 Co-

1171 2689 1355 2735 loniensi,
1384 2692 1422 2725 et
1439 2687 1648 2726 defunctae
1665 2685 1739 2725 An.
1760 2685 1862 2723 4045
1884 2693 1986 2731 quae
2002 2685 2134 2719 exstat

1171 2748 1276 2799 apud
1297 2749 1458 2787 Surium
1483 2752 1524 2786 et
1551 2749 1588 2784 in
1613 2747 1724 2786 Actis
1746 2746 1980 2784 Sanctorum
2005 2744 2028 2779 ὃ
2063 2742 2134 2778 Fe-

1169 2810 1315 2847 bruarii
1340 2820 1426 2859 pag.
1451 2809 1541 2847 744.
1564 2808 1713 2846 Laudat
1734 2805 1940 2845 Conradus
1978 2805 2016 2840 in
2047 2803 2133 2840 Vita

1170 2870 1369 2908 Wolsclmi
1391 2871 1479 2920 (qui
1502 2868 1732 2908 Adelheidis
1771 2868 1890 2905 frater
1912 2865 1999 2909 luit)
2026 2862 2130 2914 apud

1171 2931 1345 2971 cundem
1371 2932 1534 2970 Surium
1559 2935 1599 2968 et
1626 2932 1663 2968 in
1685 2929 1795 2968 Actis
1815 2929 1864 2967 22
1890 2926 2046 2977 Aprilis.

1227 2991 1564 3040 BERTIIARIUS,
1590 2993 1674 3029 sive
1696 2988 1978 3029 BERTARIL'S
1994 2998 2043 3024 ex
2059 2987 2132 3024 Re.-

1171 3066 1266 3105 gum
1293 3055 1533 3091 Francorum
1554 3054 1677 3103 stirpe
1701 3051 1833 3090 Abbas
1853 3047 2129 3088 Cassinensis,

1167 3120 1207 3153 et
1233 3126 1255 3153 a
1281 3115 1488 3152 Saracenis
1511 3113 1772 3151 obtruncatus
1797 3112 1944 3159 Martyr
1959 3108 2034 3147 An.
2053 3107 2129 3145 883

1167 3178 1216 3215 ⁶22
1240 3175 1438 3223 Octobris,
1464 3176 1620 3224 scripsit
1635 3186 1682 3211 cx
1702 3174 1855 3210 Veteris
1878 3170 2033 3209 Codicis
2051 3168 2126 3206 fide

1168 3243 1208 3275 et
1232 3241 1335 3274 teste
1359 3238 1485 3274 Leone
1501 3234 1674 3273 Ostiensi
1701 3234 1763 3272 lib.
1788 3236 1798 3272 1
1831 3244 1914 3283 cap.
1933 3232 1982 3271 32
2003 3235 2042 3268 et
2060 3231 2129 3268 Pc-

1167 3304 1227 3337 tro
1245 3299 1413 3337 lli-acono
1428 3308 1510 3348 cap.
1543 3297 1586 3335 12
1604 3294 1724 3335 libros
1742 3293 1838 3334 duos
1855 3290 2128 3345 α’νΓικειμ-ἐνων
