2500 4009
409 224 486 261 620

463 294 625 330 Damasi
646 285 869 338 Blyenbury
891 286 1063 333 epitome
1087 285 1253 332 operum
1270 281 1361 320 Ful-

410 357 529 399 geniti
549 352 622 390 sub
646 348 770 386 titulis
790 346 919 384 XXX.
939 344 1067 383 Amst.
1090 344 1208 383 46⁴2.
1228 344 1265 381 8.

410 396 429 407 ⁹
464 408 775 453 Fl'LGENTlL’S
806 408 909 445 inter
946 406 1165 456 Episcopos
1191 406 1230 442 in
1259 405 1359 444 Sar-

408 477 512 515 dinia
530 473 669 512 exules
683 502 694 519 ,
711 470 758 510 ad
779 479 877 520 quos
894 467 1069 519 Epistola
1098 467 1242 506 PETRI
1271 467 1360 505 Dia-

408 539 503 576 coni
514 540 551 574 et
577 535 802 574 sociorum,
824 531 898 570 An.
925 530 1015 569 520.
1040 534 1080 568 et
1095 539 1265 579 quorum
1292 538 1360 566 no-

408 602 512 637 mine
536 595 712 647 Epistola
734 593 931 645 Synodica
955 592 1030 631 An.
1057 592 1146 631 5⁶23.
1168 594 1301 629 exstat
1319 591 1357 628 in

407 659 622 711 appendice
660 658 755 695 tomi
780 657 828 695 X.
861 656 898 694 S.
933 653 1144 703 Augustini
1175 664 1261 703 pag.
1292 653 1356 690 98.

407 727 443 759 ot
470 721 555 759 402.
581 720 672 758 edit.
690 718 818 758 Amst.
845 728 923 755 non
938 715 1125 755 diversus
1149 712 1358 766 aFulyen-

408 784 458 821 tio
484 780 690 833 Ruspensi.

460 845 642 896 Baptista
693 840 954 881 FULGOSUS
974 870 982 886 .
1026 839 1136 878 Italis
1173 837 1357 877 FREGO·

409 909 515 955 SsS,
547 912 577 955 a)
623 904 862 956 quibusdam
898 901 1353 948 CAMPOFULGOSUS,

410 972 513 1009 iilius
535 971 639 1008 Petri
659 999 667 1017 ,
687 969 808 1006 Ducis
830 965 1056 1005 Genucnsis
1080 969 1120 1003 et
1150 965 1233 1015 ipse
1267 964 1356 1002 Dux

409 1033 456 1070 ab
476 1031 551 1070 An.
576 1030 691 1070 4478.
724 1029 792 1067 sed
819 1028 1042 1079 principatu
1070 1039 1089 1066 a
1121 1025 1240 1065 Paulo
1265 1025 1359 1064 Car-

410 1094 528 1132 ‹iinali
546 1098 686 1143 patruo
711 1102 782 1129 suo
811 1090 887 1128 An.
915 1089 1029 1128 4483.
1057 1087 1092 1135 b)
1114 1086 1295 1137 dejectus
1318 1089 1358 1125 et

411 1159 678 1205 Frequenium
704 1153 904 1201 relegatus
930 1150 1091 1200 scripsit
1125 1148 1173 1187 ad
1198 1150 1359 1187 Petrum

411 1219 533 1256 tilium
559 1226 690 1262 suum,
715 1214 857 1252 Valerii
880 1213 1036 1252 Maximi
1061 1211 1256 1261 exemplo,
1283 1220 1359 1248 non

411 1279 592 1328 indignos
625 1277 731 1315 lectu
760 1273 883 1313 libros
915 1274 978 1313 IX.
1011 1271 1212 1325 factorum
1242 1270 1363 1310 dieto-

409 1351 578 1392 rumque
597 1335 917 1377 memorabilzum
934 1368 944 1385 ,
969 1337 1006 1374 in
1037 1346 1208 1385 quorum
1234 1334 1362 1373 ultimi

409 1404 537 1453 capite
559 1401 594 1438 6.
616 1399 719 1451 quod
738 1404 800 1437 est
816 1398 864 1437 de
889 1397 1052 1449 perfidia
1073 1401 1113 1436 et
1129 1395 1360 1448 proditione,

409 1466 557 1504 illatam
583 1475 603 1501 a
625 1467 765 1513 patruo
791 1460 976 1510 injuriam
1002 1460 1109 1498 hunc
1134 1460 1171 1497 in
1199 1457 1361 1497 modum

409 1526 640 1577 perstringit
674 1535 761 1574 pag.
798 1523 888 1560 723.
937 1523 1144 1560 Postrema
1178 1520 1217 1558 in
1243 1523 1362 1572 parte

411 1599 546 1626 eorum
563 1618 571 1635 ,
588 1596 685 1638 quos
703 1583 877 1636 proditio
900 1582 1070 1633 insiqnes
1091 1581 1196 1634 fecit,
1220 1581 1362 1633 dianus

412 1654 523 1697 erat,
541 1648 614 1700 qui
630 1648 1010 1686 commemoraretur
1046 1644 1198 1683 Paulus
1220 1642 1362 1694 Fulqo-

413 1714 510 1759 sius,
535 1708 767 1751 Carclinalz's
793 1707 1022 1754 Genuensis,
1038 1709 1214 1758 patruus
1233 1716 1363 1753 meus;

413 1774 534 1814 sicuti
550 1773 666 1812 etiam
683 1770 827 1811 scelere
840 1773 961 1820 atque
972 1767 1156 1820 perfidia,
1170 1767 1364 1819 qraviora

414 1848 533 1887 quam
561 1835 637 1873 alii
656 1833 841 1873 admisit:
876 1843 969 1870 uam
1005 1842 1094 1870 cum
1123 1842 1246 1882 opera
1279 1842 1367 1870 mea

416 1896 723 1938 Cardinalatmn
746 1893 985 1945 accepisset,
1007 1904 1033 1931 a
1057 1904 1132 1945 quo
1167 1893 1366 1945 imperitia

415 1964 533 2011 atque
552 1958 659 1998 vitae
680 1955 923 2009 turpitudine
938 1953 1230 2007 prohibebatur
1244 1987 1255 2004 ,
1273 1966 1367 2006 que-

415 2019 666 2060 madmodum
697 2017 831 2071 patris
874 2029 1029 2069 quoque
1065 2016 1144 2055 mei
1183 2029 1278 2069 ope,
1315 2016 1369 2056 ad

418 2080 1059 2132 GenuensemArelnepzscopatum
1075 2078 1366 2123 conscenderat,

419 2145 525 2183 haud
546 2145 803 2194 inconyruum
825 2145 938 2189 erat,
964 2144 1009 2179 ut
1019 2140 1237 2192 posteritas
1261 2138 1371 2178 intel-

419 2206 578 2256 lisseret,
617 2216 706 2243 eum
740 2203 851 2241 illum
887 2213 970 2240 esse
986 2233 995 2249 ,
1018 2202 1089 2252 qui
1120 2201 1255 2253 patris
1295 2200 1376 2239 mei

420 2267 594 2317 meisque
616 2264 820 2317 stipendiis
844 2263 1042 2301 enutritus
1065 2292 1071 2310 ,
1093 2262 1281 2313 aequitate
1305 2261 1371 2300 ho-

421 2331 616 2376 nestatus,
649 2338 696 2365 ac
728 2328 912 2376 parentis
951 2323 1030 2362 loco
1067 2336 1093 2362 a
1121 2335 1181 2362 me
1217 2322 1370 2374 cultus,

420 2389 516 2427 mihi
535 2387 664 2440 nepot-i
679 2418 686 2434 ,
704 2391 821 2438 atque
841 2387 927 2438 ejus
949 2385 1139 2423 honorum
1158 2383 1371 2424 bonorum-

421 2462 495 2501 que
514 2449 698 2494 authori,
717 2449 805 2486 item
822 2445 954 2499 quoad
964 2445 1144 2485 seculare
1161 2446 1373 2497 imperium

417 2512 587 2564 pertinet
607 2541 614 2559 ,
639 2510 793 2548 domino
809 2541 819 2558 ‚
840 2508 1068 2561 proditione
1091 2520 1139 2547 ac
1161 2508 1310 2548 scelere
1333 2521 1373 2547 m

416 2574 554 2626 patria
572 2572 844 2624 principatum
867 2570 1014 2609 ademit
1033 2584 1039 2609 :
1067 2581 1182 2622 quem
1216 2574 1371 2620 tamen,

422 2647 510 2674 cum
536 2635 615 2685 ipse
639 2633 741 2672 male
772 2631 1094 2671 administrando
1109 2664 1120 2681 ,
1141 2643 1190 2671 ac
1223 2631 1346 2670 nimia
1361 2663 1371 2680 ,

422 2696 698 2748 illeqitimifilii
717 2695 756 2733 in
776 2695 881 2734 cives
903 2692 1096 2746 superbia
1112 2693 1284 2732 retinere
1300 2704 1377 2731 nou

419 2763 573 2810 posset,
607 2756 871 2797 emendationi
906 2756 1007 2794 tanti
1040 2754 1204 2795 sceleris
1232 2755 1376 2807 prosci-

426 2833 529 2859 mum
554 2824 668 2868 erat,
694 2824 737 2858 ut
751 2818 856 2871 quod
876 2817 992 2869 impie
1012 2817 1242 2866 ademerat,
1269 2815 1377 2864 mihi,

424 2883 554 2932 aquito
581 2880 734 2920 taudem
758 2892 897 2919 errore
919 2910 926 2929 ,
947 2880 1198 2919 restitueret:
1215 2878 1284 2918 secl
1298 2889 1380 2917 sce-

428 2945 503 2982 leri
519 2947 677 2982 assueto
698 2944 739 2981 in
758 2947 922 2981 mentem
941 2941 1043 2980 m‘hz’t
1058 2941 1195 2980 venire
1210 2942 1379 2991 poterat,

428 3005 531 3056 quod
553 3004 612 3044 vel
634 3005 819 3044 virtutem
840 3007 1017 3055 saperet,
1036 3002 1100 3042 vel
1122 3002 1228 3041 vitae
1252 3013 1381 3041 emen-

433 3067 627 3105 dationem
652 3066 828 3118 aliquam
853 3065 1125 3116 polliceretur.
1166 3065 1304 3115 Itaque
1328 3063 1382 3102 ita

485 3197 501 3217 a
539 3187 692 3218 oiornale
729 3185 940 3217 deu-iterati
978 3183 1011 3214 d'
1029 3183 1124 3215 ltalia
1160 3187 1239 3216 tom.
1263 3185 1330 3214 xxi
1357 3194 1387 3224 p.

425 3237 494 3265 nim.
525 3238 678 3267 Nisseron
703 3240 785 3267 tom.
810 3237 848 3265 lx
876 3242 951 3274 pag.
977 3233 1006 3265 ¹1.

489 3284 521 3313 i»,
547 3286 613 3314 Non
642 3284 731 3316 1⁴05.
761 3288 795 3315 ut
818 3284 905 3322 legas
929 3282 1018 3322 apud
1044 3284 1265 3322 augustinum
1281 3282 1396 3314 oldoi-

439 3339 517 3361 num
544 3334 575 3361 in
601 3332 766 3363 Athenaeo
790 3334 957 3370 Ligustico
981 3341 1012 3370 p.
1040 3331 1090 3362 85.

1198 211 1586 250 FULGOSUS

1431 285 1565 320 aetiam
1589 286 1669 330 est,
1691 286 1734 320 ut
1746 295 1866 333 penes
1901 296 1990 322 eum
2010 316 2019 332 ,
2049 296 2104 322 em
2118 282 2351 335 principatu
2371 311 2379 329 ,

1426 346 1594 393 praeter
1617 341 1700 393 ejus
1715 343 1815 382 mihi
1826 344 1954 384 scetus
1973 345 2147 398 adempti
2162 343 2381 397 infamiam,

1430 403 1530 443 nihil
1547 408 1784 443 remaneret.
1808 405 2010 446 [nurenda
2032 407 2154 459 iyitur
2179 406 2276 446 haec
2293 405 2379 458 ejus

1431 465 1644 505 memoriae
1672 469 1764 504 nota
1799 470 1908 515 erat,
1929 467 2000 506 sed
2034 469 2229 521 majorem
2255 466 2385 507 mode-

1430 529 1530 568 stiae
1552 539 1661 567 meae
1684 526 1841 567 (licendi
1860 526 1907 566 de
1928 539 1989 578 (ιο,
2014 539 2134 580 quam
2155 529 2295 582 ipsein
2318 540 2379 568 me
2450 527 2463 578 f

1432 590 1602 641 ayendo,
1627 589 1697 629 sui
1720 588 1850 640 ipsius
1879 587 2066 628 habuerit
2090 593 2283 630 rationem
2315 589 2386 629 ha-

1432 651 1591 690 biturus
1616 661 1730 700 sum,
1760 650 1894 702 itaque
1923 661 1966 688 eo
1995 649 2133 690 relicto
2161 655 2231 691 etc.

1483 715 1591 752 Inter
1631 713 1791 751 Latinos
1830 713 2044 750 Historicos
2089 713 2238 752 mentio
2283 714 2386 752 facta
2461 703 2467 727 's

1429 776 1586 827 Fulgosi
1605 779 1668 813 est
1687 785 1710 813 a
1729 774 1870 812 Vossio
1892 785 1931 824 p.
1947 774 2039 814 642.
2061 781 2292 825 quanquam
2309 776 2386 814 lta-

1427 838 1500 876 lice
1519 837 1583 875 ille
1606 836 1810 886 scripserit
1834 846 1913 874 non
1936 835 2095 883 Latine,
2117 839 2292 875 testatus
2312 837 2383 876 La-

1429 900 1511 938 tine
1535 897 1733 937 scribendi
1763 897 1916 948 stylum
1942 908 1989 936 ac
2012 898 2207 937 rationem
2237 897 2311 936 sibi
2337 898 2386 937 de

1431 962 1568 1008 fuisse,
1590 960 1703 999 aulae
1726 963 1767 998 et
1791 970 1868 998 non
1909 958 2053 998 studiis
2093 959 2288 1009 adsueto,
2318 959 2390 998 ita-

1430 1035 1506 1074 que
1527 1023 1646 1062 libros
1667 1021 1739 1060 hos
1759 1033 1829 1072 per
1848 1020 2166 1061 RAYMUNDUM
2195 1020 2387 1061 Soncina-

1432 1090 1522 1133 tem,
1542 1088 1840 1137 praeceptorem
1862 1093 1981 1123 suum
1999 1084 2163 1122 Latinos
2179 1082 2308 1123 facere
2323 1082 2391 1122 de-

1431 1149 1620 1188 crevisse..
1656 1146 1735 1186 Sed
1770 1146 1835 1184 illo
1860 1145 2054 1196 impedito
2078 1145 2253 1185 laborem
2282 1145 2391 1185 hunc

1435 1213 1473 1249 in
1494 1221 1537 1249 se
1562 1209 1739 1260 suscepit
1761 1205 1958 1248 Camillus
1987 1207 2192 1247 GILINUS
2220 1206 2392 1247 Alexan—

1434 1273 1574 1312 drinus
1597 1283 1618 1310 e
1637 1271 1795 1310 Ducatu
1811 1269 2115 1319 Mediolanensi,
2134 1269 2256 1308 Ducis
2270 1269 2392 1307 Fran—

1434 1335 1527 1373 cisci
1549 1334 1714 1373 Sfortiae
1730 1331 1780 1371 ad
1795 1331 1982 1371 Carolum
2001 1331 2046 1371 V.
2067 1332 2236 1382 legatus,
2250 1328 2392 1369 defun·
2464 1328 2469 1345 ⁴

1434 1402 1525 1436 ctus
1565 1397 1603 1433 in
1640 1395 1771 1434 Sicilia
1804 1393 1879 1433 An.
1906 1393 2024 1433 4545.
2048 1393 2134 1432 sive
2162 1396 2276 1444 pater
2304 1390 2393 1442 ejus
2460 1404 2468 1443 ζ,-

1434 1460 1606 1497 Joannes
1628 1455 1803 1495 Jacobus
1831 1455 2034 1495 GILINUS
2061 1456 2219 1495 Ducum
2248 1453 2393 1494 Medio·

1435 1520 1659 1559 lanensium
1683 1519 1732 1557 ab
1754 1518 1943 1569 Epistolis
1966 1518 2034 1568 qui
2058 1516 2164 1556 diem
2187 1516 2283 1555 obiit
2313 1515 2394 1555 An.

1437 1582 1551 1622 4532.
1577 1585 1715 1620 auctor
1738 1578 2016 1634 descriptionis
2057 1576 2214 1620 Telinae
2239 1576 2390 1627 vallis,
2453 1571 2469 1622 33

1434 1643 1621 1695 Lariique
1654 1641 1781 1691 lacus,
1807 1641 1855 1680 de
1889 1652 1968 1692 qua
1991 1640 2072 1679 dixi
2109 1641 2148 1678 in
2172 1643 2392 1690 conspectu
2454 1649 2469 1691 ς·

1436 1706 1614 1744 thesauri
1639 1705 1801 1743 literarii
1826 1703 1959 1743 ltaliae
1998 1714 2086 1754 pag.
2118 1703 2183 1741 88.
2211 1712 2285 1741 nec
2314 1712 2393 1740 non
2458 1690 2467 1753 5⁷

1436 1766 1630 1806 historiae
1651 1764 1846 1805 bellorum
1882 1764 1923 1803 in
1960 1763 2081 1803 Italia
2105 1766 2310 1816 qestorum
2346 1762 2393 1801 A.
2466 1759 2469 1775 '¹

1438 1830 1539 1868 4498
1572 1833 1612 1867 et
1649 1829 1764 1868 4499.
1790 1839 1894 1878 quae
1918 1827 2122 1878 eleganter
2146 1826 2294 1877 scripta
2323 1825 2396 1864 La-

1438 1892 1520 1929 tine
1555 1890 1629 1929 fuit
1659 1889 1765 1940 apud
1789 1890 1946 1928 Hieron.
1971 1889 2160 1928 Gilinum.
2196 1888 2233 1937 a)
2262 1887 2396 1933 Quan-

1438 1964 1556 2003 quam
1595 1951 1789 1991 Camillus
1825 1950 1973 1990 diserte
2016 1954 2190 1989 testatur
2234 1958 2257 1988 a
2285 1951 2398 1999 patre

1441 2015 1659 2066 impulsum
1683 2024 1745 2063 se,
1765 2013 1802 2063 b)
1823 2016 1869 2052 ut
1892 2011 2065 2052 necdum
2081 2011 2243 2062 quidem
2265 2009 2398 2062 pueri-

1443 2079 1520 2116 tiae
1555 2087 1744 2127 egressus
1768 2079 1920 2123 metas,
1947 2075 2057 2113 illum
2095 2073 2270 2113 laborem
2308 2082 2402 2111 exe·
2440 2094 2448 2099 -

1442 2142 1656 2189 queretur,
1695 2141 1815 2186 atque
1849 2137 1951 2174 inter
1995 2136 2176 2174 themata
2220 2144 2322 2184 quae
2350 2132 2400 2172 ad
2470 2155 2471 2161 =

1444 2198 1625 2237 alendam
1651 2196 1806 2235 dicendi
1834 2197 2065 2236 facultatem
2090 2197 2228 2247 pueris
2261 2205 2402 2246 propo·
2470 2227 2471 2230 ,

1446 2264 1616 2307 nuntur,
1641 2258 1816 2309 quotidie
1840 2257 1962 2308 hujus
1999 2258 2131 2309 operis
2166 2257 2401 2308 particulam
2442 2251 2471 2318 ᾗ

1447 2324 1483 2360 in
1507 2322 1690 2360 Latinum
1717 2323 1906 2358 verteret.
1927 2320 2058 2358 Prima
2071 2318 2192 2358 editio
2211 2318 2402 2359 librorum
2442 2318 2471 2369 i

1446 2384 1604 2434 Fulgosi
1630 2383 1770 2421 Latina
1806 2381 1954 2431 (ltalice
1977 2381 2084 2420 enim
2109 2390 2316 2432 nunquam
2346 2382 2405 2419 vi-
2444 2367 2471 2461 g

1446 2445 1593 2484 derunt
1614 2444 1758 2493 lucem)
1779 2447 1843 2482 est
1860 2442 2167 2483 Mediolanensis
2189 2441 2266 2482 An.
2288 2441 2404 2482 4508.
2447 2467 2458 2486 ,«
2478 2435 2489 2468 -3‘

1447 2507 1510 2546 fol.
1532 2517 1654 2556 quam
1679 2508 1842 2544 secutae
1878 2505 2106 2556 complures
2133 2504 2252 2544 Basil.
2290 2502 2407 2544 4544.
2444 2498 2461 2552 ξ

1448 2569 1485 2608 8.
1518 2566 1634 2608 4567.
1674 2567 1709 2606 8.
1752 2566 1964 2617 Antwerp.
1999 2566 2117 2606 4564.
2156 2566 2271 2606 4565.
2299 2565 2337 2605 8.
2365 2568 2406 2604 et

1446 2641 1539 2669 cum
1566 2629 1671 2669 Justi
1706 2627 1905 2676 Gallardi,
1944 2627 2126 2667 advocati
2163 2627 2398 2667 parisiensis
2444 2629 2456 2673 ’ᾗ

1447 2692 1634 2740 auctario,
1652 2691 1811 2730 Parisiis
1832 2690 1948 2730 4534.
1964 2689 2000 2727 8.
2019 2689 2135 2729 4564.
2154 2687 2270 2729 4578.
2287 2688 2404 2729 4585.
2454 2703 2457 2723 ;

1449 2755 1485 2792 8.
1507 2752 1648 2794 colon.
1677 2752 1794 2792 4604.
1814 2752 1851 2790 8.

1502 2815 1678 2854 Exstant
1708 2825 1868 2865 quoque
1901 2813 2060 2865 Fulgosi
2085 2813 2173 2852 libri
2197 2813 2236 2852 in
2258 2811 2408 2863 sylloge
2450 2823 2459 2855 s

1453 2877 1680 2927 Exemplor.
1702 2876 1819 2915 Basil.
1842 2875 1960 2915 4556.
1995 2875 2057 2914 fol.
2093 2875 2132 2914 in
2156 2884 2237 2925 qua
2261 2876 2296 2914 4.
2321 2871 2407 2913 Nic.
2446 2881 2456 2903 ’-

1453 2937 1936 2987 1>1ANAP1,Patriarchae
1972 2936 2164 2976 Hierosol.
2203 2937 2308 2976 circa
2334 2935 2408 2975 An.

1459 2999 1574 3039 4294.
1615 2999 1800 3050 exempla
1835 2999 2040 3038 Virtutum
2070 3002 2111 3037 et
2147 2998 2340 3037 Vitiorum
2363 3007 2413 3035 ex
2440 2985 2478 3046 *22¹¹

1460 3065 1629 3111 utroque
1653 3061 1939 3110 Testamento„
1954 3070 2055 3111 quas
2075 3059 2206 3099 lucem
2229 3056 2413 3097 viderant
2447 3053 2463 3108 25¹*

1460 3123 1676 3174 separatim
1700 3122 1903 3174 Tubingae
1942 3122 2060 3162 4533.
2088 3119 2266 3162 venetiis
2297 3116 2412 3157 4537,
2452 3116 2454 3123 “
2478 3118 2480 3125 ’

1462 3184 1671 3236 Antwerp.
1694 3183 1950 3235 4541».Lugd.
1975 3183 2090 3224 4544.
2114 3182 2236 3221 forma
2251 3179 2414 3218 minore.
2479 3201 2492 3233 ἃ

1521 3280 1554 3316 a>
1580 3281 1628 3312 ω.
1653 3288 1730 3319 pag.
1753 3280 1827 3312 1105.
2428 3290 2431 3294 ,
2478 3256 2493 3280 ⁴

1520 3330 1555 3367 b)
1581 3333 1648 3362 Jac.
1673 3330 1867 3361 Thomasius
1889 3327 1929 3358 de
1952 3326 2061 3366 plagio
2085 3325 2209 3356 literar.
2236 3324 2264 3362 S.
2287 3322 2360 3356 444.
