2500 3841
842 222 1294 264 AMALARIUS
2013 230 2065 269 75

76 295 243 345 Insuper
264 303 419 340 eorum,
444 303 546 342 quae
572 303 594 330 a
609 291 722 330 Floro
741 292 923 343 Magistro
944 306 1034 345 sug-

73 356 260 406 gillantur
296 353 392 392 nihil
427 353 571 404 legitur
594 354 633 391 in
672 353 767 392 libro
795 355 956 406 vulgato
984 357 1034 396 de

72 417 366 457 Ecclesiasticis
394 416 543 454 officiis.
579 416 640 454 Ex
677 416 823 466 quibus
853 419 1035 458 omnibus

74 490 153 517 non
177 479 373 517 immerito
396 478 486 528 quis
509 478 671 516 inferret
693 477 837 517 librum
870 480 1033 520 officiale

74 545 149 581 etc.
169 540 355 580 Amalarii
375 540 651 591 Lugdunensis
671 540 767 579 nihil
784 540 926 580 habore
942 554 1034 581 cum

75 603 171 642 libro
186 603 235 642 de
250 603 528 642 ecclesiasticis
535 603 673 641 officiis
692 603 924 654 pervulgato
931 615 1036 643 com-

75 677 209 705 mune.

125 727 309 767 Vicissim
324 731 459 767 autem
471 738 615 766 nomen
630 727 808 766 authoris
823 728 1034 779 utriusque

74 789 203 841 operis
217 800 428 829 commune
443 788 768 841 est,Amalarius‚
778 795 948 842 tempus,
957 802 1034 841 quo

73 855 240 903 uterque
262 852 376 903 vixit,
401 851 521 891 idem.
545 853 701 892 Titulus
725 853 811 892 libri
834 854 1035 903 utrimque

73 913 190 954 idem.
234 912 333 954 Nam
377 913 600 954 Amalarius
643 916 832 967 vulgatus
877 915 1036 966 scripsit

72 974 120 1015 de
140 974 431 1015 Ecclesiasticis
465 975 617 1029 officiis,
656 977 723 1027 qui
760 976 902 1016 titulus
930 975 1035 1015 haud

72 1038 188 1078 valde
211 1038 408 1090 discrepat
430 1039 479 1078 ab
495 1037 668 1092 offiiciali
679 1038 863 1077 Amalarii
880 1038 1036 1088 Lugdu-

74 1102 222 1140 nensis.
258 1100 439 1140 Alterum
463 1101 700 1152 opusculum
724 1100 913 1139 Amalarii
948 1100 1036 1138 vul-

68 1165 147 1211 gati
183 1167 246 1203 est
278 1164 335 1202 De
371 1162 507 1202 ordine
542 1160 836 1214 Antiphonarii;
872 1162 1036 1200 alterius

72 1225 258 1265 Amalarii
281 1229 344 1264 est
362 1223 694 1277 antiphonarium.
713 1224 852 1262 Florus
867 1234 1036 1262 censura

72 1291 184 1327 notat
206 1287 302 1327 illud
325 1287 374 1326 de
397 1290 568 1337 quatuor
596 1284 757 1335 jeiuniis
782 1285 830 1324 ab
857 1285 1035 1324 Ecclesia

73 1349 270 1389 institutis
303 1351 444 1387 contra
462 1351 637 1400 quatuor
664 1346 866 1395 humores,
892 1344 1036 1398 quibus

71 1421 214 1463 corpus
225 1414 431 1462 veqetatur
440 1409 666 1449 humanum.
683 1410 819 1449 Simile
835 1409 930 1460 quid
942 1409 1037 1460 legi-

71 1476 137 1512 tur
160 1474 198 1511 in
222 1472 326 1511 edito
349 1472 536 1512 Amalarii
559 1473 624 1511 lib.
649 1472 673 1511 2
696 1483 730 1510 c.
755 1472 779 1510 2
795 1469 964 1510 divitior.
982 1468 1038 1522 of-

72 1533 268 1586 ficiorum.
277 1535 527 1586 Quamquam
542 1546 637 1573 vero
661 1534 823 1584 reliqua,
835 1545 937 1584 quae
952 1533 1039 1572 Flo-

74 1607 144 1636 rus
166 1607 337 1637 censura
359 1600 485 1646 notat,
512 1608 593 1636 non
618 1600 833 1636 occurrunt
866 1597 905 1634 in
933 1595 1037 1636 edito

71 1657 119 1698 de
140 1657 285 1699 divinis
309 1658 464 1714 officiis,
489 1670 566 1698 non
592 1659 678 1699 ideo
702 1663 838 1698 tamen
861 1658 959 1698 haec
988 1659 1036 1698 de

70 1721 343 1773 coniungendo
358 1723 398 1760 in
412 1733 539 1762 unum
554 1726 723 1773 utroque
742 1733 858 1773 opere
879 1724 1038 1760 senten-

71 1784 149 1823 tiae
183 1788 418 1836 repugnant.
462 1785 577 1823 Forte
620 1786 727 1823 enim
767 1783 1036 1823 Ecclesiastici

71 1843 260 1884 Amalarii
301 1845 387 1884 libri
421 1847 564 1897 integri
592 1845 643 1885 ad
672 1857 744 1885 nos
787 1855 1038 1896 nequaquam

74 1911 356 1958 pervenerunt.
373 1908 501 1954 Quam
530 1909 569 1946 in
598 1919 683 1947 rem
707 1907 1037 1947 animadvertisse

66 1966 182 2017 juvat
217 1970 257 2008 P.
288 1969 541 2008 Mabillonum
571 1970 608 2008 in
640 1971 723 2009 suis
751 1970 942 2009 analectis
970 1967 1038 2007 ad-

71 2029 288 2070 ditamenta
308 2031 514 2082 quaedam
535 2033 584 2072 ad
598 2033 717 2071 libros
737 2032 922 2071 Amalarii
940 2043 1037 2070 non-

72 2090 168 2140 dum
195 2092 305 2133 edita
332 2105 355 2133 e
382 2094 489 2134 MSS.
520 2093 641 2134 Codd.
671 2095 895 2146 evulgasse.
925 2094 1036 2133 Sicut

75 2155 193 2206 igitur
235 2156 429 2206 quaedam
458 2157 544 2196 eius
573 2158 702 2208 operis
730 2162 886 2208 reperta
914 2161 1034 2206 sunt,

76 2229 178 2269 quae
207 2218 285 2258 huc
312 2230 440 2270 usque
469 2219 692 2269 latueruut3
722 2220 774 2258 ita
803 2220 949 2270 pariter
977 2230 1037 2257 re-

75 2281 192 2331 periri
215 2285 256 2319 et
274 2282 350 2320 alia
372 2286 561 2333 poterunt
590 2282 720 2321 adhuc
750 2283 893 2332 ignota.
924 2283 1038 2321 Insu-

74 2354 145 2394 per
172 2343 272 2382 duos
301 2345 578 2384 tantummodo
598 2344 785 2384 Amalarii
814 2343 965 2382 libellos
987 2344 1036 2382 ad

77 2416 149 2444 nos
163 2408 422 2445 transmissos
440 2411 598 2446 constat
614 2419 624 2455 ·‚
646 2407 789 2445 tertius
808 2406 1038 2458 quethm-

76 2466 210 2506 bolum
243 2469 479 2520 appellavit,
509 2468 638 2507 adhuc
682 2468 781 2506 forte
824 2467 944 2515 latet,
973 2467 1036 2505 vel

77 2530 217 2579 periit3
246 2534 366 2580 atque
408 2531 448 2568 in
484 2542 530 2569 eo
572 2530 683 2568 facile
710 2530 903 2568 contineri
931 2533 1040 2579 pote-

79 2594 169 2629 rant
195 2601 240 2630 ea
254 2622 265 2639 ,
286 2603 387 2641 quae
406 2592 546 2630 Florus
577 2592 813 2629 criminatus
833 2595 907 2629 est.
927 2590 1039 2629 Haud

78 2653 150 2692 abs
185 2664 227 2691 re
255 2654 378 2691 etiam
421 2654 717 2704 suspicaremur
746 2653 906 2693 Concilii
936 2654 1042 2692 Cari-

80 2715 174 2753 siaci
203 2716 366 2763 Patres,
387 2716 454 2765 qui
478 2713 664 2753 Amalarii
694 2714 970 2764 Lugdunensis
998 2714 1041 2751 li-

80 2776 174 2815 bros
203 2777 498 2828 improbarunt,
524 2776 562 2814 id
583 2777 704 2814 etiam
725 2776 902 2814 effecisse
933 2780 977 2814 ut
996 2786 1042 2814 ea

86 2850 188 2890 quae
216 2840 256 2877 in
285 2839 426 2878 iisdem
454 2839 564 2877 libris
593 2838 897 2889 reprehensione
926 2837 1042 2887 digna

83 2901 312 2952 judicarunt
331 2931 338 2950 ‚
355 2901 582 2940 delerentur
597 2930 605 2948 7
621 2900 685 2938 vol
701 2904 1039 2949 expungerentur3

83 2968 203 3014 atque
231 2966 289 3003 sic
319 2964 481 3003 demum
524 2963 689 3002 correcti
733 2961 819 2999 libri
865 2960 1039 3000 {idolium

83 3026 265 3066 manibus
293 3027 628 3078 permitterentur.
660 3025 764 3064 llaec
794 3024 891 3062 satis
919 3022 968 3060 de
998 3034 1039 3062 re

85 3089 296 3138 praesenti.

136 3149 443 3201 AMALARIUS,
485 3150 742 3199 Amularius,
787 3146 1037 3196 Amelarias,

81 3202 315 3264 Amila'rius,
331 3212 608 3260 Hamularius,
621 3210 890 3257 Amallzarias,
906 3209 1040 3248 Amal-

82 3272 192 3324 Ιιανῐ,
215 3274 237 3298 ³⁶
260 3275 492 3320 Hamalart,
516 3276 827 3326 Chorepiscopus
842 3273 1038 3319 Metcnsis,

136 3341 151 3356 ⁴
174 3343 264 3376 Alius
288 3345 473 3378 Amalhart
486 3345 593 3378 Abbas
608 3343 850 3377 uornbacensis
876 3341 960 3382 apud
978 3343 1040 3375 Ma-

1107 297 1174 347 qui
1194 296 1309 335 Anno
1333 297 1409 337 846
1438 297 1609 338 Concilio
1638 297 1947 350 Aquisgranensi
1977 314 2063 353 pro-

1109 358 1217 397 bavit
1239 356 1388 398 librum
1410 359 1516 398 Vitae
1540 358 1784 400 elericorum
1808 362 1880 411 (al.
1899 364 2065 403 Canoni-

1108 421 1263 470 corum)
1289 422 1480 472 Capitulis
1505 423 1628 461 CXIII
1653 423 1797 473 quibus
1811 425 1885 465 alia
1912 427 2064 466 XXXII

1108 487 1148 520 ct
1170 483 1218 521 de
1243 484 1330 522 Vita
1349 485 1716 523 Sanctimonialium
1741 486 1875 537 Capita
1899 489 2063 528 XXVIII

1108 543 1293 594 adjuncta
1306 545 1515 584 sunt.Vide
1533 547 1570 583 in
1586 548 1704 585 tomis
1722 547 1982 589 Conciliorum
1992 552 2064 590 Re-

1110 606 1170 656 gia
1187 610 1280 645 tom.
1300 608 1406 656 XXI⁷
1424 607 1566 646 Labbei
1578 609 1953 657 tom.VlI,Harduini
1968 617 2062 652 tom.

1108 668 1171 715 VI,
1188 668 1311 708 Coleti
1330 672 1424 706 tom.
1450 669 1517 707 IX.
1538 669 1634 708 Vide
1658 674 1698 707 ct
1718 671 1913 711 Sirmondi
1930 674 2067 714 Conci-

1109 729 1157 767 lia
1177 730 1323 769 Galliae
1343 734 1437 768 tom.
1462 731 1495 768 II
1519 741 1604 781 pag.
1630 732 1705 770 329
1727 733 1867 772 Cointii
1891 734 2066 775 Annales

1108 796 1214 830 tomo
1251 792 1318 831 VII
1347 803 1432 843 pag.
1476 792 1570 842 347,
1601 793 1693 841 3⁴9,
1725 794 1800 832 397
1843 807 1925 847 seq.
1955 797 2065 837 Idem

1108 852 1332 892 Amalarius
1346 852 1420 892 An.
1445 854 1522 893 825
1537 866 1559 893 a
1576 854 1734 905 Synodo
1750 857 1957 896 Parisiensi
1973 860 2066 898 mis-

1110 925 1180 953 sus
1203 913 1497 965 Aquisgranum
1520 916 1570 955 ad
1595 916 1839 956 Ludovicum
1860 920 1970 958 Pium
1987 922 2067 971 syl-

1111 977 1224 1027 logen
1249 978 1567 1017 testimoniorum
1582 990 1631 1017 ex
1649 979 1715 1018 SS.
1733 980 1913 1019 Patribus
1927 981 2067 1020 adver-

1109 1050 1179 1078 sus
1194 1039 1410 1090 imaginum
1425 1041 1579 1080 cultum
1594 1041 1767 1091 pertulit.
1788 1042 1908 1093 Idem⁷
1924 1043 1972 1082 de
1989 1057 2067 1095 quo

1109 1101 1339 1151 Sigebertus
1357 1102 1655 1142 Gemblacensis
1670 1114 1753 1154 cap.
1771 1104 1821 1143 87
1835 1104 2068 1146 Amalarins

1109 1164 1192 1213 (ita
1232 1174 1301 1214 pro
1337 1163 1536 1202 Attalario
1568 1165 1812 1216 legendum)
1852 1167 2069 1208 Monachus

1110 1223 1268 1263 brevem
1303 1225 1478 1265 libellum
1515 1226 1563 1265 de
1600 1228 1896 1268 Ecclesiasticis
1930 1231 2069 1269 officiis

1108 1285 1280 1338 scripsit.
1312 1288 1454 1326 Postea
1485 1287 1663 1328 scribens
1693 1289 1740 1328 de
1781 1290 1917 1330 eadem
1943 1304 1988 1331 re
2016 1291 2071 1330 ad

1107 1347 1351 1387 Ludovicum
1382 1349 1682 1402 Imperatorem,
1702 1352 1889 1392 Ordinem
1913 1359 1953 1393 et
1975 1366 2068 1394 cau-

1109 1421 1175 1448 sas
1210 1411 1580 1451 Ecclesiasticorum
1622 1415 1868 1463 Officiorum‚
1898 1421 2068 1466 quatuor

1109 1472 1217 1510 libris
1235 1471 1399 1523 planius
1422 1472 1598 1525 diqessit:
1623 1478 1662 1512 et
1681 1475 1729 1514 de
1753 1479 1954 1526 mysteriis
1977 1479 2068 1516 Mis-

1111 1545 1178 1573 sae
1202 1532 1350 1573 librum
1371 1546 1505 1574 unum.
1527 1536 1571 1574 ln
1594 1537 1671 1575 MS.
1698 1537 1839 1576 Codice
1867 1539 2068 1578 Ecclesiae

1111 1597 1150 1636 S.
1173 1597 1360 1636 Martialis
1383 1597 1488 1648 apud
1512 1599 1756 1648 Lemovicas⁷
1772 1603 1875 1638 teste
1894 1601 2070 1639 Mabillo-

1112 1660 1174 1697 nio
1198 1663 1293 1698 tom.
1313 1661 1342 1699 I.
1366 1671 1452 1711 pag.
1480 1660 1554 1699 449
1578 1664 1672 1698 tom.
1698 1661 1731 1699 II
1756 1672 1840 1712 pag.
1865 1662 1938 1701 440
1964 1662 2071 1711 (edi-

1111 1723 1230 1760 tionis
1254 1733 1380 1761 novae
1400 1733 1486 1773 pag.
1515 1722 1589 1762 400
1614 1727 1655 1761 et
1679 1723 1779 1773 432)
1804 1723 1901 1763 haec
1929 1725 1968 1761 in
1991 1724 2071 1762 fine

1112 1784 1313 1835 leguntur-j:
1335 1783 1517 1834 Eoeplicit
1529 1783 1629 1822 liber
1644 1785 1870 1835 Symphosii
1884 1785 2071 1824 Amal-arii

1111 1845 1344 1899 Presbyteri
1378 1844 1619 1885 venerabilis
1641 1846 1690 1884 de
1713 1848 1865 1885 DiVinis
1893 1849 2041 1887 Officiis
2058 1878 2068 1896 ,

1110 1920 1223 1960 quem
1238 1908 1348 1948 misit
1364 1907 1418 1946 ad
1430 1907 1673 1947 Ludovicum
1694 1911 1733 1946 et
1747 1908 1977 1947 Lotbarium
1995 1912 2068 1949 Re-

1105 1981 1174 2021 qes
1189 1970 1291 2023 filios
1315 1970 1453 2011 Caroli
1475 1970 1612 2021 Maqni
1639 1971 1922 2021 Imperatoris,
1951 1983 2068 2023 quem

1109 2031 1255 2071 librum
1272 2031 1491 2072 transcribi
1515 2032 1676 2072 curavit
1689 2032 1977 2074 ADEMARUS
1991 2039 2066 2073 ete.

1107 2096 1168 2135 Ex
1185 2096 1248 2134 illo
1264 2095 1404 2135 Codice
1418 2095 1662 2134 Mabillonius
1677 2096 1999 2146 supplementum
2016 2097 2067 2135 ³³1.

1108 2158 1158 2197 IV
1181 2168 1213 2196 c,
1241 2158 1289 2195 48
1312 2157 1527 2208 publicavit
1545 2155 1591 2194 cle
1613 2155 1764 2207 Requla
1788 2158 1827 2195 S.
1858 2157 2067 2206 Benedicti,

1102 2219 1318 2271 praecipui
1351 2218 1532 2268 Abbatis,
1567 2220 1616 2258 ad
1657 2219 1762 2269 quod
1787 2219 2069 2259 illustrandum

1107 2283 1278 2333 pertinet
1300 2283 1419 2321 etiam
1443 2282 1651 2321 Mabillonii
1675 2283 1910 2320 Dissertatio
1926 2282 1974 2320 de
1993 2284 2073 2321 Mo-

1110 2346 1260 2384 nastica
1283 2346 1367 2384 vita
1389 2345 1564 2395 Gregorii
1578 2345 1625 2382 M.
1650 2348 1756 2381 tomo
1775 2344 1808 2382 II
1833 2355 1918 2394 pag.
1940 2346 2014 2384 lli-‘³'
2031 2350 2072 2382 et

1109 2405 1290 2444 editionis
1314 2417 1438 2444 novae
1462 2417 1547 2456 pag.
1574 2405 1661 2443 499.
1687 2404 1872 2443 Amalarii
1900 2404 2069 2455 Ecloqae

1110 2467 1157 2506 de
1178 2467 1310 2521 Officio
1330 2467 1476 2507 Missae
1514 2469 1550 2505 in
1589 2467 1741 2506 Baluzii
1779 2467 2071 2517 Capitularibus

1110 2531 1262 2580 Regum
1290 2531 1531 2568 Francorum
1569 2533 1662 2567 tom.
1701 2530 1734 2567 II
1759 2540 1844 2579 pag.
1872 2528 1972 2576 432,
2003 2529 2069 2577 qui

1112 2591 1231 2629 etiam
1246 2590 1444 2640 Anonymi
1459 2590 1759 2642 Responsionem
1778 2589 1824 2627 (le
1845 2590 2018 2640 Corpore
2035 2593 2073 2627 et

1114 2651 1313 2703 Sanyuine
1329 2652 1523 2691 DOMINI
1541 2664 1563 2690 a
1583 2652 1770 2690 Dacherio
1786 2656 1878 2689 tom.
1896 2652 1968 2689 XII
1985 2663 2070 2702 pag.

1114 2715 1162 2751 39
1186 2718 1226 2751 ct
1249 2713 1430 2751 editionis
1454 2725 1578 2751 novae
1602 2717 1694 2750 toni.
1721 2714 1735 2750 I
1759 2724 1853 2762 pag.-
1884 2713 1957 2750 449
1988 2713 2069 2750 edi-

1117 2781 1210 2822 tam,
1227 2773 1410 2812 Amal-arii
1422 2773 1541 2823 hujus
1556 2785 1644 2811 esse
1660 2774 1874 2811 annotavit.
1892 2775 2071 2822 Quatuor

1114 2835 1209 2875 libri
1228 2835 1273 2874 (le
1297 2834 1584 2874 Ecclesiastieis
1624 2834 1785 2887 Officiis,
1816 2847 1915 2885 quos
1944 2838 2068 2875 Hono-

1113 2901 1194 2937 rius
1211 2898 1304 2944 1v‚3
1326 2897 1373 2935 de
1390 2897 1650 2948 Scriptoribus
1674 2897 2069 2950 EcclesiasticisAEpi-

1115 2971 1230 3011 scopo
1263 2960 1428 2998 Mctcnsi
1473 2959 1618 2997 diserte
1653 2959 1804 2998 tribuit.
1843 2960 2070 3010 prodierunt

1112 3033 1300 3061 unacum
1325 3020 1504 3071 ejusdcm
1529 3020 1624 3059 libro
1653 3020 1699 3059 (le
1722 3020 1856 3060 ordine
1885 3021 2070 3073 Antipho-

1105 3144 1281 3176 billonium
1316 3148 1396 3175 tom.
1421 3145 1461 3174 lv
1486 3144 1632 3176 Analect.
1658 3152 1733 3184 pag.
1768 3143 1830 3176 645
1853 3148 1885 3175 et
1909 3144 2065 3177 editionis

1112 3201 1216 3224 novae
1241 3200 1315 3232 pag.
1342 3192 1417 3225 426.

1167 3242 1196 3255 ⁰
1220 3242 1302 3273 illud
1324 3243 1610 3282 supplementum,
1627 3245 1713 3275 sicut
1730 3248 1763 3275 ct
1785 3248 1885 3283 caput
1906 3244 1946 3276 46
1969 3249 2001 3276 et
2031 3245 2074 3276 47

1108 3292 1181 3324 libri
1209 3294 1247 3322 lv
1272 3293 1305 3324 in
1338 3301 1397 3326 suo
1434 3292 1552 3325 Codice
1592 3301 1658 3325 non
1696 3293 1773 3334 legit
1811 3297 1970 3329 Bostonus
2004 3299 2071 3330 Bu-

1113 3350 1247 3376 rnensns.
