2500 3841
873 219 1222 260 CAROLUS
1268 223 1320 262 M.

102 296 183 342 ret,
209 302 276 329 nec
299 289 380 329 ‘nisi
400 287 596 329 submisse
616 292 655 327 et
683 289 720 327 in
744 299 946 330 commune
970 303 1063 330 can-

102 356 218 393 taret.
238 353 290 393 Et
310 363 394 404 cap.
413 352 475 391 29.
495 351 589 390 Post
605 355 833 404 susceptum
853 353 1059 404 imperiale

97 427 237 454 nomen
274 425 364 454 cum
397 413 628 452 adverteret
658 413 783 452 multa
820 414 969 466 leyibus
990 427 1061 466 po-

2019 235 2094 274 312¹

1135 294 1310 332 auctiore
1335 292 1508 333 editione
1533 295 1638 335 1603
1657 301 1779 349 atque
1803 297 1949 339 iterum
1973 253 2107 354 1620),

1136 355 1264 403 1610,
1290 356 1326 394 8.
1365 357 1407 395 In
1435 357 1680 398 praefatione
1717 364 1920 402 testantur
1949 365 2102 405 Pithoei

1133 417 1275 455 fratres
1300 418 1438 456 eadem
1465 419 1562 458 haec
1591 421 1776 472 Capitula
1800 427 1893 463 ante
1931 427 2000 464 XL
2035 438 2105 466 an-

90 475 181 528 puli
201 476 270 516 sui
295 475 428 515 deesse
465 478 576 525 (nam
600 476 752 514 Franci
777 475 879 515 duas
915 476 1061 516 liabent
1132 489 1203 516 nos
1227 478 1345 518 edere
1370 481 1593 520 instituisse
1616 483 1834 523 Iohannem
1859 485 2018 537 Tilium,
2044 491 2105 529 vi-

90 539 215 589 leges,
233 537 424 590 plurimis
444 537 485 576 in
509 537 603 576 locis
622 537 738 576 valde
761 537 969 588 diversas)
995 551 1058 577 co-

86 599 228 651 yitavil
247 612 349 652 quae
364 599 531 639 deerant
541 599 706 648 addere,
729 604 767 638 et
782 600 1056 653 discrepantia

93 661 228 711 unire,
247 673 386 713 prava
415 674 568 714 quoque
587 674 634 700 ac
650 674 867 714 perperam
892 662 1055 714 prolata

86 723 301 775 corriyere.
319 723 399 764 Sed
413 724 453 762 in
467 724 517 762 iis
535 724 635 762 nihil
647 724 761 762 alizid
771 723 822 762 ab
843 736 884 763 eo
903 724 1054 777 factum

86 788 163 833 est,
189 796 309 837 quam
325 785 431 837 quod
444 797 569 837 pauca
586 787 759 837 capitula
782 790 819 824 et
840 798 886 825 ea
910 787 1056 838 imper-

83 843 190 897 fecta
212 845 364 898 leqibus
381 847 546 886 addidit.
574 848 758 887 Omnium
781 853 911 887 tamen
928 852 1054 888 natio-

86 919 182 947 num
226 921 328 959 quae
366 911 441 949 sub
478 909 565 960 ejus
600 910 748 949 ditione
782 916 920 959 erant,
959 910 1050 961 jura

84 980 189 1020 quae
208 970 362 1023 scripta
381 983 458 1010 non
473 975 608 1020 erant,
623 971 867 1021 describere,
885 985 933 1011 ac
950 972 1049 1011 litte-

82 1030 142 1069 ris
164 1032 356 1071 mandari
370 1032 474 1086 fecit.
494 1034 589 1072 Item
605 1034 769 1073 barbara
790 1039 830 1073 et
853 1036 1048 1085 antiquis-

79 1094 181 1133 sima
204 1097 395 1142 carmina,
415 1095 561 1147 quibus
575 1101 759 1134 veterum
776 1108 915 1146 regum
932 1100 1047 1135 actus

77 1160 120 1193 et·
141 1156 245 1195 bella
267 1156 534 1207 canebantur,
551 1158 728 1210 scripsit,
752 1157 1045 1210 memoriaeque

75 1218 292 1258 mandavit.
327 1220 535 1259 Inchoavit
556 1224 595 1258 et
615 1221 928 1258 Grammaticam
972 1232 1040 1270 pa-

75 1283 138 1319 trii
149 1283 359 1320 sermonis.
375 1283 577 1321 Mensibus
594 1282 712 1320 etiam
718 1281 850 1333 juncta
859 1282 1042 1332 patriam

75 1341 253 1393 linquam
269 1343 428 1382 nomina
444 1343 645 1395 imposuit,
670 1355 758 1382 cum
782 1347 873 1382 ante
891 1343 931 1381 id
948 1347 1044 1389 tem-

68 1415 149 1456 pus
167 1404 277 1457 apud
293 1406 474 1444 Francos
502 1405 658 1456 partim
685 1405 864 1456 Latinis,
891 1406 1042 1456 partim

72 1465 274 1505 Barbaris
319 1466 544 1506 nominibus
582 1466 897 1519 appellarentur.
941 1469 1041 1507 Item

73 1533 219 1567 ventos
241 1528 445 1567 duodecim
481 1528 706 1568 nominibus
730 1529 914 1582 propriis
946 1529 1042 1569 insi-

71 1589 202 1641 gmivit
217 1594 294 1629 etc.

299 1653 331 1691 I.
354 1652 516 1704 Scripta
541 1651 817 1693 CAROLINA.

125 1715 253 1755 Caroli
277 1716 325 1754 M.
353 1714 660 1754 Constitutiones
683 1715 930 1768 praecipuae
959 1721 1040 1756 tam

72 1774 395 1825 Ecclesiasticae,
420 1788 540 1827 quam
573 1775 760 1816 Politicae
793 1780 815 1817 a
851 1779 1039 1818 LOTHA-

68 1838 156 1877 RIO
192 1837 280 1888 ejus
303 1843 446 1888 nepote
470 1839 508 1875 in
539 1840 739 1888 epitomen
778 1839 962 1878 redactae
995 1845 1036 1879 et

70 1911 121 1939 ex
139 1901 248 1939 MSto
271 1899 415 1939 Codice
432 1899 620 1938 Coenobii
637 1900 979 1950 Teghernseensis
996 1903 1034 1940 in

70 1963 254 2010 Bavaria,
278 1962 489 2012 evulgatae
510 1961 729 2011 Caroloque
745 1962 891 2007 Quinto
912 1964 1042 2015 Impe-

74 2024 193 2061 ratori
217 2028 258 2061 et
279 2022 528 2061 Ferdinando
552 2023 712 2061 Caesari
745 2025 959 2074 inscriptae
996 2036 1041 2064 ac

74 2085 178 2122 notis
210 2084 432 2123 illustratae
456 2094 479 2122 a
506 2083 587 2122 Vito
609 2082 886 2123 Amerbackia
912 2087 1042 2137 Ingol-

73 2145 190 2185 stadii
209 2146 328 2196 4545,
353 2146 389 2184 8.
414 2149 455 2184 et
474 2156 566 2184 cum
590 2144 772 2196 ejusdem
785 2146 1040 2187 Amerbachii

70 2209 199 2257 notis,
235 2208 284 2247 ad
326 2208 478 2247 calcem
514 2208 787 2259 Epistolarum
827 2209 1041 2250 Hincmari

69 2269 330 2317 Rhemensis‚
353 2270 501 2321 quibus
521 2268 719 2321 Theodulfi
733 2270 865 2310 Aurel.
882 2273 1040 2323 Episto-

71 2332 151 2370 lam
174 2331 223 2371 ad
244 2332 506 2382 Presbyteros
525 2332 735 2383 parochiae
757 2332 892 2373 Aurel.
915 2339 956 2373 et
979 2335 1041 2374 Vi-

73 2396 156 2432 tam
178 2395 218 2434 S.
248 2392 475 2445 Viqberchti
494 2393 660 2433 Abbatis
700 2396 1014 2435 Friteslariensis
1029 2427 1039 2445 ‚

73 2459 114 2493 et
136 2456 177 2495 S.
197 2455 481 2507 Hildeyardem
511 2456 768 2495 Abbatissam
805 2457 854 2496 de
888 2459 972 2497 vita
995 2460 1037 2497 B.

73 2518 232 2556 Roberti
255 2518 506 2556 Confessoris
529 2529 551 2556 e
581 2518 857 2569 Lotharingiae
893 2521 1042 2560 Princi-

70 2579 187 2629 pibus
211 2578 388 2627 oriundi‚
408 2582 449 2616 et
472 2579 675 2628 quandam
698 2580 937 2629 Bingionum
959 2582 1038 2621 Du-

72 2642 131 2679 cis
158 2639 308 2678 addidit
347 2640 519 2677 Joannes
542 2640 738 2689 Busaeus,
771 2642 1038 2693 Noviomagus

73 2703 159 2741 Soc.
183 2703 264 2740 Jes.
287 2702 510 2752 Moguntiae
536 2702 658 2749 1602,
685 2703 719 2740 ζι.

125 2764 254 2803 Caroli
275 2765 322 2802 M.
348 2767 388 2801 et
418 2762 604 2801 Ludovici
635 2764 687 2801 Pii
722 2764 925 2815 Capitula,
952 2768 1038 2807 sive

75 2826 200 2876 Leges
223 2825 527 2863 Ecclesiasticae
551 2828 591 2861 et
615 2825 764 2864 Civiles
803 2827 851 2864 ab
889 2827 1040 2867 ANSE-

74 2887 192 2927 GISO
211 2887 244 2935 a)
270 2885 422 2924 Abbatc
447 2891 486 2924 ct
506 2887 793 2926 BENEDICTO
809 2889 943 2927 Levita
964 2892 1040 2929 col-

82 2949 208 2988 lectae
229 2949 338 2987 libris
358 2949 439 2987 Vll.
462 2947 627 2997 adjectis
651 2950 769 2986 ctiam
794 2950 880 2987 aliis
903 2963 1046 2990 corun-

76 3010 168 3049 dem
206 3011 359 3061 Regum
397 3015 438 3048 et
472 3010 598 3049 Caroli
639 3011 749 3049 Calvi
775 3012 968 3061 Capitulis
991 3026 1040 3052 cx

73 3071 317 3112 Bibliotheca
340 3071 574 3122 Pitlioeana,
596 3074 755 3111 Parisiis
780 3074 897 3122 1588,
924 3076 960 3112 8.
992 3087 1042 3114 ex

136 3232 169 3269 a)
189 3234 235 3264 De
261 3232 325 3265 hoc
348 3242 447 3274 supra
471 3242 547 3274 pag.
563 3233 635 3264 294.
660 3235 762 3273 lluJ'us
785 3237 928 3272 quatuor
944 3233 1046 3267 libros

73 3283 214 3317 Parisiis
236 3282 316 3313 1550
341 3285 518 3323 impressos
553 3283 666 3314 laudat
695 3284 826 3314 Flacius
862 3292 936 3322 pag.
975 3284 1046 3316 1:20.

73 3330 225 3370 catalogi
247 3333 384 3368 testium
408 3335 587 3372 veritatis,
614 3335 725 3369 excusi
750 3336 789 3367 Α.
813 3331 915 3375 1556,
937 3333 968 3368 8.

1135 550 1228 577 rum
1256 552 1398 591 mayno
1435 541 1589 591 judicio
1621 545 1854 595 praeditum
1885 560 1933 586 ac
1960 561 2101 590 rerum

1138 602 1435 640 Francicarum
1458 603 1779 657 scientissimum,
1806 610 1873 648 sed
1900 615 1991 662 post
2010 612 2100 662 ejus

1129 663 1281 702 obitum
1307 675 1433 715 pauca
1457 669 1617 705 tantum
1645 669 1732 708 folia
1758 671 1796 708 in
1821 673 1988 712 aliorum
2014 686 2099 714 ma-

1130 737 1206 764 nus
1228 726 1457 775 devenisse,
1477 728 1623 777 quibus
1643 735 1683 768 et
1698 732 2034 781 prudentissimos
2050 748 2097 775 ac

1128 786 1453 837 diligentissimos
1487 791 1620 837 viros,
1641 794 1709 841 qui
1742 794 1888 833 Romae
1917 797 2095 837 Gratiani

1126 848 1350 886 collectioni
1376 852 1720 900 recognoscendae
1745 858 2097 910 recensendaeque

1123 910 1397 959 praefuerunt,
1420 912 1590 950 libenter
1614 925 1710 953 usos
1732 919 1967 956 constiterit.
1989 921 2095 960 Libri

1121 971 1175 1009 illi
1209 977 1365 1022 septem
1393 984 1443 1011 ex
1481 974 1697 1015 Pithoeana
1736 977 1908 1017 editione
1934 982 2091 1030 repetiti

1121 1032 1159 1069 in
1187 1032 1388 1072 Friderici
1407 1034 1663 1087 Lindebroqii
1683 1039 1826 1078 Codice
1846 1041 1996 1092 Legum
2022 1053 2093 1080 an-

1119 1094 1348 1145 tiquarum,
1372 1097 1621 1136 Francofurti
1648 1101 1771 1149 1613,
1797 1102 1862 1140 fol.

1172 1157 1855 1207 LocupletissimaConstitutionum
1872 1165 2089 1205 CaroliMa-

1117 1218 1182 1267 gni
1207 1219 1386 1258 collectio
1411 1221 1565 1271 digesta
1589 1227 1712 1274 atque
1738 1225 1936 1265 illustrata
1959 1239 1981 1266 a
2005 1229 2089 1268 Ste-

1109 1278 1243 1330 phano
1251 1281 1417 1320 Baluzio
1436 1284 1474 1322 in
1486 1284 1784 1335 Capitularibus
1798 1289 1951 1339 Regum
1967 1291 2089 1328 Fran-

1118 1351 1277 1391 corum,
1303 1345 1462 1383 Parisiis
1488 1346 1590 1384 1677
1615 1347 1678 1385 fol.
1696 1348 1761 1387 ubi
1782 1348 1967 1400 Ansegisi
1989 1363 2088 1401 quo-

1116 1415 1195 1453 que
1219 1408 1314 1443 tom.
1339 1407 1354 1444 I
1376 1418 1463 1458 pag.
1504 1408 1593 1446 697.
1629 1409 1739 1455 Quae
1763 1412 1919 1462 singula
1950 1413 1988 1450 in
2019 1413 2086 1451 illo

1113 1476 1231 1515 opere
1254 1472 1460 1516 praeterea
1484 1470 1772 1520 exhibeantur,
1797 1484 1843 1510 ea
1863 1473 1999 1511 ordine
2015 1485 2087 1512 ex-

1113 1529 1241 1577 posita
1269 1534 1365 1567 sunt
1389 1534 1485 1568 tom.
1511 1533 1567 1570 XI
1605 1533 1872 1572 Bibliothecae
1908 1535 2084 1574 Graecae

1114 1600 1201 1640 pag.
1227 1591 1277 1628 86
1301 1595 1341 1630 et
1366 1603 1453 1643 pag.
1481 1594 1556 1631 493
1593 1605 1704 1644 seqq.
1738 1594 1984 1635 Uberrimam
2015 1609 2085 1637 au-

1118 1655 1199 1689 tem
1224 1659 1453 1692 accuratam
1480 1656 1662 1694 notitiam
1686 1657 2086 1709 Diplomatum,Con-

1113 1714 1675 1766 stitutionum‚Conciliorum,
1694 1718 1974 1769 Donationum,
1991 1723 2085 1773 Epi-

1113 1776 1325 1826 stolarum,
1362 1778 1594 1818 chartarum
1633 1785 1673 1819 et
1712 1782 2054 1823 Boc-umentorum
2073 1815 2082 1833 ,

1117 1837 1167 1876 ad
1191 1838 1395 1878 historiam
1422 1841 1550 1880 Caroli
1589 1844 1636 1881 M.
1675 1843 1906 1883 facientium
1945 1846 2085 1885 ordine

1113 1899 1312 1951 descripta
1333 1904 1546 1953 temporis,
1571 1903 1620 1942 ab
1654 1905 1772 1943 Anno
1809 1905 1886 1943 769
1926 1907 1973 1944 ad
2004 1908 2083 1947 814

1115 1961 1299 2001 indicatis
1323 1969 1532 2004 auctorum
1556 1965 1668 2014 locis,
1694 1965 1761 2004 ubi
1786 1967 1943 2017 singula
1969 1978 2084 2019 repe-

1114 2024 1286 2073 riantur,
1311 2027 1451 2064 Lector
1487 2028 1658 2077 reperiet
1695 2027 1745 2066 ad
1781 2028 1932 2066 calcem
1968 2029 2084 2070 Tomi

1114 2086 1279 2125 secundi
1296 2087 1483 2127 historiae
1497 2089 1654 2140 Imperii
1672 2089 1897 2128 Germanici
1913 2090 2078 2129 Germa-

1112 2142 1373 2200 nicorumque
1386 2151 1697 2201 Imperatorum,
1716 2162 1838 2201 quam
1858 2153 1983 2202 patria
2000 2151 2075 2190 lin-

1112 2222 1203 2261 gua,
1229 2216 1421 2263 apparatu
1445 2212 1603 2252 delectu
1624 2218 1664 2252 et
1688 2213 1885 2252 industria
1909 2213 2080 2253 incredi-

1111 2273 1178 2312 bili
1212 2275 1468 2313 concinnavit
1500 2277 1563 2313 vir
1597 2276 1766 2315 illustris
1794 2274 1994 2314 Henricus
2030 2275 2079 2314 de

1114 2335 1275 2386 Biinau,
1298 2337 1405 2388 Lips.
1432 2336 1561 2386 1732,
1588 2338 1609 2375 4
1634 2349 1722 2389 pag.
1748 2336 1939 2376 873-930.

1168 2398 1296 2436 Caroli
1319 2399 1368 2437 M.
1390 2399 1570 2450 Epistola
1588 2428 1596 2445 ,
1620 2411 1699 2449 qua
1717 2398 1828 2449 Offae
1843 2400 2080 2438 Merciorum

1111 2461 1206 2511 Regi
1230 2461 1354 2498 mittit
1372 2460 1533 2499 decreta
1557 2461 1707 2511 Synodi
1723 2462 1917 2500 Nicaenae
1933 2471 2078 2499 secun-

1112 2521 1204 2568 dae,
1229 2521 1333 2571 apud
1358 2522 1670 2572 Speelmannum
1694 2526 1802 2560 tomo
1827 2523 1955 2572 primo
1977 2520 2081 2560 Con-

1110 2584 1171 2622 cil.
1193 2584 1393 2621 Britannis
1417 2594 1503 2633 pag.
1531 2583 1607 2622 305
1632 2594 1718 2634 seq.

1164 2644 1341 2695 Epistola
1370 2642 1425 2681 ad
1446 2643 1686 2695 Elipandum
1709 2646 1747 2682 et
1771 2646 1948 2681 caeteros
1982 2641 2079 2694 Epi-

1111 2716 1247 2756 scopos
1265 2704 1502 2756 Hispaniae,
1529 2705 1684 2754 aliaque
1709 2706 1746 2741 in
1762 2703 2082 2742 FRANCOFOR-

1112 2768 1281 2806 Dii-:Nsl
1306 2765 1466 2815 Synodo
1490 2765 1562 2803 An.
1589 2765 1665 2803 794
1705 2766 1742 2802 in
1783 2766 1901 2802 tomis
1939 2765 2080 2804 Conci-

1114 2827 1436 2878 liorum,etapud
1454 2826 1729 2875 sirmondum,
1746 2827 1811 2876 qui
1828 2826 1941 2876 plura
1957 2827 2078 2863 etiam

1115 2891 1292 2936 exhibet,
1319 2891 1356 2927 in
1381 2890 1568 2928 Conciliis
1592 2889 1739 2927 Galliae
1764 2893 1858 2926 tom.
1876 2889 1908 2926 ll
1932 2899 1966 2938 p.
1990 2888 2079 2933 161,

1117 2954 1192 2993 492
1207 2963 1316 3001 seqq.
1335 2956 1375 2989 et
1396 2952 1623 3001 Agvirrium
1639 2951 1788 2989 Concil.
1806 2951 1965 2999 Hispan.
1983 2953 2078 2986 tom.

1116 3016 1167 3052 Ill
1194 3025 1278 3064 pag.
1306 3013 1380 3052 110
1405 3017 1478 3051 etc.
1504 3024 1578 3051 nec
1601 3024 1680 3051 non
1724 3014 1762 3050 in
1800 3011 1976 3049 Goldasti
2004 3011 2081 3048 lm-

1115 3075 1329 3126 pcrialibus
1371 3074 1542 3111 decretis
1585 3074 1633 3112 do
1675 3075 1786 3113 cultu
1829 3074 2078 3123 Imaginum,

1119 3137 1365 3175 Francosurti
1393 3136 1514 3182 1608,
1536 3137 1559 3173 8
1584 3148 1671 3187 pag.
1697 3137 1759 3174 61.

1171 3198 1394 3247 Capitulare
1419 3197 1467 3235 de
1490 3196 1734 3248 Imayinibus
1756 3208 1832 3234 non
1853 3194 2080 3245 frangendis

1116 3271 1189 3298 nec
1213 3259 1446 3305 adorandis,
1484 3259 1553 3297 scd
1591 3261 1812 3297 ornamenti
1847 3263 1887 3295 ot
1928 3267 2079 3295 memo-

1115 3323 1194 3360 riae
1218 3332 1335 3362 causa
1361 3320 1572 3371 habendis,
1597 3322 1636 3359 in
1667 3319 1807 3363 eadem
1843 3317 2080 3362 Francofur-
