2500 4009
381 184 434 224 88

382 268 404 295 a
424 257 575 295 Joanne
604 258 769 296 ilenrico
799 256 1027 305 Ilottingcro
1055 260 1148 293 tom.
1169 256 1263 295 XV.
1288 257 1353 295 lli-

382 324 476 357 stor.
494 320 722 358 Ecclesiast.
741 329 825 368 pag.
839 317 1035 355 355-605.
1053 318 1186 368 Tiguri
1199 319 1213 357 4
1225 319 1301 357 654
1312 319 1347 356 8.

434 383 454 401 ³¹⁵
478 382 571 419 Mire
597 380 657 417 liic
681 379 920 417 allucinatur
936 378 1156 427 Fabricius,
1175 391 1248 418 nec
1263 391 1349 418 ccr-

379 443 477 479 tiora
501 441 617 479 tradit
639 439 687 476 de
709 440 794 476 cius
818 439 1070 490 Episcopatu.
1094 440 1156 479 En
1182 440 1278 491 quid
1297 441 1345 480 dc

379 502 451 540 hoc
477 501 635 540 Andre-a
662 500 799 537 scribit
836 501 1122 551 sigismundus
1146 502 1344 552 Fulginas,

376 572 548 601 coaevus
572 562 739 612 scriptor
763 562 800 599 in
836 563 1005 601 Historia
1039 562 1168 602 adhuc
1198 563 1345 603 inedita

375 635 538 663 suorum
563 627 811 673 temporum,
836 628 971 662 narrat
991 625 1096 663 enim
1114 625 1343 664 Pontificem

375 686 526 723 Sistum
549 685 598 723 lv
622 684 738 723 avide
754 684 1004 735 propositam
1020 696 1110 723 cum
1128 685 1345 725 Ferdinan-

372 746 420 784 clo
440 744 696 797 Neapolitano
712 748 812 797 Reqe
823 758 987 798 parcem
1009 747 1233 799 arripuisse
1255 759 1343 787 con-

373 808 457 846 cilii
477 812 515 846 et
536 807 763 848 schismatis
789 812 894 846 metu
916 807 1022 859 quod
1040 808 1224 848 Andreas
1243 809 1341 849 Dal-

369 874 480 908 mata
502 869 832 922 Arclziepiscopus
853 869 1090 921 Cyaincnsis
1110 871 1227 920 (forte
1247 874 1342 912 titu-

371 933 464 971 laris
487 933 631 973 Cianac
655 935 691 970 in
717 932 853 983 Epiro)
878 931 989 983 apud
1022 931 1224 972 Basileam
1252 945 1342 972 con-

369 1006 515 1033 vocare
535 998 724 1047 coeperat.
740 995 779 1033 Is
789 992 1013 1032 Florentino
1030 992 1127 1033 bello
1141 999 1340 1035 oratorem

371 1056 562 1096 Caesaris
585 1054 695 1107 aptat
718 1055 940 1106 Pontificem
960 1060 1107 1107 eqerat,
1136 1056 1188 1095 ab
1219 1069 1339 1110 eoque

366 1118 571 1170 maqnificcv
586 1117 773 1166 {lanatus7
792 1120 829 1155 et
845 1116 1042 1156 inhonore
1062 1117 1222 1158 habitus
1236 1123 1339 1167 erat‚·

368 1178 415 1217 ob
445 1178 758 1218 maleilicentiam
791 1182 881 1230 post
913 1178 1070 1218 modum
1112 1180 1152 1218 in
1192 1180 1337 1220 Arcem

365 1241 540 1279 Adriani
557 1241 754 1280 coniectus
776 1240 925 1293 suerat.
948 1242 1052 1280 Tunc
1065 1254 1159 1282 vero
1180 1243 1335 1293 maqnis

366 1302 615 1342 (lentulorum
646 1303 844 1354 Pontificis
874 1307 1063 1342 oneratas
1099 1303 1332 1355 promissis,

366 1370 403 1403 et
423 1363 470 1402 ob
494 1377 698 1404 carcerem
720 1365 904 1416 Pontifici
925 1365 1004 1417 ipsi
1039 1365 1236 1418 infensus;
1264 1367 1336 1418 qui

364 1427 482 1466 etiam
508 1426 732 1467 levissimus
755 1427 864 1466 homo
889 1431 1007 1476 esset,
1029 1431 1065 1466 et
1092 1428 1192 1467 nihil
1216 1429 1335 1480 pensi

362 1488 508 1528 habere
528 1488 685 1537 solitus,
704 1489 855 1540 pileum
883 1489 967 1528 sine
1001 1489 1156 1529 decreto
1175 1492 1214 1530 S.
1243 1490 1332 1531 Col·

363 1550 456 1601 leqii
471 1563 519 1590 ac
541 1551 741 1602 Pontificis
761 1555 920 1603 (sestam
950 1552 1088 1603 coepit,
1114 1564 1156 1592 sc
1188 1552 1331 1592 Cardi-

362 1612 493 1651 nalem
516 1615 556 1653 S.
581 1615 625 1653 R.
650 1614 697 1652 E.
717 1614 772 1652 tit.
798 1616 837 1653 S.
861 1614 974 1653 Sioeti
992 1614 1187 1653 mentitus.
1214 1615 1328 1663 Nam,

362 1679 408 1713 ut
434 1680 524 1714 crat
563 1675 695 1715 Sistits
728 1676 767 1714 in
790 1676 1052 1727 promittendo
1085 1675 1327 1728 facillimus,

359 1748 428 1788 spe
475 1736 762 1777 Cardinalatus
786 1749 875 1776 eum
897 1737 1070 1789 fortasse
1096 1736 1327 1777 lactaverat.

363 1798 531 1837 Probris
553 1798 690 1838 deinde
710 1803 747 1838 et
767 1798 1002 1838 criminibus
1033 1799 1073 1837 in
1110 1799 1240 1850 ipsum
1269 1799 1332 1839 Si-

359 1864 479 1898 oetum
492 1860 679 1911 jactatis,
704 1860 909 1912 principes
939 1864 977 1899 et
1014 1860 1244 1911 praesules,
1277 1860 1331 1899 ad

359 1921 580 1969 concilium,
600 1921 730 1973 inquo
755 1921 908 1961 labanti
920 1921 1122 1962 Ecclesiae
1142 1923 1335 1961 succurri

355 1987 501 2035 posset,
512 1983 677 2023 vocabat
691 1988 727 2022 et
744 1983 948 2023 invitabat.
970 1985 1048 2024 Nec
1069 1984 1328 2034 Basileenscs,

359 2046 468 2097 apud
489 2057 587 2096 quos
609 2046 1078 2097 constiterat,compendii
1098 2059 1164 2098 spe
1186 2047 1229 2085 iel
1250 2059 1331 2085 mo-

358 2107 449 2146 leste
472 2106 664 2158 serebant.
693 2108 847 2147 Caesar
876 2107 995 2145 etiam
1034 2107 1114 2159 ipse
1151 2108 1330 2148 connive-

359 2167 443 2217 bat,
469 2168 659 2216 hominis,
690 2169 822 2215 credo,
845 2168 1042 2207 levitatem
1066 2173 1327 2209 contemnens.

359 2230 408 2267 El
442 2242 469 2267 a
502 2229 700 2281 principio
736 2230 893 2281 quidem
921 2231 1074 2270 animos
1114 2232 1328 2270 multorum

357 2292 500 2330 crea-it.
543 2291 731 2331 Caesaris
763 2292 900 2330 (lein‘le
937 2294 1152 2332 animitate
1183 2298 1220 2332 et
1243 2294 1328 2345 pie-

358 2358 461 2403 tate,
494 2352 724 2405 crebrisque
755 2354 953 2405 Pontificis
983 2355 1108 2394 literis
1153 2356 1327 2395 nuttciis-

359 2428 433 2466 que
474 2427 710 2467 repressus;
744 2428 842 2467 pace
876 2420 1076 2467 postremo
1116 2417 1226 2470 facta
1247 2448 1256 2466 ,
1299 2431 1326 2457 a

360 2476 611 2515 Fcrdinando
634 2509 642 2524 ,
684 2481 721 2515 et
757 2477 922 2517 coeteris
967 2477 1326 2529 inllammatoribus

359 2538 586 2588 destitutus,
629 2538 731 2578 diem
778 2539 817 2577 in
863 2552 1026 2579 carcere
1068 2540 1174 2579 obiit.
1223 2544 1325 2581 llaec

360 2602 535 2651 Scriptor
560 2601 733 2639 ineditus
758 2602 794 2638 in
819 2601 954 2639 codice
984 2603 1211 2651 Feliniano,
1241 2605 1328 2654 qui—

362 2664 434 2701 bus
460 2663 562 2701 idem
589 2663 749 2701 Felinus
774 2663 871 2702 haec
892 2664 1001 2702 addit
1021 2676 1093 2703 sua
1115 2676 1236 2703 manu
1261 2665 1328 2703 dc—

359 2726 506 2775 scripta
523 2725 559 2763 in
577 2728 754 2763 extrema
773 2726 947 2775 pagellae
958 2737 1036 2764 ora.
1056 2726 1128 2764 llic
1142 2725 1326 2766 Andreas

358 2786 436 2836 suit
460 2786 527 2824 Fr.
551 2786 712 2825 Ordinis
734 2787 1083 2833 I’racclicatorum,
1099 2788 1211 2827 homo
1226 2789 1325 2828 satis

361 2848 557 2895 literatus,
581 2848 738 2899 linquae
766 2849 1054 2900 omnipotentis,
1073 2851 1220 2901 inqeniz‘
1237 2862 1326 2889 con-

360 2910 472 2948 citati
492 2914 529 2948 et
548 2910 796 2961 iniquissimi.
824 2912 928 2949 Dum
957 2916 1057 2951 esset
1081 2914 1225 2951 Romae
1256 2912 1326 2950 im-

355 2972 523 3021 perialis
563 2975 719 3022 orator,
762 2972 948 3011 utebatur
989 2974 1134 3013 Siccus
1174 2973 1325 3025 inqenio

361 3032 463 3072 cius:
487 3033 583 3071 wlco
608 3037 651 3071 ut
670 3046 745 3084 per
769 3034 854 3072 eius
875 3047 1069 3085 orqannm
1091 3047 1326 3087 responsum

362 3094 524 3142 rlmlerit,
542 3095 678 3145 palam
703 3096 934 3135 oratoribus
959 3097 1085 3136 Gallis
1103 3096 1326 3148 petentibus

362 3167 387 3190 ἰ
411 3154 525 3190 Sia-tu
551 3157 767 3196 Concilium
784 3158 913 3196 italici.
935 3159 1127 3210 Dicitque
1143 3159 1325 3198 Andreas

364 3226 435 3249 71011
460 3216 512 3250 w!
536 3220 690 3267 llcqem,
717 3219 786 3258 sesl
803 3220 857 3258 acl
881 3221 1164 3272 Imperatorem
1197 3225 1235 3259 et
1261 3232 1327 3259 ne-

358 3274 596 3325 !ll']‘lt.¹nli‘lnis
643 3283 906 3321 tantummodo
956 3282 1241 3323 Carclinalibus
1290 3282 1329 3321 id
1357 3304 1362 3310 ·

1222 185 1569 225 ANDREAS

1424 260 1615 307 spectare.
1639 259 1803 297 Demnm
1822 257 1868 296 ob
1885 259 1971 298 eius
1985 259 2275 312 loquacitatem,
2294 274 2391 315 quo-

1422 317 1532 357 niam
1553 319 1676 358 vitam
1695 320 1808 360 Sitti
1820 318 1980 371 publice
2002 321 2210 374 carpebat,
2239 336 2390 364 exosus

1422 383 1481 418 est
1495 379 1628 432 sactus
1651 382 1781 422 Sirio.
1803 381 1982 430 Quicum
1997 381 2229 424 obtinuisset
2241 385 2294 424 ab
2311 386 2408 425 Im:

1414 445 1603 490 peratore
1623 454 1711 481 eum
1736 442 1927 492 leqatione
1958 443 2143 494 privari3
2169 445 2238 484 hoc
2264 446 2360 499 fecit
2374 461 2386 495 ;

1417 500 1609 542 hominem
1627 504 1667 542 in
1685 504 1801 542 curia
1819 503 2029 555 privatum.
2037 506 2134 556 poni
2143 505 2239 558 fecit
2261 508 2302 547 in
2323 520 2390 547 ca-

1415 566 1498 601 stro
1521 566 1560 604 S.
1584 564 1739 616 Anqeli,
1766 564 1838 603 ubi
1856 564 1943 617 sere
1967 564 2119 605 biennio
2134 569 2249 608 stetit.
2274 569 2390 609 Rela-

1415 628 1544 664 aeatus
1566 626 1722 664 (lemtim
1746 627 1786 664 in
1810 626 2068 666 Germaniam
2089 629 2248 670 rediens
2280 632 2386 671 voci-

1414 685 1548 738 ferari
1569 687 1693 739 coepit
1709 695 1786 739 pro
1809 687 1972 726 concilio
2007 688 2232 730 Basileensi
2267 693 2388 732 conti-

1414 748 1598 800 nuancloj,
1629 749 1734 800 quod
1767 752 1859 800 post
1889 749 2114 801 Euqenium
2148 762 2387 804 suspensum

1412 808 1564 861 fuisse,
1594 822 1670 848 non
1702 810 1924 849 eoetinctum
1941 810 2219 862 praedicabat.
2252 813 2385 864 Opera

1414 871 1569 910 (lenium
1613 872 1726 912 Siaeti
1769 872 1809 910 in
1851 872 2109 912 Germaniam
2151 878 2387 914 carceratus

1421 932 1527 973 obiit.
2220 972 2227 975 .

1466 998 1522 1035 De
1543 996 1615 1035 hoc
1639 1007 1798 1035 carcerc
1818 994 2001 1036 Andreae
2025 998 2099 1036 ista
2123 997 2210 1048 lego
2234 998 2273 1036 in
2293 1009 2386 1037 con-

1413 1060 1635 1098 tinuatione
1669 1058 1719 1097 ad
1739 1058 1953 1097 chronicon
1973 1058 2195 1109 Engelhusi
2223 1063 2384 1098 auctore

1410 1121 1573 1160 Matthia
1615 1121 1820 1171 Decringio
1864 1120 2043 1159 Menken.
2065 1121 2154 1159 Rer.
2192 1120 2380 1159 German.

1411 1187 1505 1221 tom.
1532 1184 1554 1220 3
1579 1194 1664 1232 pag.
1687 1184 1749 1220 38.
1775 1183 1831 1220 De
1861 1181 2046 1221 mandato
2076 1183 2209 1234 Papae
2238 1185 2278 1221 et
2302 1182 2383 1220 Im-

1404 1244 1608 1295 peratoris
1651 1255 1740 1282 cum
1778 1243 1935 1283 auJJilio
1974 1243 2243 1284 vaitensium
2261 1273 2270 1292 ,
2311 1244 2385 1295 qui

1409 1308 1544 1357 Papae
1574 1305 1733 1358 sortiter
1768 1304 2063 1356 adhaerebant,
2088 1308 2226 1357 captus
2248 1304 2329 1358 fuit
2346 1309 2384 1344 et

1407 1366 1641 1406 carceribus
1682 1371 1888 1420 perpetuis
1934 1367 1976 1406 in
2020 1365 2121 1406 urbe
2166 1365 2383 1406 Basiliensi

1405 1429 1675 1481 mancipatus;
1697 1429 1737 1468 in
1759 1429 1904 1481 quibus
1927 1441 2018 1468 cum
2036 1441 2112 1482 per
2126 1429 2280 1482 aliquot
2294 1428 2379 1470 dies

1402 1491 1560 1543 suisset,
1585 1491 1777 1530 articulos
1819 1494 1961 1529 contra
1999 1492 2158 1542 Papam
2188 1495 2227 1530 et
2246 1491 2378 1530 sedem

1403 1552 1669 1604 Apostolicam
1689 1552 1816 1606 factos
1827 1552 1988 1604 publice
2008 1556 2045 1592 et
2064 1552 2289 1592 solemniter
2311 1565 2376 1592 ren

1404 1614 1576 1665 vocavit,
1597 1626 1666 1653 nec
1689 1618 1819 1653 tamen
1836 1626 1913 1665 per
1937 1613 2005 1653 hoc
2025 1626 2052 1652 a
2070 1613 2306 1653 carceribus
2330 1613 2375 1653 li-

1406 1674 1571 1714 bcratus
1594 1675 1685 1728 fuit.
1706 1676 1759 1714 Et
1780 1675 1890 1714 illam
1912 1676 2202 1715 revocationem
2223 1674 2318 1728 fecit
2335 1675 2376 1714 in

1404 1735 1637 1776 carceribus
1660 1734 1950 1776 Basiliensibus
1973 1748 2038 1775 an.
2067 1738 2178 1775 Dom.
2201 1737 2306 1776 4483
2335 1737 2376 1776 in

1403 1797 1615 1837 Januarz‘O.

1456 1858 1694 1900 ANDREAS
1712 1859 1759 1899 de
1784 1859 1975 1900 Caroloco
1990 1892 2001 1910 ,
2030 1860 2192 1900 Ordinis
2220 1861 2376 1901 Praedi-

1403 1926 1595 1962 catorum.
1607 1924 1815 1961 Sermones
1825 1921 2002 1974 quinque
2016 1921 2259 1962 ParisiisAn.
2271 1924 2286 1962 4
2297 1922 2373 1964 273

1405 1983 1526 2022 habiti
1556 1988 1818 2022 recensentur
1837 1995 1860 2022 a
1882 1984 2027 2023 Jacobo
2058 1985 2195 2031 Qvetif
2211 1988 2304 2023 tom.
2330 1986 2371 2035 1,

1404 2056 1490 2095 pag.
1517 2045 1606 2083 266.

1456 2105 1692 2145 ANDREAS
1721 2104 1838 2158 Ciaffi
1866 2106 2058 2155 Pisanus,
2084 2107 2213 2147 JCtus
2242 2108 2371 2148 medio

1402 2165 1611 2218 SaeculossX
1618 2168 1645 2205 V
1652 2196 1659 2215 ,
1666 2169 1728 2216 cuj
1737 2177 1783 2205 us
1792 2168 2000 2205 Tractatus
2009 2166 2055 2205 de
2066 2166 2145 2206 Ger
2151 2168 2371 2208 undiorum

1403 2240 1480 2266 usu
1504 2227 1543 2266 in
1576 2230 1699 2279 Jurc,
1723 2232 1856 2267 exstat
1877 2229 1916 2266 in
1947 2228 2103 2268 Oceano
2131 2231 2254 2281 Juris,
2284 2232 2370 2270 sive

1403 2291 1590 2328 Tractatu
1611 2291 1869 2329 Tractatuum
1885 2294 1979 2329 tom.
2000 2292 2145 2340 XVIII,
2170 2304 2256 2343 pag.
2278 2292 2369 2342 273,

1402 2351 1490 2390 274.
1513 2351 1609 2391 Vide
1630 2354 1804 2391 Marcum
1824 2353 2026 2392 Mantuam
2043 2354 2082 2392 in
2102 2354 2286 2405 Epitome
2305 2355 2352 2395 Vi

1401 2425 1533 2452 rorum
1556 2414 1769 2453 illustrium
1794 2425 1880 2464 pag.
1904 2414 1991 2452 439.

1453 2475 1516 2515 ΛΝ
1524 2475 1653 2515 DREA
1661 2474 1901 2515 SDcmdulus
1911 2475 2080 2516 abAnno
2090 2477 2266 2517 cni-istil
2277 2478 2367 2517 343.

1400 2538 1640 2576 Venetorum
1663 2539 1774 2586 Dux,
1799 2537 1917 2589 cujus
1939 2538 2160 2579 Chronicon
2184 2540 2370 2579 Venetam

1400 2611 1420 2637 a
1447 2600 1677 2639 l'ontificatu
1711 2601 1749 2639 S.
1778 2601 1896 2640 Marci
1916 2590 2195 2652 Evangelistae
2216 2600 2265 2640 ad
2288 2599 2351 2639 An

1402 2673 1496 2699 num
1508 2662 1703 2701 CHRISTI
1718 2673 1844 2713 usque
1855 2664 1869 2702 4
1880 2663 1972 2712 2807
1985 2662 2205 2713 atqueinde
2215 2673 2264 2701 ex
2279 2660 2368 2712 ejus

1400 2724 1589 2763 Historiae
1616 2716 1857 2775 Compendio
1886 2723 2103 2764 deductum
2127 2723 2177 2762 ad
2203 2721 2366 2762 Annum

1402 2786 1503 2824 4342
1522 2796 1614 2824 cum
1639 2787 1934 2825 continuatione
1953 2785 2154 2838 Raphaini
2180 2782 2369 2825 Caresini

1399 2847 1446 2885 ad
1456 2847 1616 2887 Annum
1629 2850 1642 2887 4
1654 2849 1732 2886 388
1746 2860 1795 2887 ex
1805 2848 1961 2888 duobus
1969 2848 2089 2888 MStis
2100 2844 2363 2886 Bibliothecae

1400 2911 1599 2958 Estensis,
1625 2914 1746 2960 atque
1775 2909 2054 2957 Ambrosiano,
2083 2905 2364 2958 diplomatibus

1402 2972 1558 3010 ineditis
1581 2976 1697 3011 aucto
1717 2983 1787 3022 per
1809 2973 2002 3010 Joannem
2030 2968 2285 3008 vincentium
2305 2969 2366 3006 Pi-

1401 3034 1548 3072 n‹·lluin
1566 3063 1574 3082 ,
1595 3037 1635 3071 et
1654 3032 1976 3071 annotationibus
1995 3042 2016 3069 e
2035 3027 2199 3067 Joannis
2225 3027 2367 3067 Bembi

1399 3094 1591 3133 Chronico
1608 3094 1657 3133 ab
1671 3091 1785 3132 Anno
1803 3093 1904 3131 4383
1918 3089 1966 3131 ad
1978 3093 1992 3131 4
2005 3092 2045 3130 144
2057 3091 2092 3138 0,
2107 3089 2287 3140 vulgavit
2301 3101 2364 3129 ce-

1400 3156 1633 3195 lcbcrrimus
1652 3155 2002 3194 Muratoriustomo
2013 3152 2099 3191 Xll.
2119 3151 2363 3201 Scriptorum

1401 3219 1554 3267 ltaliae,
1574 3217 1775 3257 Mediolan.
1805 3213 1984 3253 4728s01.
2010 3212 2122 3252 Addo
2146 3211 2245 3252 Acta
2263 3213 2363 3252 Eru-

1400 3276 1572 3320 ‹litlwum
1598 3279 1641 3320 Λ.
1667 3278 1787 3327 4729,
1809 3289 1893 3328 pag.
1916 3276 2004 3316 290.
