2500 3841
821 258 1280 303 FRANCISCUS

69 323 248 374 vulgavit
275 321 454 361 Andreas
482 323 694 373 Mullerus,
725 331 765 365 et
793 339 841 366 cx
866 328 1006 368 Codice

63 385 183 436 Regio
204 385 412 424 Parisie‘nsi
436 385 658 430 Quetifius:
684 388 824 439 Incipit
842 394 973 430 versio
997 406 1002 430 :

71 446 255 499 Tempore
269 457 344 499 quo
359 445 581 485 Baldm'nus
599 448 785 500 Princeps
796 457 995 503 sceptrum

65 509 153 549 Alia
173 511 308 548 Latina
327 505 598 560 interpretatio
622 513 756 550 nescio
775 512 892 563 qu'us
916 517 1011 553 scri—

65 572 190 623 ptoris
218 575 305 620 est,
334 583 436 622 quae
464 573 677 623 separatim
716 574 890 624 primum
932 576 1012 614 edi--

66 638 106 672 ta
123 662 138 680 ,.
162 631 304 672 deinde
334 634 374 671 in
407 645 510 673 novo
551 633 654 672 Orbe
694 635 867 674 Simonis
911 637 1011 687 Gry-

66 697 155 736 naei
195 707 282 748 pag.
327 697 415 736 330.
458 697 634 736 Basileae
680 698 811 745 4532,
860 698 924 736 fol.
969 710 1013 737 ar

65 758 208 798 deinde
238 760 423 810 saepius:
452 761 662 810 praecipue
693 759 883 810 singulari
919 771 1011 799 cura

65 818 249 860 Andreae
276 821 454 869 Mulieri,
482 821 746 873 Greifenhagii
764 853 775 870 ,
814 833 892 861 una
921 833 1011 861 cum

66 882 260 922 Haithono
306 882 480 923 Armeno
520 884 682 935 vulgata
718 889 781 923 est
828 885 1013 923 Coloniae

65 944 438 996 Brandenburgicae
467 944 596 994 4674,
641 946 677 985 4.
714 946 882 996 Incipit:
921 945 1014 984 Bal-

65 1006 395 1060 duinoPrz’ncipe
424 1006 566 1061 inclyto
593 1007 708 1059 requi
741 1008 1013 1048 Constantino-

60 1067 232 1121 politani
262 1073 419 1122 sceptra
463 1073 619 1109 tenente.
662 1071 809 1110 Exstat
850 1082 1009 1121 quoque

63 1132 171 1183 typis
199 1133 397 1183 exscripta
427 1133 503 1172 ista
531 1133 640 1173 Pauli
663 1134 805 1173 Veneti
829 1133 1012 1172 lucubra-

65 1194 120 1232 tio
141 1192 280 1232 Italice
295 1195 334 1233 in
355 1195 443 1233 Joh.
458 1196 658 1247 Baptistae
681 1200 776 1234 tom.
806 1196 841 1234 2.
871 1197 1015 1235 Ramu-

65 1256 113 1295 sii
139 1255 216 1295 An.
247 1257 364 1296 ⁴553.
392 1269 465 1297 nec
493 1269 571 1297 non
602 1258 706 1297 Sam.
743 1258 945 1298 Purchasii
974 1263 1014 1297 et

64 1319 231 1358 aliorum
259 1320 458 1360 similibus
486 1320 811 1369 collectionibus,
842 1320 912 1359 sed
941 1320 1013 1359 du-

65 1381 174 1421 bium
203 1381 334 1422 adhuc
362 1382 522 1423 videtur
549 1385 653 1422 sitne
683 1385 766 1434 ipsa
795 1384 903 1423 Pauli
940 1384 1014 1421 ori-

64 1445 215 1495 ginaria
250 1444 490 1493 lucubratio,
519 1457 570 1485 an
612 1447 840 1497 interpretis
879 1447 1012 1485 nescio

64 1505 180 1557 cujus
207 1508 339 1547 versio
368 1520 418 1547 ex
445 1510 613 1558 Latino,
644 1510 747 1548 sicut
776 1509 873 1548 aliae
910 1520 1011 1559 quac

63 1569 246 1618 feruntur
286 1571 633 1622 interpretationes
672 1571 760 1622 ejus
796 1570 1009 1622 Anylz'cae,

63 1629 250 1682 Gallicae,
269 1632 536 1682 Lu.‹›·itam’cae⁷
547 1633 814 1685 ‚Hz'spameae⁷
846 1633 1011 1672 Germa-

61 1693 204 1745 nicae,
231 1693 424 1746 Belyicae.
456 1697 797 1735 Commentarium
836 1697 873 1734 in
913 1697 1010 1734 Pau-

61 1756 178 1805 lum,
206 1768 326 1808 quem
368 1750 564 1809 promittit
600 1758 784 1797 Andreas
820 1758 1008 1797 Mullerus

59 1830 145 1870 pag.
176 1820 226 1858 98
254 1819 454 1860 dissertat.
497 1820 546 1859 de
587 1819 779 1871 Chataja,
825 1831 902 1858 non
947 1821 1007 1858 vi-

59 1880 166 1920 disse
195 1882 356 1930 lucem,
385 1881 575 1921 dolebunt
604 1893 760 1921 mecum
784 1911 792 1930 ‚
822 1882 886 1932 qui
912 1881 1008 1920 Mul-

59 1943 130 1981 leri
159 1943 424 1983 eruditionem
454 1947 667 1983 noverunt.

113 2006 203 2054 (448
222 2006 356 2045 Italica
374 2007 504 2044 versio
515 2006 726 2045 Saec.XlV
748 2010 908 2045 exarata
923 2007 1009 2057 plu-

58 2067 138 2105 ries
160 2067 305 2117 prodiit
329 2069 441 2108 Saec.
465 2066 552 2107 XV.
575 2069 664 2107 XVI
690 2072 767 2106 etc.
789 2068 922 2118 Nuper
946 2079 1014 2106 ve-

59 2139 115 2167 ro.
144 2129 188 2167 In
218 2128 400 2179 Fimnze,
418 2129 579 2180 Paqam·
611 2128 799 2169 4827-28.
823 2130 909 2168 ἰη-Ιι
932 2131 1010 2168 vol.

59 2191 83 2230 2
112 2202 135 2230 a
153 2191 263 2231 Com.
282 2192 341 2230 Jo.
359 2192 472 2243 Bapt.
492 2191 660 2230 Baldelli
682 2191 878 2230 adiunctis
892 2192 916 2230 2
933 2192 1010 2229 vol.

57 2254 122 2292 cui
149 2254 211 2292 tit.
247 2254 376 2293 Storia
404 2253 507 2292 delle
543 2252 792 2292 vicendevoli
827 2253 1009 2291 relazioni

29 2332 32 2335 ·
57 2315 146 2354 dell'
161 2317 319 2367 Europa
362 2328 384 2354 e
426 2315 515 2354 dell’
529 2314 636 2354 Asia.
672 2314 834 2365 Absque
877 2320 1009 2355 autem

20 2412 22 2416 ,
57 2379 155 2430 ipsis
181 2377 224 2417 in
253 2377 420 2418 Venezz'a
444 2378 546 2418 4829
570 2378 651 2416 vol.
681 2378 704 2417 2
734 2378 773 2415 in
805 2377 892 2426 46).

110 2441 220 2481 Idem
265 2443 501 2482 Franciscus
548 2442 711 2492 Pipinus
760 2451 810 2478 ex
856 2440 1005 2479 Gallico

56 2505 179 2543 vertit
190 2503 417 2544 Bernhardi
433 2502 701 2543 Thesaurarii
718 2502 861 2541 librum
884 2501 929 2540 de
945 2514 1010 2541 ac-

57 2565 264 2619 quisitione
289 2567 435 2607 Terrae
458 2569 631 2607 Sanctae
660 2565 709 2605 ab
731 2564 806 2603 An.
834 2565 935 2603 4095
958 2564 1005 2603 ad

55 2627 218 2668 Annum
245 2630 405 2668 circiter
427 2630 545 2670 4230.
569 2639 690 2680 quam
722 2627 945 2665 versionem
970 2628 1005 2664 in

55 2691 186 2731 lucem
213 2691 323 2730 dedit
349 2692 641 2731 celeberrimus
684 2689 921 2728 Muratorius
968 2690 1005 2726 in

56 2753 314 2805 scriptoribus
341 2765 477 2794 rerum
507 2753 736 2792 Italicarum
784 2755 878 2788 tom.
922 2750 1003 2788 VII.

57 2827 144 2868 pag.
161 2815 251 2856 657.
270 2815 463 2867 Ejusdem
487 2813 707 2856 Chronicon
729 2813 778 2851 ab
801 2811 875 2850 An.
903 2813 1004 2851 4476

56 2878 105 2918 ad
134 2877 296 2918 Annum
315 2879 472 2917 circiter
492 2879 559 2917 434
573 2877 594 2915 4
615 2881 708 2914 tom.
732 2875 786 2912 IX
811 2885 897 2924 pag.
916 2876 1004 2913 581.

57 2941 155 2981 Vide
183 2941 482 2980 BERNARDUS
513 2935 806 2978 Thesaurarius
834 2935 863 2973 I.
893 2934 983 2974 247.

113 3002 426 3043 FRANCISCUS
454 2998 626 3041 Pisanus
658 2996 1004 3046 Jurisconsultus,

27 3069 31 3077 '
59 3065 169 3106 Baldi
198 3069 452 3117 praeceptor,
482 3063 615 3102 docuit
644 3063 681 3098 in
712 3060 837 3110 patria
865 3064 905 3097 et
938 3060 1005 3096 Pe.-

64 3128 160 3167 rusii
189 3128 290 3167 circa
313 3126 388 3166 An.
419 3127 534 3166 4335.

111 3188 422 3230 FRANCISCUS
450 3187 496 3226 de
521 3185 657 3225 Platea
679 3213 686 3231 ‚
712 3182 971 3221 Bononiensis
993 3211 1000 3228 ,

59 3250 216 3290 Ordinis
243 3252 464 3298 Minorum,
493 3249 598 3287 JuriS
627 3245 814 3284 Canonici
844 3244 1001 3281 consul*

58 3315 126 3352 tus
153 3314 256 3353 circa
280 3312 442 3352 Annum
473 3310 589 3350 4442.
618 3307 796 3357 Scripsit,
828 3310 870 3344 ut
893 3310 1001 3343 notat

58 3385 145 3426 pag.
167 3374 254 3414 432.
279 3373 548 3424 Waddingus:

115 3436 170 3474 De
185 3433 507 3474 restz'tutzom'bus.
534 3433 673 3481 Incipit
698 3444 703 3468 ς
726 3430 863 3467 Vtrum
893 3428 1012 3467 Resil-

1949 272 2025 309 <5033

1082 332 1240 371 maios-ic
1266 333 1312 371 cle
1332 335 1558 374 necessitate
1573 338 1726 376 salictis.
1748 339 1880 378 Vens—1.
1907 343 1920 379 l
1934 343 2019 380 494.

1137 394 1189 431 De
1211 395 1405 435 Censuris
1425 427 1432 438 ,
1460 401 1496 436 et
1511 399 1749 448 praesertim
1774 400 1820 439 de
1859 403 2027 442 lsoeeom-

1083 456 1356 496 mwn’eatz'one.
1381 460 1545 509 Incipit:
1570 462 1739 508 Quaere,
1764 464 1834 513 qm]
1854 470 1946 502 sunt
1962 478 2025 504 ea·-

1084 526 1152 554 sus
1173 520 1588 559 eoecovmnzmicationis
1608 524 1773 576 majoris
1795 525 1814 562 ,9

1138 578 1191 615 De
1214 580 1364 618 L'surc's.
1383 582 1518 632 Incipit
1538 597 1544 620 :
1572 585 1702 622 L'sura
1713 587 1854 636 primo,
1877 590 2025 628 scilicet

1088 650 1127 675 m
1168 644 1371 680 contractu
1407 647 1544 682 mutat.
1586 648 1687 685 llaec
1723 650 1794 686 tria
1837 655 2026 701 opuscula

1089 700 1210 739 liabeo
1224 733 1234 749 y
1257 704 1381 753 inquit
1402 706 1657 757 Waddingus,
1679 721 1799 759 penes
1815 724 1876 750 me
1896 715 2012 753 Msta.

1139 763 1194 800 De
1237 768 1330 802 actu
1366 767 1648 806 matrt'monzalt'
1669 800 1677 816 ,
1714 773 1870 822 quando
1903 777 2027 825 possit

1082 822 1176 873 fieri
1196 823 1279 862 sine
1304 830 1464 875 peccato
1480 859 1490 875 ,
1521 832 1559 866 ct
1580 830 1735 880 quando
1769 844 1855 872 non.
1880 838 1954 874 MS.
1987 840 2021 876 in

1086 884 1324 925 Bibliotheca
1348 889 1509 928 Paulina
1533 892 1737 940 Lipsiensi.
1767 894 1859 933 Vide
1876 897 2026 937 Catale-

1086 958 1180 997 gum
1204 949 1245 986 B.
1270 949 1409 987 Felleri
1434 962 1522 1001 pag.
1547 954 1561 990 4
1573 953 1634 991 74.

1139 1009 1195 1047 De
1227 1010 1411 1050 Censura
1440 1012 1750 1065 Ecclesiastz'ca,
1782 1022 1817 1055 ec
1846 1019 1891 1057 (le
1935 1032 2027 1059 usu-

1086 1070 1145 1109 ris
1170 1069 1269 1110 liber
1291 1072 1417 1122 alter,
1442 1076 1507 1124 qui
1541 1077 1719 1128 impressi
1753 1086 1847 1119 sunt
1882 1083 2026 1121 Patavii

1088 1133 1163 1172 An.
1185 1135 1199 1173 4
1213 1134 1299 1173 473.

1141 1196 1630 1250 ΒαῖηφηαῃῑῶΙῃεΐενῖονῑιητ
1644 1201 1895 1244 Christianae
1905 1206 2027 1245 Fidei.

1139 1259 1348 1298 Sermones
1377 1260 1525 1300 varios.

1140 1319 1161 1341 ἓξ
1188 1321 1387 1372 Opuscula
1424 1324 1472 1362 de
1513 1327 1857 1379 restitutionibuS,
1892 1334 2025 1371 usuris

1087 1388 1127 1421 et
1168 1386 1643 1427 excommunicationibus
1685 1390 1913 1439 prodierunt
1938 1393 2029 1443 jun-

1086 1447 1180 1484 ctim
1196 1447 1370 1485 Venetiis
1382 1450 1395 1487 4
1409 1448 1494 1486 474.
1505 1454 1721 1502 extantque
1738 1453 1774 1490 in
1792 1454 2026 1493 Bibliotheca

1086 1508 1287 1547 Feliniana
1310 1509 1403 1548 Cod.
1431 1511 1516 1549 423.

1137 1570 1444 1610 FRANCISCUS
1463 1572 1642 1624 Pquz'zcs,
1655 1575 1764 1623 infra,
1781 1577 2007 1619 POGGIUS.

1136 1632 1158 1654 ³¹⁶
1187 1632 1493 1674 FRANCISCUS
1537 1636 1706 1676 Paccius
1746 1639 2022 1688 Flomntinus,

1082 1693 1150 1732 sed
1180 1696 1246 1744 qui
1276 1697 1431 1746 Neapoli
1462 1709 1583 1748 agens
1612 1701 1722 1749 prius
1760 1701 1918 1750 quidem
1960 1705 2025 1741 Po-

1079 1754 1259 1794 litianum
1288 1758 1464 1806 audivit⁷
1489 1759 1578 1798 dein
1603 1761 1772 1800 Graecas
1796 1767 1835 1800 et
1856 1763 2016 1802 Latinas

1079 1818 1213 1856 literas
1230 1818 1373 1857 ibidem
1391 1820 1544 1870 publice
1561 1821 1704 1861 docuit.
1718 1824 1816 1863 Eius
1835 1828 2028 1865 orationes

1079 1884 1161 1918 tres
1175 1880 1362 1931 legendas
1380 1881 1426 1920 ad
1444 1893 1486 1920 se
1504 1884 1646 1922 missas
1664 1884 1712 1922 ab
1731 1884 1887 1924 Andrea
1916 1889 2029 1926 Cam-

1078 1941 1169 1979 bino
1190 1947 1382 1981 memorat
1404 1947 1444 1981 et
1467 1944 1599 1983 laudat
1619 1946 1776 1985 Ficinus
1799 1950 1912 1998 epist.
1940 1950 2018 1987 Lib.

1080 2005 1134 2042 IX
1165 2005 1203 2041 ln
1227 2015 1286 2055 ep.
1312 2004 1360 2043 ad
1397 2007 1525 2056 ipsum
1556 2009 1711 2057 scripta.
1744 2010 1784 2047 In
1816 2010 1909 2048 Cod.
1939 2012 2014 2049 MS.

1084 2066 1205 2104 Felini
1229 2067 1314 2116 lego
1339 2067 1458 2106 huius
1487 2070 1682 2108 Francisci
1724 2072 1928 2120 epistolam
1958 2076 2019 2111 vei

1082 2128 1243 2166 brevem
1292 2132 1665 2169 commentationem
1712 2131 1758 2170 cle
1807 2132 2022 2172 Rebellione.

1081 2190 1266 2241 Neapolis
1283 2203 1304 2230 a
1324 2192 1462 2230 Carolo
1479 2194 1716 2232 Fianeorum
1741 2196 1845 2245 Rege
1865 2196 1911 2233 ad
1934 2198 2024 2234 Fer-

1082 2252 1300 2292 dinandum
1324 2253 1580 2304 Aragonfflm,
1605 2255 1708 2304 quod
1744 2258 1934 2307 scriptum
1965 2258 2023 2296 di-

1081 2316 1336 2354 rexitMarino
1353 2317 1572 2355 Caracciolo
1588 2317 1724 2356 datum
1741 2319 1898 2369 Neapoli
1917 2321 2021 2358 XIII.

1083 2377 1167 2415 Kal.
1192 2378 1355 2416 sextiIes
1383 2378 1495 2416 4495.
1520 2380 1642 2417 Huius
1667 2381 1859 2417 Francisci
1886 2383 2024 2419 memi—

1083 2443 1229 2477 nerunt
1252 2440 1483 2478 Poeciantus
1509 2441 1546 2476 in
1579 2441 1753 2489 catalogo
1789 2443 2023 2491 scriptorum

1082 2500 1398 2538 Florentinorum
1421 2505 1460 2538 ct
1483 2501 1610 2540 Julius
1635 2502 1759 2551 Negri.

1133 2561 1372 2600 FRANCISC
1382 2563 1446 2600 ΠΜ
1460 2562 1686 2612 Itaqueiam,
1697 2564 2019 2613 Cremonensem,

1080 2625 1145 2674 qui
1167 2623 1340 2661 Concilio
1362 2624 1655 2663 constantiensi
1676 2626 1750 2663 An.
1777 2628 1790 2664 4
1805 2627 1843 2664 sil
1858 2627 1877 2664 l-
1903 2629 2022 2664 inter-

1079 2687 1195 2725 fuerit
1217 2717 1223 2735 ,
1246 2686 1485 2736 Episcopum
1511 2688 1816 2736 Bergomensem
1836 2718 1844 2735 ,
1884 2687 2024 2726 desun-

1077 2752 1186 2787 ctum
1210 2749 1286 2787 An.
1312 2748 1424 2786 4470.
1452 2747 1698 2798 Waddingus
1719 2760 1804 2798 pag.
1832 2750 1905 2787 ⁴32
1929 2761 2020 2788 con—

1078 2810 1190 2848 finxit
1213 2823 1258 2849 ex
1286 2810 1318 2847 F
1320 2809 1498 2847 rancisco
1522 2808 1568 2847 cle
1591 2809 1851 2860 .·199r09at1'is.
1877 2811 1925 2848 de
1941 2823 2018 2861 quo

1077 2883 1194 2922 supra
1220 2884 1304 2923 pag.
1331 2872 1419 2910 597.

1131 2934 1442 2973 FRANCISCUS
1458 2931 1614 2972 Rubeus
1634 2933 1682 2971 de
1707 2936 1889 2984 l’iguano,
1911 2937 2015 2973 I‘icc-

1077 3007 1152 3034 nus
1167 3027 1176 3043 ,
1201 2996 1359 3035 Ordinis
1379 2997 1583 3035 Minorum.
1603 2997 1703 3034 circa
1728 2996 1887 3034 Annum
1909 2997 2008 3035 4300

1076 3060 1242 3107 scriptor
1265 3059 1646 3096 Commentariorum
1667 3059 1702 3094 in
1721 3061 1889 3107 primum
1917 3060 2013 3096 Sen-

1075 3121 1287 3158 tentiarum
1320 3120 1436 3158 Scoti.

1128 3181 1436 3219 FRANCISCUS
1481 3179 1527 3217 de
1572 3179 1784 3230 Sgslvestm's
1806 3212 1812 3220 .
1854 3181 2012 3220 Ordinis

1074 3242 1386 3281 Praedicatorum
1411 3271 1418 3287 ,
1444 3252 1563 3290 supra
1586 3271 1592 3281 ,
1624 3241 1908 3280 Ferrariae‘nsis.
1937 3244 2013 3281 Hu-

1069 3305 1135 3354 jus
1152 3303 1384 3353 opusculum
1405 3302 1452 3339 de
1478 3302 1657 3340 libertate
1677 3303 1912 3349 livaiigolica
1933 3304 2013 3342 cdi-

1073 3366 1128 3404 dit
1153 3365 1339 3404 Claudius
1358 3364 1406 3402 dc
1432 3366 1562 3414 Spina,
1588 3366 1744 3403 Parisiis
1766 3366 1866 3404 1552
1888 3366 2009 3404 forma

1070 3439 1229 3466 minore.
