2500 4009
471 239 548 276 :5323

471 310 542 345 An.
573 308 719 345 (Illristi
750 306 824 341 636
850 306 937 341 638.
956 315 987 349 a,
1016 304 1109 341 lluic
1134 303 1199 352 qui
1227 302 1300 340 An.
1328 303 1404 341 646

471 369 660 406 successit
686 365 934 403 iii’iziixivs
959 365 1004 411 ii,
1028 364 1075 401 ad
1102 364 1260 402 Annum
1280 375 1406 413 usque

471 431 555 466 657.
588 428 797 465 Toiotanus
827 426 1058 475 Episcopus.
1088 431 1189 463 teste
1215 425 1408 463 ildefonso

468 501 549 538 cap.
584 489 627 526 ii
658 487 705 524 dc
736 488 992 537 scriptoribus
1014 487 1163 525 Eccles.
1188 485 1410 525 studiorum

468 550 652 586 honorum
676 549 753 585 *rim
778 559 1033 599 persequens,
1063 554 1204 587 cantus
1229 548 1406 600 passivis

467 609 604 648 usibus
637 610 819 648 vitiatos.
851 610 1037 648 melodiae
1066 610 1278 661 coqnitione
1323 621 1409 648 cor-

467 673 591 710 rerit:
614 674 838 710 Oiiiciorum
860 673 1047 712 remissos
1067 672 1235 717 ordines,
1254 682 1411 710 curam-

467 744 542 783 que
571 732 771 771 discrevit.
793 733 963 785 Scripsit
984 734 1031 771 de
1053 735 1195 772 Sancta
1220 734 1410 771 Trinitate

468 793 667 843 libellum,
698 796 731 833 b
762 799 799 832 et
826 795 977 846 eloquio
1007 795 1173 834 nitidum
1203 799 1237 833 et
1266 794 1328 833 rei
1349 806 1415 832 ve-

465 857 582 894 ritate
619 858 900 908 perspicuum:
942 881 990 885 —
1028 857 1197 908 Scripsit
1238 860 1274 895 et
1314 856 1413 895 duos

468 919 646 959 libellos,
671 930 690 957 c
731 931 851 957 unum
875 919 1025 958 dit-ersi
1043 919 1232 958 carminis
1262 923 1410 965 metro,

469 979 639 1018 alterum
671 981 824 1020 diversi
859 982 987 1033 operis
1031 993 1144 1032 prosa
1187 984 1411 1019 concretos:

467 1040 629 1080 Libellos
659 1053 811 1093 quoque
848 1043 1117 1083 DRACONTH
1156 1042 1270 1088 dide
1306 1053 1412 1080 crea-

466 1106 570 1140 tione
601 1104 731 1142 Mundi
763 1105 1032 1155 conscriptos,
1071 1115 1167 1155 quos
1194 1103 1411 1154 antiquitas

461 1165 687 1214 protulerat
713 1166 886 1208 vitiatos.
904 1178 950 1204 ea
969 1178 1072 1217 quae
1095 1166 1410 1217 ⁴inconvenientia

473 1227 648 1278 reperit,
678 1226 944 1266 subtrahendo
973 1227 1035 1266 vel
1062 1226 1325 1273 meliorando,
1357 1226 1412 1266 ita

473 1286 509 1323 in
536 1285 846 1336 pulchritudinis
873 1286 1045 1339 formam
1074 1288 1214 1338 coeyz't,
1245 1290 1289 1324 ut
1323 1285 1413 1337 pul-

466 1347 643 1386 chriores
672 1348 719 1387 tle
749 1349 916 1399 artificio
946 1349 1192 1399 corriyentis,
1222 1347 1410 1399 quamde

467 1423 584 1449 manu
612 1411 854 1463 processisse
882 1410 1095 1449 videantur
1135 1409 1323 1449 auctoris.
1363 1410 1414 1447 Et

467 1475 562 1525 quia
592 1474 638 1512 (le
666 1473 728 1511 (lie
756 1473 916 1525 septimo
946 1473 1045 1511 idem
1074 1473 1313 1511 Dracontius
1333 1484 1412 1510 om-

466 1537 555 1574 nino
585 1536 792 1582 reticendo,
822 1534 1077 1586 semiplenum
1108 1546 1204 1586 opus
1228 1535 1338 1573 visus
1356 1537 1414 1572 est

463 1596 695 1648 reliquisse,
729 1597 799 1635 iste
828 1600 866 1634 et
887 1608 956 1634 sex
987 1596 1139 1634 dierum
1180 1596 1413 1646 recapitula-

465 1661 610 1698 tionem
644 1659 810 1706 sineulis
841 1658 1024 1696 versibus
1057 1657 1271 1707 renotavit,
1301 1661 1339 1695 et
1365 1657 1412 1694 de

463 1722 524 1758 die
554 1722 741 1770 septimO.
781 1731 882 1771 quae
922 1719 979 1758 illi
1016 1720 1105 1758 visa
1128 1722 1235 1766 sunt,
1261 1718 1413 1769 elegyan-

465 1786 522 1819 ter
565 1782 669 1819 (licta
711 1780 932 1832 subjunacit.
968 1781 1206 1819 Testimonia
1245 1781 1411 1830 Eugenii

464 1843 510 1882 de
527 1844 818 1882 resurrectione
836 1843 970 1881 carnis
987 1847 1022 1880 et
1038 1841 1288 1880 beatitudinis
1305 1845 1412 1880 statu

466 1905 646 1956 producit
670 1906 852 1943 Julianus
877 1906 1089 1943 Toletanus
1114 1905 1189 1951 ΙΙΙ,
1216 1903 1277 1953 17,
1298 1907 1337 1941 et
1361 1904 1410 1941 24

463 1969 800 2018 prognosticorum
828 1968 946 2005 futuri
970 1967 1130 2005 saeculi.
1147 1967 1202 2004 Dc
1223 1965 1346 2004 Missa
1370 1966 1408 2004 S.

463 2028 662 2081 Hippolyti
683 2029 888 2079 Martyris,
914 2040 1032 2078 quem
1058 2033 1260 2077 praeterae
1281 2029 1410 2077 Euge-

463 2093 552 2128 nius
582 2091 705 2128 fertur
734 2092 965 2140 scripsisse,
996 2095 1035 2127 ct
1064 2089 1111 2127 de
1141 2090 1409 2126 commentitia

463 2151 701 2188 correctione
731 2151 936 2188 Itinerarii
960 2150 1262 2188 Provinciarum
1292 2148 1410 2187 Anto-

463 2212 639 2254 niniani,
664 2224 781 2260 quam
809 2213 859 2250 illi
894 2212 1252 2250 Pseudo-Julianus
1289 2210 1410 2248 C'nro-

467 2276 539 2311 nici
571 2274 738 2323 scriptor
781 2274 941 2320 tribuit,
985 2272 1182 2311 videndus
1226 2272 1407 2310 Nicolaus

466 2336 662 2373 Antonius
688 2335 734 2372 V.
762 2336 794 2372 4.
822 2335 1081 2373 Bibliothecae
1106 2335 1253 2372 veteris
1277 2335 1411 2384 Hispa-

517 2456 551 2493 b)
576 2457 668 2485 iiunc
693 2454 839 2485 libellum
864 2454 960 2485 hodie
984 2455 1220 2487 desideramus.

521 2514 552 2542 c)
577 2507 622 2534 Ex
647 2504 695 2534 his
719 2504 848 2534 duobus
868 2506 1012 2543 priorem
1031 2507 1180 2536 carmina
1199 2507 1307 2536 xxxi.
1325 2514 1418 2537 com-

458 2554 588 2592 plexum
614 2554 761 2592 vulgavit
793 2555 983 2584 Sirmondus
1022 2556 1155 2585 Parisiis
1193 2554 1296 2592 1619,
1318 2555 1348 2586 8.
1384 2559 1415 2586 et

456 2608 535 2634 tom.
561 2605 600 2633 ii.
620 2605 761 2642 Operum
781 2610 854 2641 pag.
870 2603 943 2634 2⁴79.
962 2604 1057 2634 Liber
1076 2603 1157 2634 aiter
1180 2605 1312 2635 diversi
1334 2613 1416 2644 ope-

457 2654 509 2681 ris
534 2660 641 2691 prosa
667 2657 867 2689 concretus,
883 2661 1048 2692 nusquam
1076 2654 1171 2685 hodie
1199 2659 1299 2686 extat.
1322 2657 1418 2686 Prio-

457 2710 525 2732 rem
544 2709 581 2732 ex
599 2701 763 2732 sirmondi
788 2703 933 2733 editione
956 2705 1091 2742 repetiit
1105 2703 1251 2735 Andreas
1274 2705 1413 2735 nivinus

462 2753 589 2791 Lipsiae
616 2749 689 2781 1651
710 2774 718 2787 ,
742 2751 772 2781 8.
795 2755 827 2781 et
849 2751 1072 2783 Bibliothecae
1100 2754 1234 2783 Patrurn
1257 2754 1412 2790 editores,

463 2805 495 2830 ut
523 2799 749 2839 Lugdunensis
776 2803 854 2831 t‘om.
878 2802 932 2830 xii
950 2824 957 2834 ,
980 2809 1055 2841 pag.
1080 2802 1158 2844 515..
1191 2804 1225 2832 ln
1253 2801 1308 2833 illo
1331 2801 1415 2832 libro

458 2858 548 2879 num.
573 2851 637 2879 XX!
663 2853 766 2880 exstat
793 2853 907 2880 notum
931 2850 1146 2882 hexastichon
1169 2853 1264 2882 Petro
1289 2852 1416 2882 Crinito

458 2899 583 2937 pridem
605 2898 774 2929 laudatum
801 2899 840 2929 de
866 2899 1049 2929 litterarum
1074 2901 1325 2931 inventoribus:

474 2977 598 3013 Moyses
622 2976 747 3014 primus
772 2973 931 3006 Hebraeas
953 2976 1100 3006 exaravit
1129 2976 1252 3006 litteras
1269 2999 1277 3012 ‚

476 3026 582 3055 Mente
608 3024 787 3054 Phoenices
811 3026 918 3063 sagaci
945 3026 1166 3056 condiderunt
1188 3027 1336 3057 Atticas:

484 3077 570 3110 Quas
594 3075 698 3104 Latini
725 3075 979 3112 scriptitarunt,
1005 3074 1154 3106 condidit
1176 3077 1370 3106 Nicostrata.

475 3123 635 3153 Abraham
662 3125 754 3161 Syras
771 3146 779 3159 ,
803 3127 834 3153 et
862 3124 947 3153 idem
972 3126 1115 3163 repperit
1140 3124 1331 3156 chaldaicas
1347 3148 1356 3162 ,

478 3173 534 3201 lsi.-
560 3176 626 3202 aris·
651 3180 715 3201 non
739 3174 859 3203 minori
886 3173 1023 3211 protulit
1045 3175 1210 3213 AEgypiias
1226 3199 1233 3206 .

477 3220 589 3251 Guifiia
614 3223 751 3259 promsit
776 3224 930 3252 Getarum
954 3231 1035 3262 quas
1059 3224 1209 3255 videmus
1234 3224 1379 3255 ultimas.

1209 234 1682 274 EUGESIPPUS

1478 312 1550 339 nae
1572 302 1606 352 ἓ.
1630 302 1706 340 259
1735 302 1825 340 260.
1847 305 2040 342 Defuncto
2064 302 2138 342 An.
2165 302 2240 343 657
2276 303 2339 344 die
2374 306 2422 344 13

1480 363 1712 401 Novembris
1731 364 1908 414 Eugenio
1937 366 2132 404 successit
2162 365 2277 411 idem,
2302 377 2422 417 quem

1481 423 1596 461 modo
1627 423 1796 470 laudavi,
1827 425 2149 474 ILDEFONSUS,
2173 426 2222 466 de
2250 439 2329 477 quo
2351 439 2424 467 suo

1482 485 1580 523 loco.

1535 545 1845 586 EUGESIPPUS
1873 547 2122 588 Christianus
2151 551 2339 602 scriptor,
2357 561 2426 590 cu-

1478 607 1546 658 jus
1561 607 1723 646 brevem
1742 612 1953 646 tractatum
1974 607 2021 647 de
2037 609 2233 651 distantiis
2253 608 2427 651 locorum

1484 672 1616 707 terrae
1645 673 1804 708 sanctae
1845 669 1919 708 An.
1959 670 2057 709 1040
2100 675 2363 725 compositum
2405 686 2427 713 e

1483 732 1590 770 MSto
1614 731 1757 771 Codice
1786 732 1912 772 Caroli
1951 733 2096 771 Moroni
2135 735 2314 787 vulgavit
2350 737 2427 774 Leo

1484 794 1654 832 Ailatius
1684 796 1720 832 in
1747 793 1970 846 συμμὶκτοις
1989 805 2074 846 pag.
2093 796 2276 837 iot-⁴20.
2293 797 2427 838 Colon.

1487 856 1587 895 1653
1608 888 1617 903 ,
1646 857 1681 894 8.

1540 918 1804 957 EUGIPPIUS
1832 920 1865 968 a)
1895 919 2044 967 Italus,
2087 919 2126 958 S.
2170 919 2348 959 Severini
2389 925 2430 958 et

1485 980 1628 1019 Gelasii
1654 982 1778 1031 Papae
1799 979 2037 1031 discipuluS,
2061 980 2271 1032 Presbyter
2289 985 2331 1020 et
2352 980 2430 1021 Ab-

1485 1041 1554 1080 bas
1585 1042 1886 1081 Lucullanensis
1931 1053 2050 1094 prope
2084 1041 2272 1094 Neapolin
2313 1043 2430 1084 Cam-

1485 1105 1621 1153 paniae
1637 1135 1647 1152 ,
1673 1105 1832 1155 scripsit
1856 1103 2012 1143 biennio
2043 1108 2134 1155 post
2169 1104 2429 1145 Consulatum

1487 1166 1732 1215 importuni,
1760 1165 1795 1214 b)
1839 1165 1911 1204 hoc
1948 1171 2010 1204 est
2046 1164 2119 1204 An.
2150 1166 2301 1206 CHristi
2340 1168 2428 1207 511.

1488 1227 1613 1265 Vitam
1641 1228 1682 1266 S.
1711 1226 1896 1266 Severini
1913 1257 1921 1275 ,
1945 1227 2108 1266 Abbatis
2138 1231 2178 1267 et
2201 1229 2427 1269 Noricorum

1485 1289 1672 1339 Apostoli,
1692 1289 1862 1328 dicatam
1881 1289 2089 1328 Paschasio
2111 1291 2293 1339 Diacono,
2311 1288 2446 1342 quam'

1487 1352 1666 1390 mutilam
1693 1352 1833 1390 Surius
1858 1351 1881 1388 8
1904 1353 2105 1401 Januarii,
2133 1351 2204 1391 sed
2236 1354 2430 1404 integram

1486 1414 1638 1463 primus
1661 1425 1710 1452 ex
1742 1413 1980 1452 Bibliotheca
2005 1414 2043 1453 S.
2066 1414 2296 1454 Emmerani
2319 1416 2432 1466 Regi-

1485 1475 1649 1526 noburg.
1673 1475 1795 1514 edidit
1816 1476 2055 1527 scholiisque
2090 1477 2303 1517 illustravit
2334 1479 2431 1516 Mar-

1483 1548 1555 1576 cus
1576 1538 1763 1576 Velserus
1782 1537 1986 1588 Augustae
2003 1538 2297 1578 vindelicorum
2315 1540 2429 1587 1595,

1487 1601 1520 1638 4.
1560 1612 1740 1639 recusam
1782 1602 1884 1638 inter
1907 1601 2056 1639 Velseri
2085 1612 2203 1652 opera
2227 1612 2313 1652 pag.
2339 1602 2428 1641 635.

1486 1666 1704 1714 praemissa
1728 1664 1925 1702 Paschasii
1948 1663 1997 1702 ad
2016 1664 2272 1716 Eugippium,
2296 1675 2374 1715 qua
2394 1666 2428 1703 ei

1485 1729 1630 1775 gratias
1659 1727 1738 1775 agit
1767 1726 1954 1776 Epistola.
1991 1723 2209 1777 Epistolam
2246 1726 2429 1777 Eugippii

1485 1792 1539 1825 aa
1567 1787 1826 1826 Paschasium
1859 1786 1982 1825 edidit
2019 1788 2211 1826 Henricus
2247 1787 2430 1827 Canisius

1486 1854 1579 1887 tom.
1602 1850 1637 1887 6.
1658 1849 1924 1900 Antiquarum
1951 1850 2181 1889 Lectionum
2218 1860 2305 1901 pag.
2340 1849 2427 1889 453.

1485 1911 1588 1961 (edii.
1617 1922 1742 1949 novae
1772 1915 1866 1949 tom.
1893 1913 1927 1950 1.
1951 1921 2038 1962 pag.
2071 1911 2172 1961 411.)
2194 1911 2255 1952 Ex
2279 1911 2428 1950 Velseri

1484 1978 1524 2011 et
1547 1974 1692 2012 Canisii
1716 1972 1889 2012 editione
1914 1973 2057 2023 legitur
2079 1974 2198 2012 etiam
2222 1972 2320 2012 haec
2346 1974 2426 2012 vita

1483 2039 1602 2085 atque
1632 2035 1807 2085 Epistola
1848 2036 1885 2073 in
1924 2035 2025 2074 Surii
2057 2035 2150 2073 vitis
2171 2035 2314 2074 iterum
2336 2046 2427 2074 cum

1483 2098 1657 2134 auctario
1691 2097 1890 2146 vulgatis,
1929 2101 2048 2146 atque
2071 2097 2109 2134 in
2133 2096 2244 2135 Actis
2267 2097 2429 2136 Sancto-

1484 2169 1570 2195 rum
1593 2162 1686 2195 tom.
1715 2159 1747 2195 1.
1773 2158 1946 2196 Januarii
1977 2168 2062 2208 pag.
2091 2158 2166 2196 484
2203 2168 2295 2198 cum
2324 2159 2428 2196 notis

1481 2220 1642 2256 Joannis
1672 2218 1844 2256 Bollandi
1866 2249 1874 2268 ,
1899 2223 1939 2257 et
1962 2230 2011 2258 ex
2037 2220 2266 2259 recensione
2297 2221 2427 2259 Hiero-

1484 2281 1593 2329 nymi
1620 2282 1692 2318 Pez
1718 2281 1755 2317 in
1781 2285 1874 2318 tom.
1900 2281 2025 2331 primo
2043 2282 2280 2331 scriptorum
2300 2281 2349 2321 de
2365 2293 2424 2321 re-

1482 2341 1556 2380 bus
1602 2341 1820 2381 Austriacis
1870 2354 1955 2393 pag.
1999 2342 2061 2380 61.
2117 2344 2276 2382 Praeter
2322 2343 2424 2382 hanc

1483 2404 1659 2442 Severini
1688 2405 1836 2452 vitam,
1860 2403 1977 2454 cujus
2003 2405 2085 2443 loca
2108 2404 2304 2455 quaedam
2338 2405 2426 2445 iilu-

1483 2470 1660 2504 strantur
1687 2478 1708 2504 a
1734 2466 1938 2505 Lambecio
1959 2470 2051 2504 torn.
2077 2466 2114 2506 2.
2137 2477 2225 2519 pag.
2249 2467 2310 2515 42,
2333 2478 2420 2518 sqq.

1484 2528 1701 2578 Eugippius
1725 2528 1773 2567 ab
1798 2527 1944 2566 Isidoro
1969 2528 2074 2578 Hisp.
2099 2538 2182 2580 cap.
2225 2529 2272 2567 13
2308 2529 2357 2568 de
2388 2529 2425 2567 S.
2469 2535 2473 2540 ·

1483 2590 1527 2627 Ε.
1558 2595 1599 2628 et
1630 2591 1794 2628 Honorio
1822 2591 1873 2629 Ill
1891 2619 1900 2628 .
1926 2591 1974 2629 15
1995 2589 2165 2630 traditur
2184 2591 2304 2630 etiam
2331 2592 2426 2630 scri—

1484 2653 1614 2703 psisse
1638 2651 1827 2702 Requiam
1847 2651 2050 2692 Monachis
2064 2650 2363 2692 consistentibus
2386 2652 2427 2691 in

1484 2714 1724 2753 Monosterio
1754 2716 1792 2754 S.
1825 2713 2016 2762 Severini,
2040 2725 2160 2766 quam
2183 2713 2328 2754 eisdem
2345 2725 2426 2753 mo-

1483 2776 1591 2815 riens
1633 2776 1752 2829 quasi
1787 2775 2080 2816 testamentario
2106 2776 2206 2828 jure
2250 2775 2422 2828 reliquit.

1485 2840 1627 2878 Verum
1654 2840 1749 2878 haec
1762 2838 1843 2889 jam
1866 2839 2024 2878 videtur
2039 2837 2298 2886 intercidisse,
2314 2841 2425 2877 ante—

1482 2912 1601 2950 quam
1649 2900 1908 2940 Concordiam
1957 2900 2183 2951 regularum
2234 2899 2423 2939 conderet

1534 3058 1566 3096 a)
1593 3057 1744 3097 Philippo
1767 3060 1952 3098 Bergomati
1977 3059 2011 3090 in
2028 3058 2150 3090 chron.
2173 3056 2334 3090 sabellico
2355 3057 2427 3087 vilt

1473 3108 1502 3138 Ξ.
1526 3112 1558 3138 et
1592 3108 1740 3138 Platinae
1767 3107 1981 3148 Eqisippm,
2009 3109 2188 3140 Francisco
2221 3107 2348 3138 ironico
2371 3107 2428 3138 ΙΙΙ.

1474 3156 1522 3187 14.
1549 3157 1762 3196 Creqiptius.
1799 3156 1876 3188 Aliis
1898 3157 2077 3197 Eugiptm
2092 3179 2104 3195 ‚
2129 3153 2308 3195 Enyepius
2323 3177 2333 3194 ‚
2355 3155 2428 3186 Eu-

1472 3207 1600 3246 qypius
1615 3229 1625 3244 ,
1650 3206 1847 3245 Euqippus.
1871 3205 1952 3237 Vide
1974 3205 2092 3238 velseri
2114 3205 2220 3244 Opera
2242 3206 2316 3244 pag.
2341 3203 2415 3237 652.
2473 3207 2477 3213 ’

1531 3255 1567 3294 b)
1591 3258 1722 3287 Vossius
1750 3264 1823 3295 pag.
1847 3255 1919 3287 236.
1943 3254 2106 3287 Sirmondi
2134 3254 2242 3293 Opera
2266 3256 2345 3284 tom.
2373 3255 2425 3285 W.

516 3303 547 3339 a)
574 3305 679 3333 Etiam
714 3305 771 3336 hos
810 3307 957 3345 vulgavit
981 3309 1184 3340 sirmondus.
1208 3309 1288 3340 Vide
1310 3315 1409 3346 supra
1469 3313 1546 3344 pag.
1570 3305 1642 3335 7517.
1673 3305 1864 3336 Lambecius
1897 3308 1976 3337 tom.
2009 3303 2040 3335 2.
2071 3310 2145 3343 pag.
2169 3301 2219 3334 25.
2243 3303 2425 3336 mabillonii

458 3353 489 3381 in
517 3353 737 3383 DRACONTiO
762 3363 792 3393 p.
819 3355 887 3386 189.

1468 3354 1623 3386 Analecta
1648 3362 1722 3393 pag.
1744 3353 1795 3384 61.
