2500 3841
1005 209 1251 250 BRUNO

121 292 201 334 quo
223 280 423 320 Arnoldus
447 278 564 318 Wion
586 283 693 318 tomo
717 281 731 320 1
752 281 846 333 ligni
871 282 977 321 vitae
995 294 1083 334 pag.

122 345 197 383 260
220 354 303 394 seq.
321 347 362 382 et
377 341 478 382 Acta
494 343 673 382 sanctor.
691 348 786 383 tom.
804 345 854 385 VI
873 346 893 383 J
897 346 978 384 unii
997 357 1083 397 pag.

121 405 200 446 217
224 411 264 444 et
288 410 383 444 tom.
410 406 460 445 IV
480 406 572 445 Julii
588 418 674 458 pag.
702 407 789 446 438.
815 409 913 447 Huic
933 408 1089 447 Trithe-

122 470 227 508 mius
247 479 331 520 cap.
357 469 434 507 336
455 472 496 506 et
519 468 584 507 lib.
606 469 630 508 2
654 469 703 508 de
727 471 950 510 illustribus
965 472 1090 510 Bene-

121 531 281 569 dictinis
303 542 388 582 cap.
410 531 460 570 85
477 532 624 571 -tribuit
644 530 767 572 libros
785 532 884 572 duos
899 545 1090 572 commen-

122 591 323 631 tariorum
346 592 387 631 in
412 593 592 633 Genesin.

176 657 344 696 BRUNO
360 657 583 708 Episcopus
602 657 808 710 Siqnensis
825 688 833 707 ,
851 669 972 710 supra
987 659 1092 697 Bru-

125 729 174 756 πο
196 716 390 759 Ascensis.

179 782 665 824 BRUNWILLERENSIS
674 783 918 824 Monachus*
931 784 1091 824 Ordinis

121 844 325 884 Benedict.
364 857 486 898 prope
527 847 731 887 Coloniam
747 879 758 897 ,
795 849 900 886 circa
927 846 1090 886 Annum

126 908 229 947 4063
249 907 299 947 de
321 909 405 948 vita
428 911 630 950 Comitum
650 911 919 950 Palatinorum
938 910 1064 949 Rheni
1082 939 1091 960 ,

124 969 353 1010 Ehrenfridi
374 973 461 1011 sive
480 973 628 1011 Ezonis
651 977 691 1012 et
710 972 922 1022 Mathildis,
935 983 1093 1010 eorum-

125 1045 205 1083 que
228 1033 330 1073 filiae
349 1036 391 1074 B.
408 1035 618 1085 Richezae,
644 1037 814 1087 Reginae
833 1035 1032 1074 Poloniae:
1053 1034 1093 1071 in

131 1095 297 1135 illustris
313 1098 495 1137 Leibnitii
515 1098 774 1149 scriptoribus
792 1096 1097 1137 Brunsvicensi-

127 1157 203 1197 bus
225 1162 320 1198 tom.
342 1161 358 1198 Ι
381 1171 468 1212 pag.
491 1162 532 1200 34
545 1161 690 1200 3-322.

179 1222 372 1272 BRUUN,
395 1224 533 1262 Latino
555 1224 713 1276 nomine
734 1223 847 1262 velut
868 1222 960 1260 κατ’
984 1219 1094 1263 α’ντί-

127 1287 268 1331 φρασιν
290 1285 440 1335 dimus,
461 1284 686 1332 Candidus,
712 1287 821 1335 (nam
842 1286 1092 1325 Germanicis

127 1347 290 1393 auribus
314 1349 487 1388 Fuscum
511 1350 642 1401 potius
657 1348 862 1399 designat)
888 1349 1023 1387 seculo
1037 1350 1092 1388 IX

126 1410 343 1450 Monachus
380 1411 613 1462 Fuldensis,
637 1411 731 1450 Ord.
755 1411 902 1450 Bened.
926 1413 1095 1463 scriptor

126 1471 233 1511 vitae
251 1472 421 1524 AEqilis,
455 1475 628 1525 Magistri
651 1476 712 1514 sui
727 1472 898 1513 'Abbatis
921 1474 1094 1514 Fulden-

127 1535 183 1573 sis
208 1535 274 1585 (ab
296 1536 370 1575 An.
397 1538 475 1577 848
494 1537 544 1577 ad
568 1539 645 1577 882
662 1538 710 1576 de
727 1549 805 1588 quo
821 1549 942 1590 supra
967 1550 1003 1589 p.
1021 1538 1091 1588 24)

126 1598 235 1637 libris
251 1598 408 1639 duobus
426 1631 433 1650 ,
459 1612 576 1652 prosa
594 1601 734 1649 altero,
752 1601 876 1639 altero
894 1600 1093 1649 versibus,

128 1662 197 1711 qui
220 1661 314 1701 editi
334 1665 355 1702 a
380 1663 666 1715 Christophoro
688 1666 876 1703 Browero
898 1664 937 1701 in
958 1663 1098 1702 sideri-

129 1723 206 1763 bus
225 1724 486 1773 Germaniae,
510 1728 684 1777 Mogunt.
709 1728 812 1766 4646
831 1757 839 1775 ,
864 1726 888 1766 4
902 1731 947 1765 et
968 1727 1058 1765 inde
1075 1728 1098 1765 a

128 1786 351 1826 Mabillonio
375 1789 415 1827 in
432 1787 544 1828 Actis
569 1790 653 1828 Sec.
676 1790 725 1827 IV
744 1789 988 1828 Benedictin.
1009 1801 1097 1840 pag.

130 1848 221 1887 226.
247 1849 378 1888 Vitam
414 1849 612 1902 Bauyolfi‚
638 1849 802 1890 Abbatis
841 1851 977 1890 itidem
1008 1852 1100 1890 Ful-

131 1909 294 1960 densis,
320 1912 493 1952 necdum
515 1914 732 1964 quisquam
749 1915 787 1951 in
809 1914 939 1953 lucem
965 1918 1100 1964 protu-

132 1973 198 2022 lit,
223 1974 329 2024 quod
351 1977 487 2014 sciam.

184 2036 441 2077 Leonhardus
460 2040 659 2078 BRUNUS
680 2038 881 2090 Arctatus,
906 2051 984 2078 non
1010 2039 1099 2077 infi-

131 2110 223 2139 mus
242 2101 348 2139 inter
367 2101 470 2149 illos,
494 2102 562 2152 qui
592 2106 682 2152 post
703 2102 857 2141 foedam
879 2107 919 2140 et
939 2103 1096 2151 longam

130 2162 323 2202 barbariei
332 2168 490 2203 noctem
501 2165 806 2204 renascentibus
815 2165 959 2204 litteris
971 2165 1096 2203 facem

131 2226 363 2276 praelucere
393 2227 560 2266 feliciter
588 2233 818 2279 coeperunt.
853 2229 923 2267 Hic
951 2227 1100 2267 Colucii

134 2289 304 2329 Salutati
324 2294 365 2329 et
382 2290 618 2330 Emanuelis
641 2290 905 2341 Chrysolorae
928 2290 1100 2342 discipu-

132 2352 213 2402 lus·,
238 2353 474 2392 Petrarchae
511 2354 694 2405 exemplo
735 2355 774 2392 in
808 2353 925 2405 cujus
959 2355 1102 2406 cupide

134 2416 294 2466 saepius
318 2417 488 2455 intuitus
511 2427 602 2455 esse
623 2417 750 2456 fertur
774 2418 1014 2468 imaginem,
1045 2419 1103 2456 in-

133 2477 309 2516 credibili
331 2477 470 2517 ardore
491 2478 715 2518 studiorum
738 2491 883 2530 passus
902 2485 965 2519 est
985 2491 1027 2518 se
1045 2482 1104 2519 in-

134 2540 259 2586 citari,
269 2540 324 2578 ita
338 2545 383 2578 ut
395 2540 560 2579 florente
581 2545 711 2580 aetate
730 2541 947 2580 admodum
965 2544 1102 2592 (natus

135 2601 210 2641 An.
228 2602 349 2651 4369)
367 2602 400 2651 a)
417 2607 608 2641 meruerit
622 2603 697 2642 An.
717 2604 819 2643 4404
840 2604 890 2642 ab
910 2605 1103 2643 Innocen-

136 2665 190 2702 tio
205 2664 275 2703 VII
292 2663 481 2702 Pontifice
500 2666 694 2715 cooptari,
710 2666 778 2716 qui
793 2667 828 2704 ei
848 2665 897 2704 ab
912 2666 1101 2717 Epistolis

134 2730 263 2776 esset,
279 2730 326 2765 ut
339 2725 385 2765 A.
407 2727 523 2766 4443.
544 2726 738 2765 Johannis
756 2729 889 2766 XXIII
912 2738 1004 2767 cum
1023 2741 1102 2779 quo

116 2790 247 2841 petiit
269 2790 563 2830 Constantiam:
585 2788 712 2828 redux
731 2789 875 2828 exinde
893 2819 901 2837 ,
925 2802 996 2841 per
1020 2791 1104 2829 lon-

135 2864 231 2904 gum
253 2856 414 2903 tempus
432 2853 557 2902 gessit
575 2862 726 2889 munus
755 2852 987 2891 Cancellarii
1016 2855 1105 2893 Rei-

135 2915 316 2967 publicae
340 2915 614 2962 Florentinae,
649 2913 781 2964 ibique
816 2913 892 2952 An.
919 2915 1048 2965 4444,
1077 2916 1102 2954 7

135 2978 192 3017 ld.
226 2977 351 3017 Martii
369 3007 377 3026 ,
403 2978 545 3016 aetatis
573 2975 624 3016 75
658 2975 893 3015 defunctum
926 2977 1103 3016 laudavit

135 3052 206 3093 pro
230 3041 369 3080 funere
405 3051 615 3079 successor
648 3038 736 3090 ejus
760 3038 957 3090 Pquius,
986 3040 1102 3092 cujus

116 3104 271 3144 ·Oratio
311 3103 417 3143 edita
440 3115 462 3142 a
481 3103 642 3143 Baluzio
666 3107 759 3141 tom.
799 3103 852 3141 III
889 3103 1102 3143 Miscellan.

121 3271 124 3273 ’
197 3263 211 3276 ·
234 3266 389 3297 Fortasse
420 3263 606 3304 Wolsermi
631 3265 689 3304 qui
724 3268 841 3297 contra
873 3267 1111 3306 Berengarium

139 3315 286 3355 scripsit.

197 3364 231 3404 a)
258 3365 428 3406 Poggiana
450 3373 525 3407 pag.
553 3365 591 3398 10
612 3374 680 3406 seq.

1161 294 1249 334 pag.
1273 281 1352 321 252
1388 285 1429 320 et
1452 290 1595 320 recusa
1629 284 1737 319 tomo
1777 282 1919 318 octavo
1953 277 2131 317 thesauri

1161 346 1401 396 scriptorum
1444 343 1579 383 ltaliae
1619 341 1928 390 Burmanniani‚
1968 344 2009 379 et
2038 344 2132 379 ante

1163 407 1383 446 Leonhardi
1413 406 1565 446 Aretini
1602 404 1829 457 Epistolas,
1867 407 2034 443 curante
2068 413 2132 440 me

1163 472 1353 521 repetitas
1387 470 1520 520 praelo
1558 468 1695 508 Hamb.
1728 466 1858 515 4724,
1890 467 1926 506 8.
1955 463 2135 504 Jannotii

1162 532 1329 571 Manetti
1369 532 1586 571 Florentini
1637 530 1868 569 Orationem
1916 529 2131 568 memoriae

1163 593 1252 645 ejus
1272 595 1444 633 dicatam
1469 598 1509 633 et
1532 592 1716 632 laudibus
1735 623 1742 641 ,
1764 594 1884 643 inque
1918 592 2042 630 variis
2070 591 2135 629 Bi-

1163 657 1370 696 bliothecis
1387 657 1423 705 b)
1447 656 1620 704 MStam,
1642 655 1882 694 Philibertus
1901 654 1950 693 de
1974 655 2010 693 la
2029 655 2134 693 Marc

1166 720 1334 758 Senator
1356 719 1612 757 Divionensis
1635 717 1853 768 praefigere
1892 718 2017 756 voluit
2045 727 2139 768 ope-

1165 782 1276 820 ribus
1290 780 1462 829 Aretini,
1478 791 1650 831 quorum
1671 780 1928 818 collectorum
1952 792 1973 819 a
1989 791 2032 819 se
2053 779 2135 819 edi-

1164 846 1314 882 tionem
1335 843 1615 892 meditabatur,
1628 853 1880 893 quorumque
1900 842 2135 893 Catalogum

1165 906 1312 957 publici
1329 904 1433 956 juris
1454 906 1546 944 fecit
1561 906 1730 944 Divione
1750 905 1871 952 1653,
1890 905 1924 942 4.
1944 903 2137 944 Carolnm

1166 968 1447 1020 Marsupinum
1476 968 1688 1007 Aretinum
1730 966 1780 1006 de
1815 967 1920 1005 illius
1953 967 2138 1006 laudibus

1168 1037 1364 1071 memorat
1389 1033 1522 1072 Julius
1556 1033 1675 1082 Niger
1698 1031 1737 1068 in
1763 1029 1928 1068 historia
1970 1031 2138 1080 scripto-

1169 1090 1260 1134 rum
1285 1095 1604 1134 Florentinorum
1640 1105 1727 1144 pag.
1755 1093 1844 1132 449.
1869 1092 2022 1143 Operae
2051 1102 2140 1142 pre-

1167 1159 1268 1197 tium
1293 1169 1453 1210 quoque
1474 1157 1522 1197 de
1562 1169 1608 1196 co
1632 1156 1741 1196 adire
1765 1156 1923 1195 diarum
1960 1153 2140 1193 erudito-

1167 1233 1256 1261 rum
1282 1222 1416 1260 ltaliae
1441 1226 1535 1260 tom.
1560 1222 1616 1260 IX
1636 1232 1674 1272 p.
1699 1220 1770 1259 204
1799 1230 1882 1269 seq.
1904 1217 2134 1268 Antequam

1166 1296 1262 1323 vero
1286 1284 1335 1323 de
1356 1286 1514 1336 scr·Iptis
1534 1283 1622 1334 ejus
1643 1283 1774 1322 dicere
1798 1281 2008 1333 ingredior,
2022 1279 2140 1330 juvat

1166 1359 1259 1386 cum
1285 1349 1447 1386 Lectore
1463 1347 1764 1386 communicare
1790 1343 1882 1383 Lini
1897 1341 2046 1384 Colutii
2066 1343 2142 1382 Sa-

1170 1408 1312 1459 lutati,
1342 1410 1522 1449 nondum
1544 1409 1693 1448 editam
1710 1437 1718 1457 ,
1735 1407 1841 1458 quod
1862 1407 1998 1454 sciam,
2015 1405 2065 1444 ad
2081 1406 2146 1443 In-

1169 1474 1401 1512 nocentium
1440 1473 1684 1523 septimum,
1709 1470 1955 1521 Epistolam,
1992 1469 2032 1506 in
2062 1479 2141 1518 qua

1167 1535 1448 1575 Leonhardum
1472 1535 1596 1584 hunc,
1618 1535 1828 1573 alumnum
1854 1544 1974 1571 suum
2010 1532 2141 1570 Ponti-

1167 1598 1230 1637 fici
1255 1600 1308 1638 ita
1331 1598 1611 1646 commendat,
1634 1601 1677 1636 ut
1712 1608 1825 1648 spem
1867 1595 1916 1634 de
1951 1606 1996 1634 ea
2034 1595 2139 1633 maxi

1165 1673 1272 1700 mam
1296 1662 1530 1712 concepisse
1561 1672 1604 1699 se
1629 1658 1841 1708 ostendat,
1866 1669 1987 1710 quam
2017 1667 2143 1696 even-

1171 1728 1239 1763 tus
1258 1724 1545 1775 comprobavit.

1322 1820 1821 1861 INNOCENTIO
1865 1822 1992 1872 Papae

1374 1886 1497 1923 Linus
1514 1885 1703 1923 Colucius
1719 1884 1940 1922 Salutatus.

1228 1977 1322 2015 Post
1350 1974 1535 2014 humilem
1559 1971 1981 2012 recommendationem
2015 1974 2054 2009 et
2076 1983 2126 2022 pe

1171 2038 1265 2078 dum
1288 2037 1481 2090 opuscula
1505 2036 1725 2076 beatorum.
1751 2034 1890 2074 Nescio
1919 2034 1987 2073 cui
2013 2034 2142 2085 maqis

1168 2100 1372 2152 qratuler,
1398 2099 1649 2139 sanctissime
1670 2101 1791 2138 Pater
1812 2101 1849 2136 et
1869 2097 2032 2136 Domine
2052 2109 2145 2135 vere

1171 2176 1380 2204 successor
1423 2163 1556 2211 Petri,
1598 2162 1791 2213 uniceque
1836 2159 1990 2200 vicarie
2017 2159 2148 2199 JESL'

1175 2228 1404 2277 CHRISTI,
1431 2228 1584 2266 Tuaene
1615 2224 1830 2265 Sanctitati
1859 2235 1914 2262 an
1947 2222 2028 2274 filio
2069 2222 2146 2260 Tuo

1171 2290 1313 2334 ¹dilecto
1337 2289 1541 2330 Leonardo
1565 2288 1728 2328 Aretino
1745 2319 1755 2337 ,
1776 2299 1893 2339 quem
1915 2286 1956 2324 in
1979 2289 2091 2324 tuum
2121 2285 2147 2322 a

1175 2354 1341 2394 secretis
1378 2353 1532 2393 noviter
1554 2351 1774 2391 adscivisti.
1799 2352 1943 2390 Laetor
1968 2347 2147 2401 equidem

1176 2421 1215 2456 et
1235 2416 1372 2456 eoeulto
1385 2415 1491 2468 quod
1514 2413 1587 2454 tibi
1608 2413 1700 2453 talis
1726 2412 1900 2452 servitor
1915 2410 2142 2457 accesserit,

1176 2478 1292 2531 quali
1329 2480 1413 2517 Tua
1450 2476 1644 2517 sanctitas
1679 2474 1890 2526 indiqebat.
1926 2474 2013 2512 Non
2041 2472 2147 2524 quod

1177 2540 1295 2580 bonos
1319 2545 1357 2579 et
1378 2540 1596 2590 industrios
1622 2550 1698 2576 non
1724 2536 1893 2576 haberes
1909 2568 1918 2585 ‚
1951 2535 2021 2575 sed
2051 2547 2147 2587 quo-

1175 2603 1285 2642 niam
1313 2606 1505 2655 quotquot
1543 2601 1630 2640 Tibi
1665 2599 1760 2638 boni
1796 2599 2053 2650 contiqerint,
2084 2597 2148 2637 vel

1176 2665 1344 2704 dominis
1367 2664 1460 2703 aliis
1483 2664 1523 2702 in
1545 2674 1718 2715 quornm
1735 2660 1922 2700 manibus
1940 2659 2048 2698 orbis
2068 2664 2148 2699 ter-

1176 2738 1321 2766 rarum
1341 2730 1409 2775 est,
1434 2737 1589 2776 semper
1603 2723 1795 2775 pluribus
1814 2722 1985 2774 eqeritis.
2003 2724 2147 2761 Laetor

1177 2788 1334 2841 quidem
1357 2793 1395 2828 et
1414 2787 1551 2827 eoenlto
1566 2786 1774 2838 conti'yisse
1798 2785 1916 2824 talem
1934 2785 2037 2824 Tuae
2054 2784 2146 2824 bea-

1176 2851 1337 2891 titudini
1349 2851 1596 2900 servitorem,
1614 2853 1744 2888 aetate
1751 2849 1960 2900 juvenem,
1978 2859 2146 2899 corpore

1175 2913 1353 2954 validum
1367 2945 1378 2962 ,
1403 2916 1566 2965 aspecta
1578 2915 1742 2964 qratum
1756 2943 1765 2961 ,
1791 2910 1960 2950 scientia
1974 2909 2144 2961 clarum,

1178 2976 1399 3028 eloquentia
1417 2974 1686 3026 siqudarem,
1729 2974 1862 3013 latinis
1889 2972 2146 3012 excellentem

1177 3038 1329 3088 literis,
1349 3038 1525 3091 peritum
1566 3050 1642 3077 non
1677 3036 1928 3076 mediocriter
1953 3036 2142 3086 Graecis,

1176 3100 1356 3153 qnodque
1371 3112 1492 3152 snper
1515 3101 1646 3140 omnia
1667 3100 1968 3151 pretioszmzest,
1987 3099 2142 3151 inteqra

1176 3164 1254 3216 fide
1285 3168 1324 3202 et
1344 3163 1546 3216 sinyulari
1574 3163 1743 3203 bonitate
1773 3166 2056 3216 praestantem.
2087 3164 2143 3202 De

1235 3316 1271 3357 b)
1295 3316 1449 3348 Giornale
1473 3317 1523 3347 dc'
1540 3317 1696 3347 Leuci-ati
1721 3315 1751 3347 (1Ι
1768 3315 1861 3347 ltalia
1885 3320 1908 3347 t.
1927 3318 1967 3346 lx
1986 3325 2059 3357 pag.
2083 3316 2145 3347 5138

1173 3366 1321 3398 Labbrus
1337 3366 1704 3399 Bibliotl1.llis.Naldus
1719 3365 1852 3398 Nalllius
1866 3366 2044 3398 inmanem
2062 3370 2140 3400 viia.
