2500 3841
859 214 1252 257 CONRADUS

79 282 220 320 cobum
243 280 378 326 Ouetis
399 284 492 318 tom.
519 283 547 327 1,
576 292 662 332 pag.
689 283 763 321 487
785 314 792 333 ,
823 296 906 336 seq.
930 287 1024 338 Epi-

77 342 218 381 stolam
241 341 288 379 de
314 341 398 381 vita
426 345 464 380 et
501 342 709 384 miracu-lis
746 345 863 398 hujus
892 348 1023 388 Elisa-

79 403 213 443 bethae
225 404 271 443 ad
295 404 527 456 Gregorium
542 406 608 444 lX.
624 409 810 458 scriptam
820 410 893 449 An.
904 414 917 450 4
929 413 1021 461 232,

75 465 196 505 edidit
224 467 300 504 Leo
323 466 491 506 Allatius
517 469 555 505 in
581 467 817 521 συμμίκΓοις,
839 473 1021 513 Coloniae

77 529 202 577 4653,
226 529 261 566 8.
286 541 374 581 pag.
400 530 598 569 269-293.
625 533 775 571 Laudat
795 534 896 574 hanc
920 538 1024 574 Con-

74 589 157 628 radi
179 591 398 641 Epistolam
419 592 770 634 THEODORICUS
790 597 838 635 de
860 597 1022 649 Apoldia

76 651 317 704 Thuringus‚
346 655 413 704 qui
437 654 483 693 A.
516 656 617 694 4289
634 688 644 705 ,
671 659 840 709 scripsit⁷
866 661 1022 711 prologo

77 712 123 752 ad
140 713 262 753 libros
276 715 376 754 VIII.
400 716 448 755 de
464 718 547 757 vita
571 718 750 769 ejusdem
774 722 1021 763 Elisabethae

73 775 177 826 apud
220 777 425 817 Canisium
464 783 557 819 tom.
597 783 642 830 V,
681 787 793 833 parte
824 783 848 821 2
864 817 875 833 ,
903 788 1018 834 (tom.

74 838 135 876 IV.
167 838 350 878 editionis
381 853 506 881 novae
547 855 633 895 pag.
673 847 759 885 446.
794 847 1020 896 >Nonnulla

73 899 300 940 Theodorici
327 903 430 942 illius
454 906 655 956 supplevit
679 909 722 947 V.
748 909 791 948 C.
816 910 1017 948 Burchard

69 962 249 1002 Gotthelf
281 965 469 1005 Struvius
505 969 541 1005 in
581 968 771 1009 Actorum
800 973 1021 1011 Litterario-

74 1035 163 1063 rum
202 1037 252 1064 ex
288 1028 566 1080 Manuscriptis
603 1037 806 1072 erutorum
838 1039 932 1072 tom.
971 1035 1016 1072 Il.

72 1087 274 1126 Fasciculo
297 1090 324 1137 Ι,
345 1101 394 1128 ex
430 1091 586 1131 duobus
616 1094 824 1134 Codicibus
852 1097 928 1135 MS.
957 1098 1019 1135 Bi-

72 1149 287 1189 bliothecae
315 1153 512 1192 Jenensis.

123 1211 389 1253 CONRADUS
413 1216 440 1253 Ι.
465 1216 597 1254 Abbas
616 1218 851 1258 Melle'censz's
867 1251 876 1267 ‚
901 1220 1016 1271 cujus

74 1272 293 1313 Chronicon
308 1274 424 1316 breve
441 1280 617 1316 veterum
626 1279 654 1316 A
662 1280 815 1319 ustriae
823 1281 1018 1320 Marelzz'o-

78 1347 171 1374 uum
195 1341 234 1375 et
246 1338 398 1376 Ducum
427 1352 449 1378 a
470 1341 662 1391 Leopoldo
682 1343 710 1380 I.
734 1344 819 1381 sive
839 1344 884 1382 A.
908 1346 1010 1383 4098

78 1398 126 1436 ad
146 1400 384 1451 Leopoldum
405 1402 467 1440 VI.
488 1403 573 1441 sive
590 1403 817 1443 Virtuosum
834 1405 879 1444 A.
898 1409 1017 1457 4494,

73 1460 223 1500 editum
252 1462 300 1501 ab
335 1464 574 1514 Hieronymo
613 1467 713 1514 Pez‚
741 1472 835 1505 tom.
860 1469 888 1506 Ι.
922 1471 1015 1508 scri-

70 1527 227 1573 ptorum
247 1523 576 1576 Austriacorum‚
605 1527 654 1566 de
683 1529 827 1579 quibus
862 1541 994 1582 supra.

121 1585 385 1626 CONRADUS
407 1587 690 1640 Mildeviensis,
715 1591 836 1630 abbas
855 1593 1013 1633 Ordinis

68 1648 106 1686 S.
131 1648 361 1699 Augustini,
382 1649 499 1700 cujus
518 1656 600 1690 tres
621 1657 750 1692 tomos
772 1654 1010 1696 Sermonum

66 1710 196 1749 MStos
215 1711 363 1750 vidisse
387 1724 430 1751 se
454 1714 604 1752 Patavii
628 1716 870 1756 Possevinus
892 1723 1012 1764 testa-

69 1776 135 1810 tur
155 1802 163 1822 ,
188 1772 623 1827 Quadragesimalium‚
646 1778 949 1818 Dominicalium
973 1785 1014 1820 et

69 1833 317 1873 Sanctorum.

122 1895 388 1937 CONRADUS
404 1901 572 1950 scriptor
590 1901 778 1941 Clzrom'cz'
789 1915 926 1942 rerum
934 1907 1014 1945 Mo-

64 1958 323 2008 (laminarum
351 1961 400 1999 ab
436 1961 551 2000 Anno
577 1965 678 2003 4440
726 1965 773 2004 ad
812 1968 925 2006 4254.
964 1969 1012 2007 ab

66 2020 342 2072 Eysengrenio
361 2034 448 2075 pag.
470 2026 546 2064 405
565 2057 573 2075 ,
597 2026 635 2064 b.
658 2028 746 2066 Dux
768 2030 955 2069 Bavariae
971 2036 1012 2070 et

66 2093 115 2120 ex
142 2083 430 2134 Salisburgensi
460 2087 715 2137 Moguntinus
742 2089 1012 2142 Archiepisco-

66 2155 141 2194 pus
165 2145 286 2184 fuisse
311 2146 503 2186 traditur:
530 2150 676 2189 Verum
703 2153 735 2190 is
760 2152 842 2202 jam
873 2153 1013 2194 defun-

67 2210 157 2246 ctus
185 2206 258 2245 An.
291 2208 419 2258 4205,
443 2214 545 2249 teste
582 2212 665 2263 ipso
694 2214 1009 2267 Eysengreinio,

66 2269 131 2307 vel
150 2267 195 2307 A.
216 2270 339 2320 4200,
362 2273 518 2321 potius,
542 2279 586 2312 ut
606 2279 668 2313 est
684 2276 788 2326 apud
809 2278 1009 2318 Serarium

65 2332 151 2372 pag.
183 2323 283 2370 584,
313 2323 495 2364 editionis
526 2338 664 2366 novae.
693 2330 754 2368 Ab
781 2331 867 2369 aliis
895 2332 1012 2371 CON-

65 2382 231 2423 RADUS
248 2384 489 2426 Colom‘ensis
502 2387 850 2442 Archiepiscopus⁷
867 2393 1011 2432 Comes

66 2443 114 2482 de
139 2446 357 2485 Hoesteden
376 2477 384 2495 ,
409 2453 453 2487 ut
477 2450 515 2487 in
538 2451 620 2500 ipso
642 2458 825 2492 narratur
846 2454 1011 2493 Chroni-

69 2516 114 2544 co
133 2536 141 2554 ,
165 2507 213 2545 ad
232 2509 501 2559 Moguntinam
527 2512 663 2551 sedem
682 2515 922 2566 postulatus,
941 2517 1011 2555 sed

67 2568 336 2608 intercedente
365 2572 551 2611 Pontifice
579 2575 806 2614 Innocentio
831 2578 891 2616 IV.
935 2589 1011 2616 non

67 2630 268 2670 admissus
289 2630 362 2670 An.
393 2634 493 2672 4249
514 2665 524 2683 ,
542 2635 688 2674 Verum
710 2650 832 2686 quare
852 2639 1014 2678 Chroni-

64 2704 137 2731 con
161 2693 265 2732 istud
278 2695 408 2744 potius
428 2695 682 2736 tribuendum
694 2700 745 2736 sit
762 2701 1014 2741 CHRISTIA-

64 2756 131 2795 No
144 2756 191 2794 Il.
213 2757 439 2806 Moguntino
460 2757 508 2795 ab
527 2758 641 2796 Anno
675 2762 797 2811 4249,
827 2763 874 2801 ad
895 2765 1012 2814 4254,

66 2817 387 2869 Archiepiscopo‚
406 2818 555 2858 dictum
587 2826 648 2859 est
671 2833 787 2873 supra
805 2836 889 2875 pag.
914 2826 1014 2878 347,

62 2978 162 3009 betha
177 3002 187 3016 ‚
213 2979 380 3018 Marpurgi
407 2979 498 3011 1645.
521 2979 669 3011 Eundem
692 2981 966 3014 Liebhnechtium
990 2986 1023 3015 in

59 3027 137 3060 diss.
161 3029 173 3057 1
197 3027 236 3059 dc
257 3028 478 3067 Evangelicae
501 3031 656 3061 Veritatis
691 3032 829 3062 testibus
852 3034 885 3062 in
910 3035 1023 3064 Bassia

61 3080 137 3109 ante
161 3076 431 3109 reformationem
455 3082 487 3109 et
510 3080 534 3110 Ι.
558 3079 597 3110 de
616 3080 866 3112 consessoribus
890 3084 923 3112 in
947 3085 1024 3114 llas-

21 3146 23 3149 .
64 3127 112 3157 sia
135 3130 187 3158 etc
220 3129 420 3158 Accuratum
448 3127 488 3159 de
524 3128 585 3160 hoc
614 3131 763 3162 Conrado
797 3133 1021 3171 Marpurgensi

61 3179 340 3208 commentarium
366 3185 470 3217 nuper
491 3185 680 3219 exspectare
697 3183 780 3221 jussi
807 3190 920 3212 sumus
942 3189 961 3212 a
985 3184 1020 3213 v.

60 3226 95 3257 C.
117 3228 244 3257 Joanne
266 3228 408 3259 Henrico
434 3228 658 3261 schminckio.

121 3276 153 3314 3)
179 3275 257 3308 vlde
283 3279 332 3308 so.
364 3280 540 3318 Georgium
566 3281 663 3310 Estor
687 3282 719 3312 in
744 3281 908 3314 ,4113100115
943 3285 1020 3315 Has-

63 3325 160 3357 513015
183 3325 342 3358 sascsculo
366 3329 402 3366 Ι,
426 3336 501 3368 pag.
527 3328 599 3363 154.
622 3338 690 3369 seq.

1964 227 2041 267 385

1097 301 1179 340 seq.
1206 291 1270 329 ubi
1292 292 1484 332 editiones
1509 294 1596 344 ejus
1619 300 1788 345 quatuor
1802 297 1934 346 retuli,
1955 300 2042 348 qui-

1095 352 1171 391 bus
1195 353 1316 392 addes
1336 354 1454 394 hasce
1475 357 1570 396 alias
1591 363 1775 408 quatuor:
1793 360 2042 399 Basileenses

1097 418 1190 453 tres.
1204 428 1320 455 unam
1344 429 1461 467 quam
1481 424 1673 459 memorat
1687 421 1854 460 Jacobus
1870 422 1904 460 le
1919 423 2040 474 Long.

1096 477 1134 514 in
1172 478 1412 519 Bibliotheca
1439 483 1720 521 llistoricorum
1754 483 1900 523 Galliae
1932 497 2040 524 num.

1097 539 1199 579 3572
1218 570 1225 588 ,
1246 542 1509 592 antiquiorem
1532 545 1716 583 omnibus
1739 547 1841 585 4525
1856 578 1867 595 ,
1905 547 1965 585 fol.
1988 548 2042 586 al-

1098 605 1223 640 teram
1256 604 1537 653 Hervagianam
1574 607 1699 655 4555,
1733 608 1767 646 8.
1807 610 1963 648 tertiam
2001 611 2039 648 in

1098 665 1199 702 Petri
1220 665 1605 705 Pithoeicollectione
1622 669 1659 705 in
1677 680 1754 718 qua
1772 670 1956 709 familiam
1972 671 2043 710 du-

1095 728 1147 763 cit
1166 726 1268 765 Otho
1289 728 1749 778 F1·isingensis,ssasiloae
1771 733 1887 781 4569,
1914 735 1978 772 sol.
2002 740 2042 772 et

1093 792 1275 838 quartam
1300 789 1337 825 in
1362 789 1526 827 Reuberi
1553 792 1809 840 scriptoribus
1828 806 1914 844 pag.
1937 797 2010 834 450
2026 820 2042 825 -

1094 850 1181 887 458.
1207 850 1282 887 sub
1319 850 1459 889 titulo:
1502 851 1690 891 Chrom'cvt
1721 856 1866 894 veteris
1902 870 2039 897 rerum

1091 910 1428 962 Moquntz‘narum,
1448 924 1525 964 per
1543 914 1771 954 Conradum
1786 918 2037 971 Episcopum.

1144 973 1412 1013 CONRADUS
1435 974 1611 1026 Molitor,
1637 979 1819 1018 Notarius
1833 982 1934 1020 circa
1961 983 2039 1021 An-

1093 1047 1188 1074 num
1220 1036 1334 1075 4489.
1374 1049 1396 1076 3
1428 1050 1506 1088 quo
1544 1041 1708 1080 collecta
1745 1054 1766 1080 e
1790 1044 1953 1082 confuse
1982 1044 2038 1082 di-

1092 1109 1318 1148 spersorum
1345 1111 1488 1139 acervo
1509 1107 1594 1141 acta
1619 1105 1728 1142 MSta
1748 1103 1956 1156 {evolvisse
1995 1119 2038 1147 se

1090 1161 1297 1210 profitetur
1325 1160 1472 1213 Caspar
1501 1164 1619 1203 Hedio
1643 1197 1651 1214 ,
1681 1172 1817 1205 auctor
1850 1168 2039 1220 paralipo-

1091 1234 1234 1261 menon
1256 1224 1304 1262 ad
1328 1225 1555 1265 Conradum
1578 1227 1772 1267 Abbatem
1798 1231 2039 1282 Urspergcn-

1091 1295 1175 1322 sem
1204 1297 1290 1336 pag.
1323 1288 1399 1326 485
1441 1289 1565 1337 infra,
1589 1290 1820 1330 MOLITOR.

1141 1347 1407 1388 CONRADUS
1428 1349 1474 1388 de
1489 1352 1615 1390 Monte
1631 1353 1860 1404 puellarum
1873 1388 1883 1405 ,
1905 1355 2038 1395 Aven-

1090 1410 1170 1447 tino
1197 1410 1407 1450 Conradus
1429 1411 1475 1450 cle
1507 1413 1805 1467 Mayclenburffi
1831 1417 1863 1466 a)
1889 1419 2036 1456 rectius

1086 1471 1376 1524 Μαῃάεηόενῃ,
1402 1475 1708 1527 (Madgen-Berg)
1734 1490 1782 1517 ne
1810 1479 1858 1518 de
1881 1480 2036 1531 Magde-

1086 1533 1210 1585 burgo
1234 1537 1323 1585 quis
1347 1538 1508 1587 cogitet:
1538 1539 1761 1579 Canonicus
1780 1542 2036 1582 Ratisbonen-

1088 1597 1143 1634 sis
1162 1600 1265 1636 circa
1288 1597 1450 1637 Annum
1479 1601 1578 1639 4350
1597 1631 1604 1648 ,
1621 1603 1764 1641 citatur
1788 1605 1824 1641 in
1841 1606 2033 1644 Chronico

1087 1658 1268 1698 Andreae
1292 1661 1516 1711 Presbyteri
1537 1664 1836 1705 Ratisbonensis
1861 1672 1953 1706 tom.
1970 1669 2031 1707 IV.

1087 1720 1378 1762 Anecdotorum
1401 1724 1620 1764 Clarissimi
1644 1728 1743 1766 Pezii
1767 1734 1877 1779 parte
1894 1733 1929 1780 3,
1946 1743 2032 1782 pag.

1088 1782 1175 1820 444.
1194 1784 1353 1822 Praeter
1375 1784 1602 1838 Ponticam,
1629 1793 1669 1827 et
1694 1791 1821 1830 tribus
1846 1792 1953 1831 libris
1977 1793 2034 1831 di-

1087 1846 1273 1884 stinctam
1289 1847 1580 1888 Oeconomicam
1599 1851 1647 1889 ad
1666 1853 1926 1903 LaupoIdum,
1942 1857 2034 1906 Epi-

1086 1917 1249 1958 scopum
1266 1910 1614 1961 Bambergensem,
1631 1915 1966 1968 Monasticaquae
1983 1917 2031 1956 ad

1084 1971 1234 2008 Ducem
1249 1970 1449 2021 Austriac‚
1467 1978 1505 2012 et
1523 1976 1778 2023 Quaeste'ones
1793 1979 1933 2017 varias
1949 1991 2030 2018 me-

1085 2037 1257 2071 moratas
1277 2035 1489 2074 Trithemio
1510 2037 1558 2075 de
1582 2039 1620 2077 S.
1644 2040 1689 2077 E.
1713 2051 1796 2091 cap.
1820 2043 1919 2090 670,
1937 2044 2033 2081 scri<

1084 2095 1164 2144 psit
1186 2095 1310 2134 vitam
1332 2098 1372 2135 S.
1392 2097 1594 2148 Erlzardc',
1623 2101 1802 2152 Episcopi
1828 2104 2034 2142 Ratisbon-

1086 2159 1221 2196 nensis
1243 2189 1251 2208 ,
1289 2158 1435 2198 editam
1481 2162 1518 2198 in
1558 2162 1669 2201 Actis
1714 2165 1950 2204 Sanctorum
1992 2168 2027 2214 8,

1082 2220 1257 2259 Januarii
1294 2226 1387 2260 tom.
1414 2224 1453 2271 I,
1478 2235 1564 2275 pag.
1590 2226 1678 2265 544.
1704 2228 1852 2266 Deinde
1886 2229 2030 2268 librum

1084 2285 1220 2321 contra
1235 2284 1484 2336 Beyclzarclos
1505 2291 1543 2325 el
1566 2288 1747 2339 Beymas,
1773 2303 1821 2329 ex
1846 2304 1923 2342 quo
1934 2294 2033 2343 frag-

1085 2351 1266 2385 mentum
1297 2348 1504 2399 vulgatum
1533 2361 1555 2388 a
1571 2352 1714 2390 Jacobo
1735 2352 1921 2392 Gretsero
1937 2366 2028 2394 cum

1082 2408 1261 2447 Reinerio
1290 2410 1486 2450 adversus
1524 2413 1763 2452 Waldenses
1780 2444 1789 2462 ,
1815 2416 2027 2465 lngolstad.

1086 2470 1152 2508 464
1164 2472 1199 2517 3,
1214 2471 1295 2508 4.et
1311 2484 1496 2512 recusum
1511 2479 1605 2513 tom.
1623 2477 1747 2514 XXV.
1766 2477 2030 2516 Bibliothecae

1083 2532 1244 2569 Patrum
1267 2532 1359 2570 edit.
1386 2535 1508 2584 Lugd.
1525 2547 1559 2585 p.
1587 2537 1661 2575 340
1680 2568 1688 2585 ,
1713 2542 1752 2575 et
1775 2539 1811 2575 in
1833 2538 2026 2588 Operibus

1085 2593 1259 2630 Gretseri
1285 2598 1377 2631 tom.
1414 2597 1499 2633 XII.
1529 2598 1706 2647 Denique
1744 2602 1846 2637 teste
1881 2601 2032 2639 Labbeo

1086 2665 1175 2703 pag.
1193 2654 1288 2700 235,
1306 2655 1569 2696 Bibliothecae
1594 2660 1811 2706 MStorum7
1837 2662 1873 2698 in
1896 2662 2033 2700 Biblio-

1087 2715 1200 2753 theca
1224 2716 1415 2754 Gabrielis
1432 2718 1601 2757 Naudaei
1628 2720 1800 2759 ineditus
1825 2722 1897 2760 fuit
1918 2722 2034 2761 Plan-

1087 2779 1172 2815 ctus
1196 2776 1396 2816 Ecclesiae
1420 2779 1460 2816 in
1487 2780 1725 2819 Germania:
1750 2788 1908 2822 auctore
1933 2786 2033 2824 Con-

1089 2838 1182 2876 rado
1220 2839 1268 2877 dc
1304 2840 1566 2893 Magdcnberg
1593 2873 1600 2890 ,
1627 2843 1662 2881 id
1688 2850 1775 2892 est.
1814 2845 1862 2883 dc
1903 2848 2032 2886 Monte

1090 2892 1310 2942 puellarum
1329 2894 1442 2932 Anno
1456 2896 1606 2933 Domini
1621 2898 1900 2937 JESL'Cllristi
1921 2901 2032 2949 ¹337,

1091 2955 1230 2993 aetatis
1254 2966 1349 2998 suae
1366 2957 1428 2999 28.
1447 2958 1714 2999 Praemittitur
1747 2963 1901 3011 gemina
1924 2974 2034 3013 prae-

1093 3017 1206 3055 fatio:
1240 3018 1372 3067 Prior,
1397 3018 1680 3068 gyloriosissimo
1703 3022 1783 3061 mec
1808 3023 1973 3063 Cllrz'sll
1994 3025 2033 3063 ln

1090 3077 1361 3117 :llemanniam
1387 3082 1525 3131 Leyalo
1545 3083 1932 3124 Donmo.‹1rnalclode
1952 3087 2033 3125 Vir-

1088 3138 1208 3188 dello,
1235 3145 1309 3179 etc.
1336 3142 1469 3181 Altera
1500 3143 1547 3182 ad
1581 3146 1837 3197 Capellanum
1878 3149 2029 3188 Domini

1141 3281 1174 3322 a)
1196 3283 1344 3314 Urbanus
1372 3284 1505 3317 Godsrid
1538 3287 1668 3319 Siberus
1699 3290 1738 3321 de
1762 3289 1942 3324 illustribus
1964 3291 2039 3325 Ale-

1081 3340 1209 3365 mannis
1231 3342 1292 3374 pag
1334 3333 1400 3366 112.

1687 3407 1735 3448 49
