<?xml version="1.0" encoding="UTF-8"?>
<!DOCTYPE html PUBLIC "-//W3C//DTD XHTML 1.0 Transitional//EN"
    "http://www.w3.org/TR/xhtml1/DTD/xhtml1-transitional.dtd">
<html xmlns="http://www.w3.org/1999/xhtml" xml:lang="en" lang="en">
 <head>
  <title>
</title>
<meta http-equiv="Content-Type" content="text/html;charset=utf-8" />
  <meta name='ocr-system' content='tesseract 3.04.00' />
  <meta name='ocr-capabilities' content='ocr_page ocr_carea ocr_par ocr_line ocrx_word'/>
</head>
<body>
  <div class='ocr_page' id='page_1' title='image "./bibliothecalatin01fabruoft_0301.png"; bbox 0 0 2500 3841; ppageno 0'>
   <div class='ocr_carea' id='block_1_1' title="bbox 945 198 1356 240">
    <p class='ocr_par' dir='ltr' id='par_1_1' title="bbox 945 198 1356 240">
     <span class='ocr_line' id='line_1_1' title="bbox 945 198 1356 240; baseline -0.005 -2"><span class='ocrx_word' id='word_1_1' title='bbox 945 198 1356 240; x_wconf 64' lang='lat' dir='ltr'>BROCHART</span> 
     </span>
    </p>
   </div>
   <div class='ocr_carea' id='block_1_2' title="bbox 133 270 1118 3391">
    <p class='ocr_par' dir='ltr' id='par_1_2' title="bbox 133 270 1114 1077">
     <span class='ocr_line' id='line_1_2' title="bbox 138 270 1105 324; baseline -0.008 -7"><span class='ocrx_word' id='word_1_2' title='bbox 138 278 325 318; x_wconf 91' lang='lat' dir='ltr'>dominus</span> <span class='ocrx_word' id='word_1_3' title='bbox 343 272 667 324; x_wconf 82' lang='lat' dir='ltr'>Argentinensis,</span> <span class='ocrx_word' id='word_1_4' title='bbox 685 273 753 323; x_wconf 85' lang='lat' dir='ltr'>qui</span> <span class='ocrx_word' id='word_1_5' title='bbox 773 275 946 311; x_wconf 81' lang='lat' dir='ltr'>testatur</span> <span class='ocrx_word' id='word_1_6' title='bbox 966 282 1009 310; x_wconf 86' lang='lat' dir='ltr'>se</span> <span class='ocrx_word' id='word_1_7' title='bbox 1030 270 1105 310; x_wconf 87' lang='lat' dir='ltr'>An.</span> 
     </span>
     <span class='ocr_line' id='line_1_3' title="bbox 140 334 1109 379; baseline -0.008 0"><span class='ocrx_word' id='word_1_8' title='bbox 140 340 245 379; x_wconf 73' lang='grc'>1225</span> <span class='ocrx_word' id='word_1_9' title='bbox 274 338 445 376; x_wconf 91' lang='lat' dir='ltr'>missum</span> <span class='ocrx_word' id='word_1_10' title='bbox 480 347 503 375; x_wconf 89' lang='lat' dir='ltr'>a</span> <span class='ocrx_word' id='word_1_11' title='bbox 539 334 738 374; x_wconf 89' lang='lat' dir='ltr'>Friderico</span> <span class='ocrx_word' id='word_1_12' title='bbox 767 335 802 373; x_wconf 93' lang='grc' dir='ltr'>ΙΙ</span> <span class='ocrx_word' id='word_1_13' title='bbox 837 335 1109 374; x_wconf 85' lang='lat' dir='ltr'>Romanorum</span> 
     </span>
     <span class='ocr_line' id='line_1_4' title="bbox 137 396 1108 452; baseline -0.006 -12"><span class='ocrx_word' id='word_1_14' title='bbox 137 402 409 452; x_wconf 81' lang='lat' dir='ltr'><strong>Imperatore,</strong></span> <span class='ocrx_word' id='word_1_15' title='bbox 442 400 482 436; x_wconf 93' lang='lat' dir='ltr'>in</span> <span class='ocrx_word' id='word_1_16' title='bbox 519 397 740 448; x_wconf 71' lang='lat' dir='ltr'>AEgyptum</span> <span class='ocrx_word' id='word_1_17' title='bbox 762 396 812 436; x_wconf 92' lang='lat' dir='ltr'>ad</span> <span class='ocrx_word' id='word_1_18' title='bbox 849 396 1108 444; x_wconf 87' lang='lat' dir='ltr'>Saladinum‚</span> 
     </span>
     <span class='ocr_line' id='line_1_5' title="bbox 134 457 1110 514; baseline -0.007 -12"><span class='ocrx_word' id='word_1_19' title='bbox 134 461 536 514; x_wconf 82' lang='lat' dir='ltr'>RegemBabiloniae,</span> <span class='ocrx_word' id='word_1_20' title='bbox 552 460 846 510; x_wconf 79' lang='lat' dir='ltr'>descripsitque</span> <span class='ocrx_word' id='word_1_21' title='bbox 860 457 1110 509; x_wconf 70' lang='lat' dir='ltr'>Leqate&#39;onem</span> 
     </span>
     <span class='ocr_line' id='line_1_6' title="bbox 136 521 1110 575; baseline -0.005 -11"><span class='ocrx_word' id='word_1_22' title='bbox 136 525 240 564; x_wconf 89' lang='lat' dir='ltr'>hanc</span> <span class='ocrx_word' id='word_1_23' title='bbox 264 523 306 563; x_wconf 75' lang='lat' dir='ltr'>in</span> <span class='ocrx_word' id='word_1_24' title='bbox 327 523 546 575; x_wconf 76' lang='lat' dir='ltr'>AEyyptum</span> <span class='ocrx_word' id='word_1_25' title='bbox 565 521 678 561; x_wconf 88' lang='lat' dir='ltr'>brevi</span> <span class='ocrx_word' id='word_1_26' title='bbox 694 522 825 560; x_wconf 89' lang='lat' dir='ltr'>libello</span> <span class='ocrx_word' id='word_1_27' title='bbox 845 532 924 559; x_wconf 92' lang='lat' dir='ltr'>non</span> <span class='ocrx_word' id='word_1_28' title='bbox 942 532 1110 572; x_wconf 88' lang='lat' dir='ltr'>magnae</span> 
     </span>
     <span class='ocr_line' id='line_1_7' title="bbox 135 582 1113 637; baseline -0.004 -12"><span class='ocrx_word' id='word_1_29' title='bbox 135 587 193 626; x_wconf 89' lang='lat' dir='ltr'>rei</span> <span class='ocrx_word' id='word_1_30' title='bbox 213 590 255 625; x_wconf 88' lang='lat' dir='ltr'>et</span> <span class='ocrx_word' id='word_1_31' title='bbox 278 597 301 625; x_wconf 91' lang='lat' dir='ltr'>a</span> <span class='ocrx_word' id='word_1_32' title='bbox 323 586 453 637; x_wconf 92' lang='lat' dir='ltr'>priore</span> <span class='ocrx_word' id='word_1_33' title='bbox 477 584 527 623; x_wconf 90' lang='lat' dir='ltr'>de</span> <span class='ocrx_word' id='word_1_34' title='bbox 550 596 629 635; x_wconf 89' lang='lat' dir='ltr'>quo</span> <span class='ocrx_word' id='word_1_35' title='bbox 653 596 690 635; x_wconf 94' lang='lat' dir='ltr'>p.</span> <span class='ocrx_word' id='word_1_36' title='bbox 713 583 791 623; x_wconf 67' lang='lat'>262</span> <span class='ocrx_word' id='word_1_37' title='bbox 812 594 980 635; x_wconf 91' lang='lat' dir='ltr'>prorsus</span> <span class='ocrx_word' id='word_1_38' title='bbox 1003 582 1113 622; x_wconf 80' lang='lat' dir='ltr'>diffe-</span> 
     </span>
     <span class='ocr_line' id='line_1_8' title="bbox 137 645 1112 699; baseline -0.006 -11"><span class='ocrx_word' id='word_1_39' title='bbox 137 653 272 697; x_wconf 82' lang='lat' dir='ltr'>rente,</span> <span class='ocrx_word' id='word_1_40' title='bbox 296 649 365 699; x_wconf 92' lang='lat' dir='ltr'>qui</span> <span class='ocrx_word' id='word_1_41' title='bbox 379 649 458 687; x_wconf 81' lang='lat' dir='ltr'>MS.</span> <span class='ocrx_word' id='word_1_42' title='bbox 480 647 612 687; x_wconf 92' lang='lat' dir='ltr'>adhuc</span> <span class='ocrx_word' id='word_1_43' title='bbox 628 650 816 686; x_wconf 90' lang='lat' dir='ltr'>servatur</span> <span class='ocrx_word' id='word_1_44' title='bbox 833 647 869 684; x_wconf 96' lang='lat' dir='ltr'>in</span> <span class='ocrx_word' id='word_1_45' title='bbox 892 645 1112 684; x_wconf 87' lang='lat' dir='ltr'>Basileensi</span> 
     </span>
     <span class='ocr_line' id='line_1_9' title="bbox 134 707 1110 759; baseline -0.005 -9"><span class='ocrx_word' id='word_1_46' title='bbox 134 711 320 751; x_wconf 89' lang='lat' dir='ltr'>Biblioth.</span> <span class='ocrx_word' id='word_1_47' title='bbox 343 711 442 751; x_wconf 90' lang='lat' dir='ltr'>Vide</span> <span class='ocrx_word' id='word_1_48' title='bbox 462 712 544 749; x_wconf 91' lang='lat' dir='ltr'>Jac.</span> <span class='ocrx_word' id='word_1_49' title='bbox 563 709 796 750; x_wconf 89' lang='lat' dir='ltr'>Echardum</span> <span class='ocrx_word' id='word_1_50' title='bbox 812 712 906 747; x_wconf 86' lang='lat' dir='ltr'>tom.</span> <span class='ocrx_word' id='word_1_51' title='bbox 929 708 944 746; x_wconf 96' lang='grc' dir='ltr'>Ι</span> <span class='ocrx_word' id='word_1_52' title='bbox 965 720 1002 759; x_wconf 87' lang='lat' dir='ltr'>p.</span> <span class='ocrx_word' id='word_1_53' title='bbox 1019 707 1110 745; x_wconf 63' lang='lat'><strong>394.</strong></span> 
     </span>
     <span class='ocr_line' id='line_1_10' title="bbox 133 769 1114 825; baseline -0.006 -12"><span class='ocrx_word' id='word_1_54' title='bbox 133 774 234 813; x_wconf 89' lang='lat' dir='ltr'>Huic</span> <span class='ocrx_word' id='word_1_55' title='bbox 267 774 401 825; x_wconf 88' lang='lat' dir='ltr'>potius</span> <span class='ocrx_word' id='word_1_56' title='bbox 439 785 562 824; x_wconf 89' lang='lat' dir='ltr'>quam</span> <span class='ocrx_word' id='word_1_57' title='bbox 598 773 793 823; x_wconf 88' lang='lat' dir='ltr'>superiori</span> <span class='ocrx_word' id='word_1_58' title='bbox 826 769 1024 810; x_wconf 85' lang='lat' dir='ltr'>Brocardo</span> <span class='ocrx_word' id='word_1_59' title='bbox 1052 770 1114 807; x_wconf 92' lang='lat' dir='ltr'>vi-</span> 
     </span>
     <span class='ocr_line' id='line_1_11' title="bbox 133 831 1110 884; baseline -0.005 -9"><span class='ocrx_word' id='word_1_60' title='bbox 133 836 282 876; x_wconf 79' lang='lat' dir='ltr'>dentur</span> <span class='ocrx_word' id='word_1_61' title='bbox 305 836 510 879; x_wconf 85' lang='lat' dir='ltr'>tribuendi</span> <span class='ocrx_word' id='word_1_62' title='bbox 530 833 707 875; x_wconf 82' lang='lat' dir='ltr'>Annales</span> <span class='ocrx_word' id='word_1_63' title='bbox 731 834 778 873; x_wconf 81' lang='lat' dir='ltr'>cle</span> <span class='ocrx_word' id='word_1_64' title='bbox 803 833 926 884; x_wconf 74' lang='lat' dir='ltr'>yestis</span> <span class='ocrx_word' id='word_1_65' title='bbox 961 833 995 871; x_wconf 95' lang='lat' dir='ltr'><em>F</em></span> <span class='ocrx_word' id='word_1_66' title='bbox 998 831 1110 871; x_wconf 83' lang='lat' dir='ltr'>rede-</span> 
     </span>
     <span class='ocr_line' id='line_1_12' title="bbox 136 898 1111 952; baseline -0.005 -14"><span class='ocrx_word' id='word_1_67' title='bbox 136 899 219 938; x_wconf 82' lang='lat' dir='ltr'>rici</span> <span class='ocrx_word' id='word_1_68' title='bbox 237 899 262 937; x_wconf 94' lang='lat' dir='ltr'><strong><em>I</em></strong></span> <span class='ocrx_word' id='word_1_69' title='bbox 285 898 552 952; x_wconf 79' lang='lat' dir='ltr'>Imperatoris</span> <span class='ocrx_word' id='word_1_70' title='bbox 590 898 632 937; x_wconf 82' lang='lat' dir='ltr'>in</span> <span class='ocrx_word' id='word_1_71' title='bbox 674 900 788 936; x_wconf 82' lang='lat' dir='ltr'>terra</span> <span class='ocrx_word' id='word_1_72' title='bbox 819 899 979 945; x_wconf 83' lang='lat' dir='ltr'>sancta,</span> <span class='ocrx_word' id='word_1_73' title='bbox 1008 905 1111 945; x_wconf 88' lang='lat' dir='ltr'>quos</span> 
     </span>
     <span class='ocr_line' id='line_1_13' title="bbox 134 958 1113 1014; baseline -0.005 -13"><span class='ocrx_word' id='word_1_74' title='bbox 134 961 283 1014; x_wconf 84' lang='lat' dir='ltr'>Wolfg.</span> <span class='ocrx_word' id='word_1_75' title='bbox 299 963 463 1004; x_wconf 84' lang='lat' dir='ltr'>Lazium</span> <span class='ocrx_word' id='word_1_76' title='bbox 480 961 670 1004; x_wconf 87' lang='lat' dir='ltr'>habuisse</span> <span class='ocrx_word' id='word_1_77' title='bbox 689 963 866 1000; x_wconf 85' lang='lat' dir='ltr'>testatus</span> <span class='ocrx_word' id='word_1_78' title='bbox 882 963 945 997; x_wconf 84' lang='lat' dir='ltr'>est</span> <span class='ocrx_word' id='word_1_79' title='bbox 960 958 1113 998; x_wconf 89' lang='lat' dir='ltr'>Gesne-</span> 
     </span>
     <span class='ocr_line' id='line_1_14' title="bbox 135 1023 827 1077; baseline -0.006 -13"><span class='ocrx_word' id='word_1_80' title='bbox 135 1036 206 1064; x_wconf 90' lang='lat' dir='ltr'>rus</span> <span class='ocrx_word' id='word_1_81' title='bbox 230 1026 270 1063; x_wconf 90' lang='lat' dir='ltr'>in</span> <span class='ocrx_word' id='word_1_82' title='bbox 293 1024 525 1077; x_wconf 79' lang='lat' dir='ltr'>Appendice</span> <span class='ocrx_word' id='word_1_83' title='bbox 546 1023 827 1063; x_wconf 81' lang='lat' dir='ltr'>Bibliothecae.</span> 
     </span>
    </p>

    <p class='ocr_par' dir='ltr' id='par_1_3' title="bbox 136 1082 1118 1823">
     <span class='ocr_line' id='line_1_15' title="bbox 190 1082 1110 1135; baseline -0.004 -9"><span class='ocrx_word' id='word_1_84' title='bbox 190 1086 306 1126; x_wconf 91' lang='lat' dir='ltr'>Alius</span> <span class='ocrx_word' id='word_1_85' title='bbox 328 1088 468 1135; x_wconf 88' lang='lat' dir='ltr'>etiam,</span> <span class='ocrx_word' id='word_1_86' title='bbox 503 1091 549 1125; x_wconf 95' lang='lat' dir='ltr'>ut</span> <span class='ocrx_word' id='word_1_87' title='bbox 584 1085 766 1135; x_wconf 81' lang='lat' dir='ltr'>videtur,</span> <span class='ocrx_word' id='word_1_88' title='bbox 794 1084 902 1133; x_wconf 84' lang='lat' dir='ltr'>(licet</span> <span class='ocrx_word' id='word_1_89' title='bbox 925 1082 1110 1126; x_wconf 88' lang='lat' dir='ltr'>Oudinus</span> 
     </span>
     <span class='ocr_line' id='line_1_16' title="bbox 136 1145 1109 1200; baseline -0.006 -12"><span class='ocrx_word' id='word_1_90' title='bbox 136 1153 245 1191; x_wconf 83' lang='lat' dir='ltr'>tomo</span> <span class='ocrx_word' id='word_1_91' title='bbox 268 1150 322 1188; x_wconf 88' lang='lat'>111</span> <span class='ocrx_word' id='word_1_92' title='bbox 341 1161 429 1200; x_wconf 90' lang='lat' dir='ltr'>pag.</span> <span class='ocrx_word' id='word_1_93' title='bbox 452 1150 521 1188; x_wconf 91' lang='grc'>591</span> <span class='ocrx_word' id='word_1_94' title='bbox 544 1147 720 1188; x_wconf 86' lang='lat' dir='ltr'>eundem</span> <span class='ocrx_word' id='word_1_95' title='bbox 739 1158 833 1189; x_wconf 88' lang='lat' dir='ltr'>cum</span> <span class='ocrx_word' id='word_1_96' title='bbox 856 1147 984 1197; x_wconf 86' lang='lat' dir='ltr'>primo</span> <span class='ocrx_word' id='word_1_97' title='bbox 999 1145 1109 1194; x_wconf 86' lang='lat' dir='ltr'>velit)</span> 
     </span>
     <span class='ocr_line' id='line_1_17' title="bbox 136 1207 1111 1260; baseline -0.005 -10"><span class='ocrx_word' id='word_1_98' title='bbox 136 1210 440 1255; x_wconf 82' lang='lat' dir='ltr'>BROCARDUS</span> <span class='ocrx_word' id='word_1_99' title='bbox 463 1209 789 1260; x_wconf 84' lang='lat' dir='ltr'>Argentinensis,</span> <span class='ocrx_word' id='word_1_100' title='bbox 814 1207 976 1247; x_wconf 84' lang='lat' dir='ltr'>Ordinis</span> <span class='ocrx_word' id='word_1_101' title='bbox 995 1208 1111 1246; x_wconf 88' lang='lat' dir='ltr'>Prae-</span> 
     </span>
     <span class='ocr_line' id='line_1_18' title="bbox 137 1271 1112 1324; baseline -0.005 -12"><span class='ocrx_word' id='word_1_102' title='bbox 137 1272 381 1322; x_wconf 80' lang='lat' dir='ltr'>dicatorum,</span> <span class='ocrx_word' id='word_1_103' title='bbox 406 1274 474 1324; x_wconf 88' lang='lat' dir='ltr'>qui</span> <span class='ocrx_word' id='word_1_104' title='bbox 497 1274 601 1313; x_wconf 91' lang='lat' dir='ltr'>circa</span> <span class='ocrx_word' id='word_1_105' title='bbox 623 1272 756 1311; x_wconf 89' lang='lat' dir='ltr'>Seculi</span> <span class='ocrx_word' id='word_1_106' title='bbox 771 1271 862 1310; x_wconf 89' lang='lat' dir='ltr'>XIV</span> <span class='ocrx_word' id='word_1_107' title='bbox 878 1271 990 1309; x_wconf 89' lang='lat' dir='ltr'>initia</span> <span class='ocrx_word' id='word_1_108' title='bbox 1013 1271 1112 1308; x_wconf 91' lang='lat' dir='ltr'>scri-</span> 
     </span>
     <span class='ocr_line' id='line_1_19' title="bbox 138 1332 1111 1387; baseline -0.006 -11"><span class='ocrx_word' id='word_1_109' title='bbox 138 1336 220 1387; x_wconf 84' lang='lat' dir='ltr'><strong>psit</strong></span> <span class='ocrx_word' id='word_1_110' title='bbox 242 1336 451 1379; x_wconf 85' lang='lat' dir='ltr'><em>Summam</em></span> <span class='ocrx_word' id='word_1_111' title='bbox 481 1333 528 1374; x_wconf 83' lang='lat' dir='ltr'>de</span> <span class='ocrx_word' id='word_1_112' title='bbox 557 1332 743 1382; x_wconf 80' lang='lat' dir='ltr'><strong><em>casibus,</em></strong></span> <span class='ocrx_word' id='word_1_113' title='bbox 777 1334 865 1372; x_wconf 92' lang='lat' dir='ltr'>sive</span> <span class='ocrx_word' id='word_1_114' title='bbox 901 1334 1111 1372; x_wconf 81' lang='lat' dir='ltr'><em>Summam</em></span> 
     </span>
     <span class='ocr_line' id='line_1_20' title="bbox 137 1393 1112 1443; baseline -0.006 -5"><span class='ocrx_word' id='word_1_115' title='bbox 137 1396 429 1438; x_wconf 59' lang='lat' dir='ltr'>Broc-ardicam</span> <span class='ocrx_word' id='word_1_116' title='bbox 451 1396 499 1436; x_wconf 86' lang='lat' dir='ltr'>de</span> <span class='ocrx_word' id='word_1_117' title='bbox 521 1396 632 1436; x_wconf 74' lang='lat' dir='ltr'>vitiis</span> <span class='ocrx_word' id='word_1_118' title='bbox 656 1399 695 1434; x_wconf 82' lang='lat' dir='ltr'>et</span> <span class='ocrx_word' id='word_1_119' title='bbox 714 1393 955 1443; x_wconf 65' lang='lat' dir='ltr'>virtutibus,</span> <span class='ocrx_word' id='word_1_120' title='bbox 995 1395 1033 1433; x_wconf 90' lang='lat' dir='ltr'>in</span> <span class='ocrx_word' id='word_1_121' title='bbox 1064 1395 1112 1434; x_wconf 93' lang='lat' dir='ltr'>li-</span> 
     </span>
     <span class='ocr_line' id='line_1_21' title="bbox 136 1459 1113 1510; baseline -0.004 -11"><span class='ocrx_word' id='word_1_122' title='bbox 136 1459 231 1499; x_wconf 90' lang='lat' dir='ltr'>bros</span> <span class='ocrx_word' id='word_1_123' title='bbox 253 1461 433 1510; x_wconf 91' lang='lat' dir='ltr'>quinque</span> <span class='ocrx_word' id='word_1_124' title='bbox 456 1460 666 1508; x_wconf 85' lang='lat' dir='ltr'>tributam,</span> <span class='ocrx_word' id='word_1_125' title='bbox 698 1460 737 1496; x_wconf 92' lang='lat' dir='ltr'>in</span> <span class='ocrx_word' id='word_1_126' title='bbox 768 1469 847 1509; x_wconf 90' lang='lat' dir='ltr'>quo</span> <span class='ocrx_word' id='word_1_127' title='bbox 871 1469 989 1508; x_wconf 87' lang='lat' dir='ltr'>opere</span> <span class='ocrx_word' id='word_1_128' title='bbox 1018 1468 1113 1495; x_wconf 88' lang='lat' dir='ltr'>con-</span> 
     </span>
     <span class='ocr_line' id='line_1_22' title="bbox 138 1519 1118 1572; baseline 0 -12"><span class='ocrx_word' id='word_1_129' title='bbox 138 1520 287 1569; x_wconf 81' lang='lat' dir='ltr'>dendo,</span> <span class='ocrx_word' id='word_1_130' title='bbox 297 1521 586 1561; x_wconf 88' lang='lat' dir='ltr'>ututvideatur</span> <span class='ocrx_word' id='word_1_131' title='bbox 601 1521 651 1560; x_wconf 92' lang='lat' dir='ltr'>ad</span> <span class='ocrx_word' id='word_1_132' title='bbox 661 1522 870 1561; x_wconf 87' lang='lat' dir='ltr'>Summam</span> <span class='ocrx_word' id='word_1_133' title='bbox 888 1519 1118 1572; x_wconf 70' lang='lat' dir='ltr'>Raymundt&#39;</span> 
     </span>
     <span class='ocr_line' id='line_1_23' title="bbox 139 1576 1117 1637; baseline -0.002 -14"><span class='ocrx_word' id='word_1_134' title='bbox 139 1576 187 1623; x_wconf 74' lang='lat' dir='ltr'>cle</span> <span class='ocrx_word' id='word_1_135' title='bbox 210 1583 449 1637; x_wconf 78' lang='lat' dir='ltr'>Pennaforli</span> <span class='ocrx_word' id='word_1_136' title='bbox 465 1583 689 1623; x_wconf 79' lang='lat' dir='ltr'>attendisse</span> <span class='ocrx_word' id='word_1_137' title='bbox 704 1612 714 1628; x_wconf 89' lang='lat'>‚</span> <span class='ocrx_word' id='word_1_138' title='bbox 734 1587 872 1622; x_wconf 87' lang='lat' dir='ltr'>tamen</span> <span class='ocrx_word' id='word_1_139' title='bbox 903 1583 1018 1634; x_wconf 85' lang='lat' dir='ltr'>plura</span> <span class='ocrx_word' id='word_1_140' title='bbox 1048 1583 1117 1622; x_wconf 90' lang='lat' dir='ltr'>ha-</span> 
     </span>
     <span class='ocr_line' id='line_1_24' title="bbox 137 1646 1113 1699; baseline -0.002 -14"><span class='ocrx_word' id='word_1_141' title='bbox 137 1646 207 1686; x_wconf 92' lang='lat' dir='ltr'>bet</span> <span class='ocrx_word' id='word_1_142' title='bbox 228 1646 303 1685; x_wconf 90' lang='lat' dir='ltr'>sibi</span> <span class='ocrx_word' id='word_1_143' title='bbox 322 1648 479 1699; x_wconf 90' lang='lat' dir='ltr'>propria</span> <span class='ocrx_word' id='word_1_144' title='bbox 503 1651 544 1686; x_wconf 90' lang='lat' dir='ltr'>et</span> <span class='ocrx_word' id='word_1_145' title='bbox 567 1647 805 1697; x_wconf 78' lang='lat' dir='ltr'>singularia,</span> <span class='ocrx_word' id='word_1_146' title='bbox 826 1649 871 1684; x_wconf 90' lang='lat' dir='ltr'>ut</span> <span class='ocrx_word' id='word_1_147' title='bbox 893 1649 1022 1692; x_wconf 83' lang='lat' dir='ltr'>notat,</span> <span class='ocrx_word' id='word_1_148' title='bbox 1044 1646 1113 1696; x_wconf 92' lang='lat' dir='ltr'>qui</span> 
     </span>
     <span class='ocr_line' id='line_1_25' title="bbox 139 1708 1114 1761; baseline -0.001 -13"><span class='ocrx_word' id='word_1_149' title='bbox 139 1709 278 1761; x_wconf 87' lang='lat' dir='ltr'>plures</span> <span class='ocrx_word' id='word_1_150' title='bbox 301 1708 390 1761; x_wconf 86' lang='lat' dir='ltr'>ejus</span> <span class='ocrx_word' id='word_1_151' title='bbox 414 1709 551 1751; x_wconf 89' lang='lat' dir='ltr'>laudat</span> <span class='ocrx_word' id='word_1_152' title='bbox 580 1709 746 1749; x_wconf 81' lang='lat' dir='ltr'>Codices</span> <span class='ocrx_word' id='word_1_153' title='bbox 781 1708 913 1748; x_wconf 85' lang='lat' dir='ltr'>Mstos</span> <span class='ocrx_word' id='word_1_154' title='bbox 941 1708 1114 1747; x_wconf 84' lang='lat' dir='ltr'>Jacobus</span> 
     </span>
     <span class='ocr_line' id='line_1_26' title="bbox 137 1771 682 1823; baseline -0.004 -11"><span class='ocrx_word' id='word_1_155' title='bbox 137 1771 350 1812; x_wconf 86' lang='lat' dir='ltr'>Echardus</span> <span class='ocrx_word' id='word_1_156' title='bbox 373 1777 468 1812; x_wconf 90' lang='lat' dir='ltr'>tom.</span> <span class='ocrx_word' id='word_1_157' title='bbox 493 1773 509 1811; x_wconf 96' lang='lat' dir='ltr'>I</span> <span class='ocrx_word' id='word_1_158' title='bbox 530 1784 567 1823; x_wconf 92' lang='lat' dir='ltr'>p.</span> <span class='ocrx_word' id='word_1_159' title='bbox 594 1773 682 1811; x_wconf 77' lang='lat'>466.</span> 
     </span>
    </p>

    <p class='ocr_par' dir='ltr' id='par_1_4' title="bbox 137 1834 1117 3391">
     <span class='ocr_line' id='line_1_27' title="bbox 190 1834 1114 1885; baseline 0.001 -13"><span class='ocrx_word' id='word_1_160' title='bbox 190 1835 477 1877; x_wconf 77' lang='lat' dir='ltr'>Bonavencura</span> <span class='ocrx_word' id='word_1_161' title='bbox 497 1834 786 1885; x_wconf 77' lang='lat' dir='ltr'>BROCHART,</span> <span class='ocrx_word' id='word_1_162' title='bbox 811 1835 972 1877; x_wconf 83' lang='lat' dir='ltr'>Ordinis</span> <span class='ocrx_word' id='word_1_163' title='bbox 990 1835 1114 1874; x_wconf 80' lang='lat' dir='ltr'>Mino-</span> 
     </span>
     <span class='ocr_line' id='line_1_28' title="bbox 139 1897 1110 1945; baseline -0.004 -7"><span class='ocrx_word' id='word_1_164' title='bbox 139 1908 232 1938; x_wconf 84' lang='lat' dir='ltr'>rum</span> <span class='ocrx_word' id='word_1_165' title='bbox 273 1897 511 1937; x_wconf 83' lang='lat' dir='ltr'>Conventus</span> <span class='ocrx_word' id='word_1_166' title='bbox 553 1898 771 1939; x_wconf 86' lang='lat' dir='ltr'>Bernensis</span> <span class='ocrx_word' id='word_1_167' title='bbox 817 1898 857 1939; x_wconf 90' lang='lat' dir='ltr'>in</span> <span class='ocrx_word' id='word_1_168' title='bbox 895 1898 1081 1936; x_wconf 83' lang='lat' dir='ltr'>Neustria</span> <span class='ocrx_word' id='word_1_169' title='bbox 1102 1926 1110 1945; x_wconf 84' lang='lat'>,</span> 
     </span>
     <span class='ocr_line' id='line_1_29' title="bbox 139 1959 1110 2012; baseline -0.003 -11"><span class='ocrx_word' id='word_1_170' title='bbox 139 1971 262 2012; x_wconf 87' lang='lat' dir='ltr'>quem</span> <span class='ocrx_word' id='word_1_171' title='bbox 286 1962 326 2001; x_wconf 89' lang='lat' dir='ltr'>in</span> <span class='ocrx_word' id='word_1_172' title='bbox 350 1961 492 2001; x_wconf 84' lang='lat' dir='ltr'>itinere</span> <span class='ocrx_word' id='word_1_173' title='bbox 511 1961 872 2011; x_wconf 84' lang='lat' dir='ltr'>Hierosolymitano</span> <span class='ocrx_word' id='word_1_174' title='bbox 896 1959 972 1999; x_wconf 89' lang='lat' dir='ltr'>An.</span> <span class='ocrx_word' id='word_1_175' title='bbox 1005 1960 1110 1999; x_wconf 81' lang='grc'>1535</span> 
     </span>
     <span class='ocr_line' id='line_1_30' title="bbox 138 2021 1111 2076; baseline -0.001 -15"><span class='ocrx_word' id='word_1_176' title='bbox 138 2023 293 2062; x_wconf 88' lang='lat' dir='ltr'>socium</span> <span class='ocrx_word' id='word_1_177' title='bbox 313 2022 453 2062; x_wconf 89' lang='lat' dir='ltr'>habuit</span> <span class='ocrx_word' id='word_1_178' title='bbox 495 2021 696 2076; x_wconf 79' lang='lat' dir='ltr'>Greffinus</span> <span class='ocrx_word' id='word_1_179' title='bbox 721 2021 943 2075; x_wconf 71' lang='lat' dir='ltr'>Arfaqart,</span> <span class='ocrx_word' id='word_1_180' title='bbox 973 2023 1111 2073; x_wconf 86' lang='lat' dir='ltr'>Eques</span> 
     </span>
     <span class='ocr_line' id='line_1_31' title="bbox 137 2085 1112 2136; baseline -0.001 -12"><span class='ocrx_word' id='word_1_181' title='bbox 137 2085 406 2125; x_wconf 87' lang='lat' dir='ltr'>Normannus.</span> <span class='ocrx_word' id='word_1_182' title='bbox 423 2086 574 2125; x_wconf 88' lang='lat' dir='ltr'>Horum</span> <span class='ocrx_word' id='word_1_183' title='bbox 599 2087 675 2124; x_wconf 91' lang='lat' dir='ltr'>iter</span> <span class='ocrx_word' id='word_1_184' title='bbox 697 2085 847 2125; x_wconf 81' lang='lat' dir='ltr'>Gallice</span> <span class='ocrx_word' id='word_1_185' title='bbox 862 2085 1112 2136; x_wconf 84' lang='lat' dir='ltr'>descriptum</span> 
     </span>
     <span class='ocr_line' id='line_1_32' title="bbox 139 2147 1116 2200; baseline -0.002 -13"><span class='ocrx_word' id='word_1_186' title='bbox 139 2147 352 2191; x_wconf 88' lang='lat' dir='ltr'>Volumine</span> <span class='ocrx_word' id='word_1_187' title='bbox 375 2159 455 2189; x_wconf 90' lang='lat' dir='ltr'>non</span> <span class='ocrx_word' id='word_1_188' title='bbox 478 2159 627 2200; x_wconf 90' lang='lat' dir='ltr'>parvae</span> <span class='ocrx_word' id='word_1_189' title='bbox 657 2148 774 2187; x_wconf 92' lang='lat' dir='ltr'>molis</span> <span class='ocrx_word' id='word_1_190' title='bbox 792 2148 950 2190; x_wconf 86' lang='lat' dir='ltr'>MStum</span> <span class='ocrx_word' id='word_1_191' title='bbox 982 2149 1021 2186; x_wconf 88' lang='lat' dir='ltr'>in</span> <span class='ocrx_word' id='word_1_192' title='bbox 1051 2148 1116 2186; x_wconf 88' lang='lat' dir='ltr'>Bi-</span> 
     </span>
     <span class='ocr_line' id='line_1_33' title="bbox 137 2210 1117 2263; baseline 0 -14"><span class='ocrx_word' id='word_1_193' title='bbox 137 2210 337 2254; x_wconf 88' lang='lat' dir='ltr'>bliotheca</span> <span class='ocrx_word' id='word_1_194' title='bbox 355 2212 476 2263; x_wconf 86' lang='lat' dir='ltr'>Regia</span> <span class='ocrx_word' id='word_1_195' title='bbox 497 2212 713 2251; x_wconf 88' lang='lat' dir='ltr'>Parisiensi</span> <span class='ocrx_word' id='word_1_196' title='bbox 732 2210 920 2250; x_wconf 88' lang='lat' dir='ltr'>laudatur</span> <span class='ocrx_word' id='word_1_197' title='bbox 940 2222 962 2250; x_wconf 87' lang='lat' dir='ltr'>a</span> <span class='ocrx_word' id='word_1_198' title='bbox 978 2212 1117 2252; x_wconf 88' lang='lat' dir='ltr'>Cruci-</span> 
     </span>
     <span class='ocr_line' id='line_1_34' title="bbox 140 2273 1113 2325; baseline 0 -12"><span class='ocrx_word' id='word_1_199' title='bbox 140 2275 273 2313; x_wconf 87' lang='lat' dir='ltr'>manio</span> <span class='ocrx_word' id='word_1_200' title='bbox 289 2275 330 2313; x_wconf 94' lang='lat' dir='ltr'>in</span> <span class='ocrx_word' id='word_1_201' title='bbox 346 2274 591 2314; x_wconf 82' lang='lat' dir='ltr'>Bibliotheca</span> <span class='ocrx_word' id='word_1_202' title='bbox 609 2274 759 2314; x_wconf 90' lang='lat' dir='ltr'>Gallica</span> <span class='ocrx_word' id='word_1_203' title='bbox 773 2273 931 2313; x_wconf 91' lang='lat' dir='ltr'>duobus</span> <span class='ocrx_word' id='word_1_204' title='bbox 948 2274 986 2312; x_wconf 92' lang='lat' dir='ltr'>in</span> <span class='ocrx_word' id='word_1_205' title='bbox 1004 2274 1113 2325; x_wconf 84' lang='lat' dir='ltr'>locis,</span> 
     </span>
     <span class='ocr_line' id='line_1_35' title="bbox 138 2336 1113 2391; baseline 0 -15"><span class='ocrx_word' id='word_1_206' title='bbox 138 2348 239 2378; x_wconf 89' lang='lat' dir='ltr'>voce</span> <span class='ocrx_word' id='word_1_207' title='bbox 266 2338 555 2380; x_wconf 79' lang='lat' dir='ltr'>Bonaventura</span> <span class='ocrx_word' id='word_1_208' title='bbox 573 2341 615 2376; x_wconf 94' lang='lat' dir='ltr'>et</span> <span class='ocrx_word' id='word_1_209' title='bbox 639 2336 801 2391; x_wconf 78' lang='lat' dir='ltr'>Greffin.</span> <span class='ocrx_word' id='word_1_210' title='bbox 835 2338 959 2377; x_wconf 87' lang='lat' dir='ltr'>Esset</span> <span class='ocrx_word' id='word_1_211' title='bbox 992 2338 1113 2388; x_wconf 87' lang='lat' dir='ltr'>igitur</span> 
     </span>
     <span class='ocr_line' id='line_1_36' title="bbox 140 2390 1113 2452; baseline 0.002 -14"><span class='ocrx_word' id='word_1_212' title='bbox 140 2398 216 2438; x_wconf 87' lang='lat' dir='ltr'>hoc</span> <span class='ocrx_word' id='word_1_213' title='bbox 235 2399 320 2439; x_wconf 92' lang='lat' dir='ltr'>loco</span> <span class='ocrx_word' id='word_1_214' title='bbox 335 2411 358 2440; x_wconf 88' lang='lat' dir='ltr'>a</span> <span class='ocrx_word' id='word_1_215' title='bbox 374 2411 440 2439; x_wconf 86' lang='lat' dir='ltr'>me</span> <span class='ocrx_word' id='word_1_216' title='bbox 459 2399 797 2452; x_wconf 86' lang='lat' dir='ltr'>praetereundus,</span> <span class='ocrx_word' id='word_1_217' title='bbox 814 2401 892 2438; x_wconf 91' lang='lat' dir='ltr'>nisi</span> <span class='ocrx_word' id='word_1_218' title='bbox 907 2411 1001 2439; x_wconf 90' lang='lat' dir='ltr'>eum</span> <span class='ocrx_word' id='word_1_219' title='bbox 1018 2390 1113 2440; x_wconf 86' lang='lat' dir='ltr'>cum</span> 
     </span>
     <span class='ocr_line' id='line_1_37' title="bbox 139 2461 1112 2512; baseline 0.002 -13"><span class='ocrx_word' id='word_1_220' title='bbox 139 2461 337 2501; x_wconf 89' lang='lat' dir='ltr'>Brocardo</span> <span class='ocrx_word' id='word_1_221' title='bbox 358 2464 564 2512; x_wconf 84' lang='lat' dir='ltr'>Teutone,</span> <span class='ocrx_word' id='word_1_222' title='bbox 586 2462 748 2502; x_wconf 87' lang='lat' dir='ltr'>Ordinis</span> <span class='ocrx_word' id='word_1_223' title='bbox 775 2461 1112 2512; x_wconf 80' lang='lat' dir='ltr'>Praedicatorum‚</span> 
     </span>
     <span class='ocr_line' id='line_1_38' title="bbox 141 2517 1117 2576; baseline 0.001 -13"><span class='ocrx_word' id='word_1_224' title='bbox 141 2517 347 2575; x_wconf 85' lang='lat' dir='ltr'>Philippus</span> <span class='ocrx_word' id='word_1_225' title='bbox 358 2526 627 2576; x_wconf 86' lang='lat' dir='ltr'>Boscquierus</span> <span class='ocrx_word' id='word_1_226' title='bbox 651 2525 849 2576; x_wconf 90' lang='lat' dir='ltr'>multique</span> <span class='ocrx_word' id='word_1_227' title='bbox 869 2525 933 2564; x_wconf 89' lang='lat' dir='ltr'>alii</span> <span class='ocrx_word' id='word_1_228' title='bbox 947 2525 1117 2567; x_wconf 86' lang='lat' dir='ltr'>confun—</span> 
     </span>
     <span class='ocr_line' id='line_1_39' title="bbox 143 2585 1116 2639; baseline 0.001 -14"><span class='ocrx_word' id='word_1_229' title='bbox 143 2585 300 2625; x_wconf 89' lang='lat' dir='ltr'>dissent</span> <span class='ocrx_word' id='word_1_230' title='bbox 314 2614 325 2625; x_wconf 87' lang='lat'>.</span> <span class='ocrx_word' id='word_1_231' title='bbox 344 2591 386 2626; x_wconf 91' lang='lat' dir='ltr'>et</span> <span class='ocrx_word' id='word_1_232' title='bbox 407 2588 572 2629; x_wconf 84' lang='lat' dir='ltr'>Latinae</span> <span class='ocrx_word' id='word_1_233' title='bbox 595 2587 791 2639; x_wconf 85' lang='lat' dir='ltr'>longeque</span> <span class='ocrx_word' id='word_1_234' title='bbox 811 2587 1007 2626; x_wconf 88' lang='lat' dir='ltr'>brevioris</span> <span class='ocrx_word' id='word_1_235' title='bbox 1035 2591 1116 2626; x_wconf 88' lang='lat' dir='ltr'>ter-</span> 
     </span>
     <span class='ocr_line' id='line_1_40' title="bbox 143 2649 1116 2701; baseline 0.001 -13"><span class='ocrx_word' id='word_1_236' title='bbox 143 2660 278 2689; x_wconf 84' lang='lat' dir='ltr'>rarum</span> <span class='ocrx_word' id='word_1_237' title='bbox 303 2653 535 2691; x_wconf 88' lang='lat' dir='ltr'>sanctarum</span> <span class='ocrx_word' id='word_1_238' title='bbox 554 2649 811 2701; x_wconf 87' lang='lat' dir='ltr'>descriptioni</span> <span class='ocrx_word' id='word_1_239' title='bbox 831 2650 983 2688; x_wconf 88' lang='lat' dir='ltr'>auctori</span> <span class='ocrx_word' id='word_1_240' title='bbox 1003 2661 1116 2701; x_wconf 90' lang='lat' dir='ltr'>prae-</span> 
     </span>
     <span class='ocr_line' id='line_1_41' title="bbox 143 2711 1114 2762; baseline 0.001 -12"><span class='ocrx_word' id='word_1_241' title='bbox 143 2722 292 2750; x_wconf 91' lang='lat' dir='ltr'>nomen</span> <span class='ocrx_word' id='word_1_242' title='bbox 310 2711 618 2751; x_wconf 87' lang='lat' dir='ltr'>Bonaventurae</span> <span class='ocrx_word' id='word_1_243' title='bbox 640 2715 800 2762; x_wconf 85' lang='lat' dir='ltr'>praeter</span> <span class='ocrx_word' id='word_1_244' title='bbox 823 2723 908 2750; x_wconf 91' lang='lat' dir='ltr'>rem</span> <span class='ocrx_word' id='word_1_245' title='bbox 928 2742 936 2762; x_wconf 83' lang='lat'>‚</span> <span class='ocrx_word' id='word_1_246' title='bbox 961 2711 1010 2750; x_wconf 92' lang='lat' dir='ltr'>ab</span> <span class='ocrx_word' id='word_1_247' title='bbox 1039 2711 1114 2751; x_wconf 91' lang='lat' dir='ltr'>hoc</span> 
     </span>
     <span class='ocr_line' id='line_1_42' title="bbox 143 2773 1115 2824; baseline 0.001 -11"><span class='ocrx_word' id='word_1_248' title='bbox 143 2774 268 2814; x_wconf 90' lang='lat' dir='ltr'>altero</span> <span class='ocrx_word' id='word_1_249' title='bbox 293 2773 456 2820; x_wconf 87' lang='lat' dir='ltr'>mutati,</span> <span class='ocrx_word' id='word_1_250' title='bbox 477 2773 740 2823; x_wconf 85' lang='lat' dir='ltr'>tribuissent,</span> <span class='ocrx_word' id='word_1_251' title='bbox 758 2785 860 2824; x_wconf 90' lang='lat' dir='ltr'>quos</span> <span class='ocrx_word' id='word_1_252' title='bbox 883 2785 929 2813; x_wconf 86' lang='lat' dir='ltr'>eo</span> <span class='ocrx_word' id='word_1_253' title='bbox 954 2776 1115 2815; x_wconf 87' lang='lat' dir='ltr'>nomine</span> 
     </span>
     <span class='ocr_line' id='line_1_43' title="bbox 145 2835 1112 2889; baseline 0 -13"><span class='ocrx_word' id='word_1_254' title='bbox 145 2835 403 2889; x_wconf 85' lang='lat' dir='ltr'>reprehendit</span> <span class='ocrx_word' id='word_1_255' title='bbox 425 2836 613 2875; x_wconf 86' lang='lat' dir='ltr'>laudatus</span> <span class='ocrx_word' id='word_1_256' title='bbox 630 2835 841 2875; x_wconf 89' lang='lat' dir='ltr'>Echardus</span> <span class='ocrx_word' id='word_1_257' title='bbox 860 2838 997 2876; x_wconf 85' lang='lat' dir='ltr'>tomol</span> <span class='ocrx_word' id='word_1_258' title='bbox 1026 2849 1112 2889; x_wconf 88' lang='lat' dir='ltr'>pag.</span> 
     </span>
     <span class='ocr_line' id='line_1_44' title="bbox 145 2897 1115 2951; baseline 0 -12"><span class='ocrx_word' id='word_1_259' title='bbox 145 2901 223 2940; x_wconf 78' lang='lat'>392</span> <span class='ocrx_word' id='word_1_260' title='bbox 247 2911 331 2951; x_wconf 91' lang='lat' dir='ltr'>seq.</span> <span class='ocrx_word' id='word_1_261' title='bbox 356 2900 560 2951; x_wconf 87' lang='lat' dir='ltr'>Scriptum</span> <span class='ocrx_word' id='word_1_262' title='bbox 580 2903 715 2938; x_wconf 87' lang='lat' dir='ltr'>autem</span> <span class='ocrx_word' id='word_1_263' title='bbox 736 2897 783 2937; x_wconf 84' lang='lat' dir='ltr'>de</span> <span class='ocrx_word' id='word_1_264' title='bbox 806 2910 930 2941; x_wconf 81' lang='lat' dir='ltr'>sacra</span> <span class='ocrx_word' id='word_1_265' title='bbox 953 2899 1115 2951; x_wconf 72' lang='lat' dir='ltr'>eaepedc&#39;-</span> 
     </span>
     <span class='ocr_line' id='line_1_45' title="bbox 145 2959 1114 3013; baseline -0.003 -11"><span class='ocrx_word' id='word_1_266' title='bbox 145 2962 246 3002; x_wconf 77' lang='lat' dir='ltr'>tione</span> <span class='ocrx_word' id='word_1_267' title='bbox 269 2961 468 3003; x_wconf 80' lang='lat' dir='ltr'>adversus</span> <span class='ocrx_word' id='word_1_268' title='bbox 508 2961 660 3001; x_wconf 81' lang='lat' dir='ltr'>Turcas</span> <span class='ocrx_word' id='word_1_269' title='bbox 695 2959 877 3000; x_wconf 80' lang='lat' dir='ltr'>obeunda</span> <span class='ocrx_word' id='word_1_270' title='bbox 899 2960 948 2999; x_wconf 89' lang='lat' dir='ltr'>ad</span> <span class='ocrx_word' id='word_1_271' title='bbox 969 2961 1114 3013; x_wconf 88' lang='lat' dir='ltr'>Philip-</span> 
     </span>
     <span class='ocr_line' id='line_1_46' title="bbox 142 3023 1114 3078; baseline -0.003 -12"><span class='ocrx_word' id='word_1_272' title='bbox 142 3038 241 3078; x_wconf 91' lang='lat' dir='ltr'>pum</span> <span class='ocrx_word' id='word_1_273' title='bbox 259 3025 409 3077; x_wconf 82' lang='lat' dir='ltr'>Regem</span> <span class='ocrx_word' id='word_1_274' title='bbox 429 3025 578 3064; x_wconf 87' lang='lat' dir='ltr'>Galliae</span> <span class='ocrx_word' id='word_1_275' title='bbox 593 3023 755 3064; x_wconf 73' lang='grc' dir='ltr'>Α.1332</span> <span class='ocrx_word' id='word_1_276' title='bbox 773 3027 977 3063; x_wconf 88' lang='lat' dir='ltr'>auctorem</span> <span class='ocrx_word' id='word_1_277' title='bbox 993 3023 1114 3064; x_wconf 84' lang='lat' dir='ltr'>habet</span> 
     </span>
     <span class='ocr_line' id='line_1_47' title="bbox 145 3085 1113 3137; baseline -0.002 -10"><span class='ocrx_word' id='word_1_278' title='bbox 145 3089 314 3128; x_wconf 82' lang='lat' dir='ltr'>Petrum</span> <span class='ocrx_word' id='word_1_279' title='bbox 342 3086 614 3137; x_wconf 81' lang='lat' dir='ltr'>Paludanum,</span> <span class='ocrx_word' id='word_1_280' title='bbox 643 3085 922 3136; x_wconf 90' lang='lat' dir='ltr'>Brocardoque</span> <span class='ocrx_word' id='word_1_281' title='bbox 955 3091 1113 3137; x_wconf 90' lang='lat' dir='ltr'>praeter</span> 
     </span>
     <span class='ocr_line' id='line_1_48' title="bbox 144 3149 1116 3199; baseline -0.001 -9"><span class='ocrx_word' id='word_1_282' title='bbox 144 3162 232 3191; x_wconf 89' lang='lat' dir='ltr'>rem</span> <span class='ocrx_word' id='word_1_283' title='bbox 252 3151 451 3192; x_wconf 89' lang='lat' dir='ltr'>tributum</span> <span class='ocrx_word' id='word_1_284' title='bbox 473 3162 496 3190; x_wconf 89' lang='lat' dir='ltr'>a</span> <span class='ocrx_word' id='word_1_285' title='bbox 518 3150 721 3190; x_wconf 86' lang='lat' dir='ltr'>nonnullis</span> <span class='ocrx_word' id='word_1_286' title='bbox 742 3150 838 3197; x_wconf 71' lang='lat' dir='ltr'>fuit,</span> <span class='ocrx_word' id='word_1_287' title='bbox 858 3149 1045 3199; x_wconf 84' lang='lat' dir='ltr'>quoniam</span> <span class='ocrx_word' id='word_1_288' title='bbox 1075 3151 1116 3189; x_wconf 91' lang='lat' dir='ltr'>in</span> 
     </span>
     <span class='ocr_line' id='line_1_49' title="bbox 144 3210 1116 3264; baseline -0.005 -10"><span class='ocrx_word' id='word_1_289' title='bbox 144 3215 268 3254; x_wconf 89' lang='lat' dir='ltr'>MStis</span> <span class='ocrx_word' id='word_1_290' title='bbox 290 3214 494 3254; x_wconf 90' lang='lat' dir='ltr'>nonnullis</span> <span class='ocrx_word' id='word_1_291' title='bbox 510 3212 747 3264; x_wconf 88' lang='lat' dir='ltr'>adjunctum</span> <span class='ocrx_word' id='word_1_292' title='bbox 772 3212 846 3250; x_wconf 86' lang='lat' dir='ltr'>suit</span> <span class='ocrx_word' id='word_1_293' title='bbox 867 3210 1053 3250; x_wconf 87' lang='lat' dir='ltr'>Brocardi</span> <span class='ocrx_word' id='word_1_294' title='bbox 1072 3211 1116 3250; x_wconf 93' lang='lat' dir='ltr'>li-</span> 
     </span>
     <span class='ocr_line' id='line_1_50' title="bbox 146 3273 1111 3318; baseline -0.004 -2"><span class='ocrx_word' id='word_1_295' title='bbox 146 3277 217 3316; x_wconf 89' lang='lat' dir='ltr'>bro</span> <span class='ocrx_word' id='word_1_296' title='bbox 235 3277 286 3316; x_wconf 91' lang='lat' dir='ltr'>de</span> <span class='ocrx_word' id='word_1_297' title='bbox 309 3281 417 3316; x_wconf 85' lang='lat' dir='ltr'>terra</span> <span class='ocrx_word' id='word_1_298' title='bbox 434 3281 585 3318; x_wconf 87' lang='lat' dir='ltr'>sancta.</span> <span class='ocrx_word' id='word_1_299' title='bbox 600 3275 698 3316; x_wconf 87' lang='lat' dir='ltr'>Vide</span> <span class='ocrx_word' id='word_1_300' title='bbox 719 3275 775 3314; x_wconf 90' lang='lat' dir='ltr'>sis</span> <span class='ocrx_word' id='word_1_301' title='bbox 798 3273 1001 3314; x_wconf 88' lang='lat' dir='ltr'>Oudinum</span> <span class='ocrx_word' id='word_1_302' title='bbox 1018 3278 1111 3315; x_wconf 87' lang='lat' dir='ltr'>tom.</span> 
     </span>
     <span class='ocr_line' id='line_1_51' title="bbox 149 3339 427 3391; baseline 0.007 -14"><span class='ocrx_word' id='word_1_303' title='bbox 149 3339 202 3377; x_wconf 82' lang='lat'>111</span> <span class='ocrx_word' id='word_1_304' title='bbox 225 3351 312 3391; x_wconf 84' lang='lat' dir='ltr'>pag.</span> <span class='ocrx_word' id='word_1_305' title='bbox 339 3340 427 3379; x_wconf 75' lang='lat'>592.</span> 
     </span>
    </p>
   </div>
   <div class='ocr_carea' id='block_1_3' title="bbox 1183 201 2166 3384">
    <p class='ocr_par' dir='ltr' id='par_1_5' title="bbox 1183 201 2162 1005">
     <span class='ocr_line' id='line_1_52' title="bbox 2079 201 2158 238; baseline 0 0"><span class='ocrx_word' id='word_1_306' title='bbox 2079 201 2158 238; x_wconf 74' lang='lat'>263</span> 
     </span>
     <span class='ocr_line' id='line_1_53' title="bbox 1235 266 2157 317; baseline 0 -9"><span class='ocrx_word' id='word_1_307' title='bbox 1235 267 1419 308; x_wconf 81' lang='lat' dir='ltr'>Andreas</span> <span class='ocrx_word' id='word_1_308' title='bbox 1461 266 1628 308; x_wconf 76' lang='lat' dir='ltr'>BRODA</span> <span class='ocrx_word' id='word_1_309' title='bbox 1645 299 1656 317; x_wconf 82' lang='lat'><em>,</em></span> <span class='ocrx_word' id='word_1_310' title='bbox 1693 268 1839 306; x_wconf 85' lang='lat' dir='ltr'>Doctor</span> <span class='ocrx_word' id='word_1_311' title='bbox 1876 271 1916 306; x_wconf 90' lang='lat' dir='ltr'>et</span> <span class='ocrx_word' id='word_1_312' title='bbox 1951 268 2157 308; x_wconf 80' lang='lat' dir='ltr'>Professor</span> 
     </span>
     <span class='ocr_line' id='line_1_54' title="bbox 1183 330 2157 383; baseline -0.002 -12"><span class='ocrx_word' id='word_1_313' title='bbox 1183 332 1408 383; x_wconf 89' lang='lat' dir='ltr'>Theologus</span> <span class='ocrx_word' id='word_1_314' title='bbox 1425 331 1655 382; x_wconf 86' lang='lat' dir='ltr'>Pragensis,</span> <span class='ocrx_word' id='word_1_315' title='bbox 1672 334 1852 381; x_wconf 88' lang='lat' dir='ltr'>tempore</span> <span class='ocrx_word' id='word_1_316' title='bbox 1868 330 2032 370; x_wconf 89' lang='lat' dir='ltr'>Concilii</span> <span class='ocrx_word' id='word_1_317' title='bbox 2052 332 2157 371; x_wconf 90' lang='lat' dir='ltr'>Con-</span> 
     </span>
     <span class='ocr_line' id='line_1_55' title="bbox 1184 393 2159 444; baseline -0.001 -11"><span class='ocrx_word' id='word_1_318' title='bbox 1184 394 1420 433; x_wconf 86' lang='lat' dir='ltr'>stantiensis</span> <span class='ocrx_word' id='word_1_319' title='bbox 1442 393 1517 432; x_wconf 89' lang='lat' dir='ltr'>An.</span> <span class='ocrx_word' id='word_1_320' title='bbox 1548 394 1650 432; x_wconf 70' lang='grc'>1415</span> <span class='ocrx_word' id='word_1_321' title='bbox 1670 393 1866 444; x_wconf 90' lang='lat' dir='ltr'>pugnavit</span> <span class='ocrx_word' id='word_1_322' title='bbox 1883 403 1963 444; x_wconf 80' lang='lat' dir='ltr'>pro</span> <span class='ocrx_word' id='word_1_323' title='bbox 1985 404 2159 432; x_wconf 87' lang='lat' dir='ltr'>commu-</span> 
     </span>
     <span class='ocr_line' id='line_1_56' title="bbox 1184 453 2159 506; baseline 0 -12"><span class='ocrx_word' id='word_1_324' title='bbox 1184 457 1299 495; x_wconf 82' lang='lat' dir='ltr'>m&#39;one</span> <span class='ocrx_word' id='word_1_325' title='bbox 1335 468 1480 497; x_wconf 81' lang='lat' dir='ltr'>sacrae</span> <span class='ocrx_word' id='word_1_326' title='bbox 1506 456 1660 495; x_wconf 78' lang='lat' dir='ltr'>coenae</span> <span class='ocrx_word' id='word_1_327' title='bbox 1694 453 1769 494; x_wconf 82' lang='lat' dir='ltr'>sub</span> <span class='ocrx_word' id='word_1_328' title='bbox 1801 467 1885 493; x_wconf 83' lang='lat' dir='ltr'>una</span> <span class='ocrx_word' id='word_1_329' title='bbox 1918 454 2065 506; x_wconf 80' lang='lat' dir='ltr'>specie,</span> <span class='ocrx_word' id='word_1_330' title='bbox 2094 457 2159 494; x_wconf 90' lang='lat' dir='ltr'>cui</span> 
     </span>
     <span class='ocr_line' id='line_1_57' title="bbox 1184 516 2161 568; baseline 0 -11"><span class='ocrx_word' id='word_1_331' title='bbox 1184 517 1378 568; x_wconf 70' lang='lat' dir='ltr'>Jacobus,</span> <span class='ocrx_word' id='word_1_332' title='bbox 1400 520 1486 556; x_wconf 86' lang='lat' dir='ltr'>sive</span> <span class='ocrx_word' id='word_1_333' title='bbox 1509 516 1735 556; x_wconf 76' lang='lat' dir='ltr'>Jacobellus</span> <span class='ocrx_word' id='word_1_334' title='bbox 1759 516 1806 556; x_wconf 83' lang='lat' dir='ltr'>de</span> <span class='ocrx_word' id='word_1_335' title='bbox 1834 516 1965 566; x_wconf 76' lang='lat' dir='ltr'>Misa,</span> <span class='ocrx_word' id='word_1_336' title='bbox 1990 518 2066 556; x_wconf 90' lang='lat' dir='ltr'>alio</span> <span class='ocrx_word' id='word_1_337' title='bbox 2090 529 2161 557; x_wconf 84' lang='lat' dir='ltr'>no-</span> 
     </span>
     <span class='ocr_line' id='line_1_58' title="bbox 1187 578 2160 629; baseline -0.001 -9"><span class='ocrx_word' id='word_1_338' title='bbox 1187 582 1295 620; x_wconf 91' lang='lat' dir='ltr'>mine</span> <span class='ocrx_word' id='word_1_339' title='bbox 1330 580 1377 620; x_wconf 82' lang='lat' dir='ltr'>cle</span> <span class='ocrx_word' id='word_1_340' title='bbox 1414 578 1624 620; x_wconf 72' lang='lat' dir='ltr'>Strzz&#39;ebro</span> <span class='ocrx_word' id='word_1_341' title='bbox 1642 610 1650 628; x_wconf 88' lang='lat'>,</span> <span class='ocrx_word' id='word_1_342' title='bbox 1685 579 1912 629; x_wconf 83' lang='lat' dir='ltr'>Bohemus,</span> <span class='ocrx_word' id='word_1_343' title='bbox 1955 581 2160 619; x_wconf 86' lang='lat' dir='ltr'>Ecclesiae</span> 
     </span>
     <span class='ocr_line' id='line_1_59' title="bbox 1185 641 2160 695; baseline 0 -12"><span class='ocrx_word' id='word_1_344' title='bbox 1185 644 1398 695; x_wconf 90' lang='lat' dir='ltr'>Pragensis</span> <span class='ocrx_word' id='word_1_345' title='bbox 1413 641 1774 690; x_wconf 85' lang='lat' dir='ltr'>Pastor,Vindicias</span> <span class='ocrx_word' id='word_1_346' title='bbox 1790 654 1860 693; x_wconf 92' lang='lat' dir='ltr'>pro</span> <span class='ocrx_word' id='word_1_347' title='bbox 1875 645 2160 683; x_wconf 87' lang='lat' dir='ltr'>communione</span> 
     </span>
     <span class='ocr_line' id='line_1_60' title="bbox 1185 705 2160 757; baseline -0.001 -11"><span class='ocrx_word' id='word_1_348' title='bbox 1185 706 1312 757; x_wconf 90' lang='lat' dir='ltr'>plebis</span> <span class='ocrx_word' id='word_1_349' title='bbox 1333 705 1408 744; x_wconf 91' lang='lat' dir='ltr'>sub</span> <span class='ocrx_word' id='word_1_350' title='bbox 1426 709 1597 756; x_wconf 88' lang='lat' dir='ltr'>utraque</span> <span class='ocrx_word' id='word_1_351' title='bbox 1621 705 1760 754; x_wconf 89' lang='lat' dir='ltr'>specie</span> <span class='ocrx_word' id='word_1_352' title='bbox 1785 707 1984 755; x_wconf 89' lang='lat' dir='ltr'>opposuit.</span> <span class='ocrx_word' id='word_1_353' title='bbox 2007 705 2160 745; x_wconf 88' lang='lat' dir='ltr'>Brodae</span> 
     </span>
     <span class='ocr_line' id='line_1_61' title="bbox 1186 765 2162 818; baseline 0.002 -13"><span class='ocrx_word' id='word_1_354' title='bbox 1186 767 1500 818; x_wconf 79' lang='lat' dir='ltr'>disputationem</span> <span class='ocrx_word' id='word_1_355' title='bbox 1525 765 1809 805; x_wconf 86' lang='lat' dir='ltr'>Academicam</span> <span class='ocrx_word' id='word_1_356' title='bbox 1833 778 1854 805; x_wconf 90' lang='lat' dir='ltr'>e</span> <span class='ocrx_word' id='word_1_357' title='bbox 1889 767 2034 806; x_wconf 86' lang='lat' dir='ltr'>Codice</span> <span class='ocrx_word' id='word_1_358' title='bbox 2064 769 2162 807; x_wconf 86' lang='lat' dir='ltr'>Cae-</span> 
     </span>
     <span class='ocr_line' id='line_1_62' title="bbox 1185 827 2162 878; baseline 0 -10"><span class='ocrx_word' id='word_1_359' title='bbox 1185 840 1299 868; x_wconf 88' lang='lat' dir='ltr'>sareo</span> <span class='ocrx_word' id='word_1_360' title='bbox 1322 828 1506 878; x_wconf 86' lang='lat' dir='ltr'>vulgavit</span> <span class='ocrx_word' id='word_1_361' title='bbox 1525 828 1572 866; x_wconf 87' lang='lat' dir='ltr'>V.</span> <span class='ocrx_word' id='word_1_362' title='bbox 1593 827 1637 865; x_wconf 90' lang='lat' dir='ltr'>C.</span> <span class='ocrx_word' id='word_1_363' title='bbox 1668 827 1926 866; x_wconf 88' lang='lat' dir='ltr'>Hermannus</span> <span class='ocrx_word' id='word_1_364' title='bbox 1950 830 1998 867; x_wconf 91' lang='lat' dir='ltr'>ab</span> <span class='ocrx_word' id='word_1_365' title='bbox 2038 830 2162 869; x_wconf 88' lang='lat' dir='ltr'>Hardt</span> 
     </span>
     <span class='ocr_line' id='line_1_63' title="bbox 1184 889 2159 943; baseline 0.004 -15"><span class='ocrx_word' id='word_1_366' title='bbox 1184 895 1292 929; x_wconf 92' lang='lat' dir='ltr'>tomo</span> <span class='ocrx_word' id='word_1_367' title='bbox 1316 891 1382 929; x_wconf 87' lang='grc' dir='ltr'>ΙΙΙ.</span> <span class='ocrx_word' id='word_1_368' title='bbox 1409 889 1574 929; x_wconf 90' lang='lat' dir='ltr'>Concilii</span> <span class='ocrx_word' id='word_1_369' title='bbox 1597 889 1924 928; x_wconf 88' lang='lat' dir='ltr'>Constantiensis</span> <span class='ocrx_word' id='word_1_370' title='bbox 1949 902 2037 943; x_wconf 88' lang='lat' dir='ltr'>pag.</span> <span class='ocrx_word' id='word_1_371' title='bbox 2070 892 2159 931; x_wconf 77' lang='lat'><strong>392.</strong></span> 
     </span>
     <span class='ocr_line' id='line_1_64' title="bbox 1185 952 2000 1005; baseline 0 -13"><span class='ocrx_word' id='word_1_372' title='bbox 1185 953 1374 993; x_wconf 88' lang='lat' dir='ltr'>Jacobelli</span> <span class='ocrx_word' id='word_1_373' title='bbox 1396 952 1600 992; x_wconf 87' lang='lat' dir='ltr'>Vindicias</span> <span class='ocrx_word' id='word_1_374' title='bbox 1621 963 1709 1005; x_wconf 92' lang='lat' dir='ltr'>pag.</span> <span class='ocrx_word' id='word_1_375' title='bbox 1737 953 1813 991; x_wconf 74' lang='grc'>416</span> <span class='ocrx_word' id='word_1_376' title='bbox 1838 952 1888 991; x_wconf 90' lang='lat' dir='ltr'>ad</span> <span class='ocrx_word' id='word_1_377' title='bbox 1910 954 2000 992; x_wconf 85' lang='grc'>585.</span> 
     </span>
    </p>

    <p class='ocr_par' dir='ltr' id='par_1_6' title="bbox 1183 1013 2166 2194">
     <span class='ocr_line' id='line_1_65' title="bbox 1239 1013 2164 1067; baseline 0.002 -13"><span class='ocrx_word' id='word_1_378' title='bbox 1239 1017 1412 1055; x_wconf 84' lang='lat' dir='ltr'>Joannes</span> <span class='ocrx_word' id='word_1_379' title='bbox 1436 1016 1670 1066; x_wconf 74' lang='lat' dir='ltr'>(perperam</span> <span class='ocrx_word' id='word_1_380' title='bbox 1687 1013 1897 1067; x_wconf 79' lang='lat' dir='ltr'>Philippus</span> <span class='ocrx_word' id='word_1_381' title='bbox 1912 1015 2025 1065; x_wconf 83' lang='lat' dir='ltr'>aliis)</span> <span class='ocrx_word' id='word_1_382' title='bbox 2046 1017 2164 1056; x_wconf 85' lang='lat' dir='ltr'>BRO-</span> 
     </span>
     <span class='ocr_line' id='line_1_66' title="bbox 1183 1077 2160 1129; baseline 0 -11"><span class='ocrx_word' id='word_1_383' title='bbox 1183 1079 1427 1118; x_wconf 81' lang='lat' dir='ltr'>MEARDUS</span> <span class='ocrx_word' id='word_1_384' title='bbox 1444 1110 1452 1128; x_wconf 80' lang='grc'>,</span> <span class='ocrx_word' id='word_1_385' title='bbox 1470 1080 1556 1117; x_wconf 85' lang='grc' dir='ltr'>5ἰν6</span> <span class='ocrx_word' id='word_1_386' title='bbox 1571 1077 1825 1129; x_wconf 79' lang='lat' dir='ltr'>Bromyard,</span> <span class='ocrx_word' id='word_1_387' title='bbox 1842 1078 2160 1118; x_wconf 85' lang='lat' dir='ltr'>Herefordiensis</span> 
     </span>
     <span class='ocr_line' id='line_1_67' title="bbox 1183 1139 2163 1192; baseline -0.001 -12"><span class='ocrx_word' id='word_1_388' title='bbox 1183 1140 1364 1192; x_wconf 77' lang='lat' dir='ltr'>Anglus‚</span> <span class='ocrx_word' id='word_1_389' title='bbox 1391 1140 1554 1179; x_wconf 83' lang='lat' dir='ltr'>Ordinis</span> <span class='ocrx_word' id='word_1_390' title='bbox 1594 1139 1945 1189; x_wconf 80' lang='lat' dir='ltr'>Praedicatorum,</span> <span class='ocrx_word' id='word_1_391' title='bbox 1971 1142 2039 1191; x_wconf 90' lang='lat' dir='ltr'>qui</span> <span class='ocrx_word' id='word_1_392' title='bbox 2076 1141 2163 1179; x_wconf 83' lang='lat' dir='ltr'>Wi-</span> 
     </span>
     <span class='ocr_line' id='line_1_68' title="bbox 1185 1202 2162 1255; baseline 0.001 -13"><span class='ocrx_word' id='word_1_393' title='bbox 1185 1204 1333 1242; x_wconf 83' lang='lat' dir='ltr'>clefum</span> <span class='ocrx_word' id='word_1_394' title='bbox 1351 1214 1606 1255; x_wconf 87' lang='lat' dir='ltr'>oppugnasse</span> <span class='ocrx_word' id='word_1_395' title='bbox 1620 1202 1794 1242; x_wconf 86' lang='lat' dir='ltr'>traditur</span> <span class='ocrx_word' id='word_1_396' title='bbox 1814 1204 1854 1241; x_wconf 95' lang='lat' dir='ltr'>in</span> <span class='ocrx_word' id='word_1_397' title='bbox 1869 1203 2044 1243; x_wconf 93' lang='lat' dir='ltr'>Concilio</span> <span class='ocrx_word' id='word_1_398' title='bbox 2060 1205 2162 1243; x_wconf 86' lang='lat' dir='ltr'>Lon-</span> 
     </span>
     <span class='ocr_line' id='line_1_69' title="bbox 1184 1264 2160 1315; baseline 0.002 -12"><span class='ocrx_word' id='word_1_399' title='bbox 1184 1265 1343 1304; x_wconf 88' lang='lat' dir='ltr'>dinensi</span> <span class='ocrx_word' id='word_1_400' title='bbox 1366 1265 1441 1305; x_wconf 83' lang='lat' dir='ltr'>An.</span> <span class='ocrx_word' id='word_1_401' title='bbox 1464 1266 1583 1306; x_wconf 74' lang='lat'><strong>4382.</strong></span> <span class='ocrx_word' id='word_1_402' title='bbox 1601 1264 1703 1315; x_wconf 89' lang='lat' dir='ltr'>Ejus</span> <span class='ocrx_word' id='word_1_403' title='bbox 1728 1276 1887 1307; x_wconf 79' lang='lat' dir='ltr'>summa</span> <span class='ocrx_word' id='word_1_404' title='bbox 1911 1265 2160 1305; x_wconf 76' lang='lat' dir='ltr'>Praedican-</span> 
     </span>
     <span class='ocr_line' id='line_1_70' title="bbox 1185 1326 2160 1380; baseline 0.004 -15"><span class='ocrx_word' id='word_1_405' title='bbox 1185 1326 1296 1377; x_wconf 70' lang='lat' dir='ltr'>tiam,</span> <span class='ocrx_word' id='word_1_406' title='bbox 1317 1340 1420 1379; x_wconf 85' lang='lat' dir='ltr'>quae</span> <span class='ocrx_word' id='word_1_407' title='bbox 1436 1333 1595 1379; x_wconf 89' lang='lat' dir='ltr'>praeter</span> <span class='ocrx_word' id='word_1_408' title='bbox 1615 1328 1830 1367; x_wconf 82' lang='lat' dir='ltr'>editionem</span> <span class='ocrx_word' id='word_1_409' title='bbox 1847 1330 2055 1380; x_wconf 89' lang='lat' dir='ltr'>antiquam</span> <span class='ocrx_word' id='word_1_410' title='bbox 2074 1331 2160 1369; x_wconf 84' lang='lat' dir='ltr'>sine</span> 
     </span>
     <span class='ocr_line' id='line_1_71' title="bbox 1184 1390 2158 1444; baseline 0.003 -15"><span class='ocrx_word' id='word_1_411' title='bbox 1184 1391 1270 1429; x_wconf 91' lang='lat' dir='ltr'>loco</span> <span class='ocrx_word' id='word_1_412' title='bbox 1293 1395 1334 1429; x_wconf 89' lang='lat' dir='ltr'>et</span> <span class='ocrx_word' id='word_1_413' title='bbox 1357 1403 1462 1430; x_wconf 90' lang='lat' dir='ltr'>anno</span> <span class='ocrx_word' id='word_1_414' title='bbox 1486 1393 1525 1429; x_wconf 93' lang='lat' dir='ltr'>in</span> <span class='ocrx_word' id='word_1_415' title='bbox 1564 1391 1678 1440; x_wconf 81' lang='lat' dir='ltr'>folio,</span> <span class='ocrx_word' id='word_1_416' title='bbox 1704 1390 1848 1442; x_wconf 87' lang='lat' dir='ltr'>prodiit</span> <span class='ocrx_word' id='word_1_417' title='bbox 1877 1392 2158 1444; x_wconf 77' lang='lat' dir='ltr'>Norimbergae</span> 
     </span>
     <span class='ocr_line' id='line_1_72' title="bbox 1190 1453 2162 1505; baseline 0.003 -13"><span class='ocrx_word' id='word_1_418' title='bbox 1190 1454 1294 1493; x_wconf 75' lang='grc'>1485</span> <span class='ocrx_word' id='word_1_419' title='bbox 1332 1454 1395 1492; x_wconf 83' lang='lat' dir='ltr'>fol.</span> <span class='ocrx_word' id='word_1_420' title='bbox 1438 1455 1553 1493; x_wconf 84' lang='grc'>1518.</span> <span class='ocrx_word' id='word_1_421' title='bbox 1589 1453 1771 1505; x_wconf 87' lang='lat' dir='ltr'>Lugdun.</span> <span class='ocrx_word' id='word_1_422' title='bbox 1812 1453 1936 1503; x_wconf 72' lang='lat'><strong>4522,</strong></span> <span class='ocrx_word' id='word_1_423' title='bbox 1962 1455 1984 1493; x_wconf 75' lang='lat'><strong>4</strong></span> <span class='ocrx_word' id='word_1_424' title='bbox 2018 1456 2162 1495; x_wconf 89' lang='lat' dir='ltr'>Venet.</span> 
     </span>
     <span class='ocr_line' id='line_1_73' title="bbox 1191 1516 2165 1571; baseline 0.001 -15"><span class='ocrx_word' id='word_1_425' title='bbox 1191 1518 1295 1556; x_wconf 85' lang='grc'>1586</span> <span class='ocrx_word' id='word_1_426' title='bbox 1334 1517 1368 1555; x_wconf 77' lang='lat'>4.</span> <span class='ocrx_word' id='word_1_427' title='bbox 1394 1521 1435 1556; x_wconf 91' lang='lat' dir='ltr'>et</span> <span class='ocrx_word' id='word_1_428' title='bbox 1472 1516 1684 1567; x_wconf 83' lang='lat' dir='ltr'>Antwerp.</span> <span class='ocrx_word' id='word_1_429' title='bbox 1712 1517 1814 1556; x_wconf 73' lang='grc'>1614</span> <span class='ocrx_word' id='word_1_430' title='bbox 1851 1516 1915 1555; x_wconf 84' lang='lat' dir='ltr'>fol.</span> <span class='ocrx_word' id='word_1_431' title='bbox 1945 1517 2053 1571; x_wconf 78' lang='lat' dir='ltr'>Opus</span> <span class='ocrx_word' id='word_1_432' title='bbox 2091 1519 2165 1558; x_wconf 71' lang='lat' dir='ltr'>tri-</span> 
     </span>
     <span class='ocr_line' id='line_1_74' title="bbox 1189 1578 2165 1633; baseline 0.002 -14"><span class='ocrx_word' id='word_1_433' title='bbox 1189 1579 1301 1619; x_wconf 79' lang='lat' dir='ltr'>vium</span> <span class='ocrx_word' id='word_1_434' title='bbox 1323 1578 1461 1618; x_wconf 80' lang='lat' dir='ltr'>ordine</span> <span class='ocrx_word' id='word_1_435' title='bbox 1485 1578 1734 1631; x_wconf 85' lang='lat' dir='ltr'>alphabetico</span> <span class='ocrx_word' id='word_1_436' title='bbox 1758 1588 1807 1618; x_wconf 76' lang='lat' dir='ltr'>ex·</span> <span class='ocrx_word' id='word_1_437' title='bbox 1829 1580 1958 1619; x_wconf 86' lang='lat' dir='ltr'>tribus</span> <span class='ocrx_word' id='word_1_438' title='bbox 1993 1582 2165 1633; x_wconf 86' lang='lat' dir='ltr'>Legibus</span> 
     </span>
     <span class='ocr_line' id='line_1_75' title="bbox 1189 1642 2165 1691; baseline 0.004 -10"><span class='ocrx_word' id='word_1_439' title='bbox 1189 1643 1334 1681; x_wconf 88' lang='lat' dir='ltr'>Divina</span> <span class='ocrx_word' id='word_1_440' title='bbox 1352 1671 1360 1691; x_wconf 83' lang='lat'>‚</span> <span class='ocrx_word' id='word_1_441' title='bbox 1378 1642 1577 1682; x_wconf 89' lang='lat' dir='ltr'>Canonica</span> <span class='ocrx_word' id='word_1_442' title='bbox 1595 1645 1636 1680; x_wconf 91' lang='lat' dir='ltr'>et</span> <span class='ocrx_word' id='word_1_443' title='bbox 1652 1642 1783 1681; x_wconf 91' lang='lat' dir='ltr'>Civili.</span> <span class='ocrx_word' id='word_1_444' title='bbox 1799 1643 1927 1682; x_wconf 87' lang='lat' dir='ltr'>Vetus</span> <span class='ocrx_word' id='word_1_445' title='bbox 1942 1642 2061 1682; x_wconf 84' lang='lat' dir='ltr'>editio</span> <span class='ocrx_word' id='word_1_446' title='bbox 2078 1645 2165 1685; x_wconf 89' lang='lat' dir='ltr'>sine</span> 
     </span>
     <span class='ocr_line' id='line_1_76' title="bbox 1188 1704 2165 1748; baseline 0.005 -6"><span class='ocrx_word' id='word_1_447' title='bbox 1188 1704 1274 1742; x_wconf 90' lang='lat' dir='ltr'>loco</span> <span class='ocrx_word' id='word_1_448' title='bbox 1295 1709 1335 1743; x_wconf 85' lang='lat' dir='ltr'>et</span> <span class='ocrx_word' id='word_1_449' title='bbox 1355 1715 1460 1746; x_wconf 90' lang='lat' dir='ltr'>anno</span> <span class='ocrx_word' id='word_1_450' title='bbox 1482 1705 1520 1743; x_wconf 91' lang='lat' dir='ltr'>in</span> <span class='ocrx_word' id='word_1_451' title='bbox 1545 1704 1609 1745; x_wconf 87' lang='lat' dir='ltr'>fol.</span> <span class='ocrx_word' id='word_1_452' title='bbox 1635 1709 1676 1744; x_wconf 88' lang='lat' dir='ltr'>et</span> <span class='ocrx_word' id='word_1_453' title='bbox 1699 1706 1819 1744; x_wconf 86' lang='lat' dir='ltr'>Paris.</span> <span class='ocrx_word' id='word_1_454' title='bbox 1859 1706 1961 1745; x_wconf 89' lang='grc'>1500</span> <span class='ocrx_word' id='word_1_455' title='bbox 1998 1705 2034 1745; x_wconf 77' lang='grc' dir='ltr'>[ι.</span> <span class='ocrx_word' id='word_1_456' title='bbox 2060 1708 2165 1748; x_wconf 86' lang='lat' dir='ltr'>Haec</span> 
     </span>
     <span class='ocr_line' id='line_1_77' title="bbox 1188 1767 2166 1817; baseline 0.004 -13"><span class='ocrx_word' id='word_1_457' title='bbox 1188 1770 1251 1804; x_wconf 84' lang='lat' dir='ltr'>est</span> <span class='ocrx_word' id='word_1_458' title='bbox 1275 1778 1379 1817; x_wconf 86' lang='lat' dir='ltr'>quae</span> <span class='ocrx_word' id='word_1_459' title='bbox 1403 1767 1584 1808; x_wconf 84' lang='lat' dir='ltr'>Gesnero</span> <span class='ocrx_word' id='word_1_460' title='bbox 1608 1778 1767 1807; x_wconf 82' lang='lat' dir='ltr'>summa</span> <span class='ocrx_word' id='word_1_461' title='bbox 1788 1767 1904 1807; x_wconf 73' lang='lat' dir='ltr'>Iuris</span> <span class='ocrx_word' id='word_1_462' title='bbox 1922 1768 2089 1808; x_wconf 75' lang='lat' dir='ltr'>moralis</span> <span class='ocrx_word' id='word_1_463' title='bbox 2105 1771 2166 1808; x_wconf 88' lang='lat' dir='ltr'>vi-</span> 
     </span>
     <span class='ocr_line' id='line_1_78' title="bbox 1190 1828 2165 1883; baseline 0.003 -16"><span class='ocrx_word' id='word_1_464' title='bbox 1190 1828 1309 1868; x_wconf 85' lang='lat' dir='ltr'>detur</span> <span class='ocrx_word' id='word_1_465' title='bbox 1334 1829 1536 1883; x_wconf 85' lang='lat' dir='ltr'>appellari.</span> <span class='ocrx_word' id='word_1_466' title='bbox 1561 1829 1870 1869; x_wconf 70' lang='lat' dir='ltr'>De&#39;stmctc‘onum</span> <span class='ocrx_word' id='word_1_467' title='bbox 1910 1831 2165 1882; x_wconf 84' lang='lat' dir='ltr'>Theologica-</span> 
     </span>
     <span class='ocr_line' id='line_1_79' title="bbox 1189 1891 2162 1945; baseline 0.002 -15"><span class='ocrx_word' id='word_1_468' title='bbox 1189 1904 1279 1931; x_wconf 91' lang='lat' dir='ltr'>rum</span> <span class='ocrx_word' id='word_1_469' title='bbox 1301 1903 1403 1943; x_wconf 89' lang='lat' dir='ltr'>opus</span> <span class='ocrx_word' id='word_1_470' title='bbox 1422 1893 1550 1943; x_wconf 92' lang='lat' dir='ltr'>primo</span> <span class='ocrx_word' id='word_1_471' title='bbox 1573 1892 1658 1930; x_wconf 90' lang='lat' dir='ltr'>loco</span> <span class='ocrx_word' id='word_1_472' title='bbox 1683 1891 1819 1931; x_wconf 84' lang='lat' dir='ltr'>laudat</span> <span class='ocrx_word' id='word_1_473' title='bbox 1849 1892 2051 1932; x_wconf 92' lang='lat' dir='ltr'>Lelandus</span> <span class='ocrx_word' id='word_1_474' title='bbox 2075 1900 2162 1945; x_wconf 73' lang='lat' dir='ltr'>cap:</span> 
     </span>
     <span class='ocr_line' id='line_1_80' title="bbox 1189 1953 2165 2005; baseline 0.003 -14"><span class='ocrx_word' id='word_1_475' title='bbox 1189 1954 1278 1992; x_wconf 88' lang='lat'><strong>380.</strong></span> <span class='ocrx_word' id='word_1_476' title='bbox 1299 1955 1357 1998; x_wconf 87' lang='lat' dir='ltr'>De</span> <span class='ocrx_word' id='word_1_477' title='bbox 1373 1954 1461 1993; x_wconf 87' lang='lat' dir='ltr'>aliis</span> <span class='ocrx_word' id='word_1_478' title='bbox 1482 1954 1642 1993; x_wconf 89' lang='lat' dir='ltr'>ineditis</span> <span class='ocrx_word' id='word_1_479' title='bbox 1660 1985 1668 2005; x_wconf 85' lang='lat'>‚</span> <span class='ocrx_word' id='word_1_480' title='bbox 1690 1955 1728 1992; x_wconf 92' lang='lat' dir='ltr'>in</span> <span class='ocrx_word' id='word_1_481' title='bbox 1751 1954 1899 2005; x_wconf 89' lang='lat' dir='ltr'>quibus</span> <span class='ocrx_word' id='word_1_482' title='bbox 1920 1955 2041 1994; x_wconf 87' lang='lat' dir='ltr'>etiam</span> <span class='ocrx_word' id='word_1_483' title='bbox 2063 1953 2165 1994; x_wconf 79' lang='lat' dir='ltr'>liber</span> 
     </span>
     <span class='ocr_line' id='line_1_81' title="bbox 1186 2015 2166 2068; baseline 0.001 -13"><span class='ocrx_word' id='word_1_484' title='bbox 1186 2020 1326 2055; x_wconf 76' lang='lat' dir='ltr'>contra</span> <span class='ocrx_word' id='word_1_485' title='bbox 1352 2015 1613 2068; x_wconf 76' lang='lat' dir='ltr'>Wiclefistas,</span> <span class='ocrx_word' id='word_1_486' title='bbox 1635 2017 1801 2057; x_wconf 89' lang='lat' dir='ltr'>Baleum</span> <span class='ocrx_word' id='word_1_487' title='bbox 1826 2017 1919 2056; x_wconf 92' lang='lat' dir='ltr'>vide</span> <span class='ocrx_word' id='word_1_488' title='bbox 1944 2018 2013 2057; x_wconf 78' lang='lat' dir='ltr'>VII</span> <span class='ocrx_word' id='word_1_489' title='bbox 2040 2019 2060 2056; x_wconf 79' lang='lat'><strong>4</strong></span> <span class='ocrx_word' id='word_1_490' title='bbox 2086 2019 2166 2057; x_wconf 89' lang='lat' dir='ltr'>Pit-</span> 
     </span>
     <span class='ocr_line' id='line_1_82' title="bbox 1189 2080 2162 2132; baseline 0.001 -13"><span class='ocrx_word' id='word_1_491' title='bbox 1189 2092 1305 2119; x_wconf 89' lang='lat' dir='ltr'>seum</span> <span class='ocrx_word' id='word_1_492' title='bbox 1329 2092 1417 2132; x_wconf 90' lang='lat' dir='ltr'>pag.</span> <span class='ocrx_word' id='word_1_493' title='bbox 1444 2081 1516 2119; x_wconf 86' lang='grc'>551</span> <span class='ocrx_word' id='word_1_494' title='bbox 1547 2091 1631 2131; x_wconf 88' lang='lat' dir='ltr'>seq.</span> <span class='ocrx_word' id='word_1_495' title='bbox 1657 2084 1698 2119; x_wconf 89' lang='lat' dir='ltr'>et</span> <span class='ocrx_word' id='word_1_496' title='bbox 1713 2080 1907 2119; x_wconf 91' lang='lat' dir='ltr'>Jacobum</span> <span class='ocrx_word' id='word_1_497' title='bbox 1931 2081 2162 2120; x_wconf 87' lang='lat' dir='ltr'>Echardum</span> 
     </span>
     <span class='ocr_line' id='line_1_83' title="bbox 1189 2142 2096 2194; baseline 0.001 -13"><span class='ocrx_word' id='word_1_498' title='bbox 1189 2146 1298 2181; x_wconf 90' lang='lat' dir='ltr'>tomo</span> <span class='ocrx_word' id='word_1_499' title='bbox 1322 2143 1337 2182; x_wconf 96' lang='lat' dir='ltr'>I</span> <span class='ocrx_word' id='word_1_500' title='bbox 1358 2143 1457 2181; x_wconf 91' lang='lat' dir='ltr'>Bibl.</span> <span class='ocrx_word' id='word_1_501' title='bbox 1483 2142 1578 2182; x_wconf 90' lang='lat' dir='ltr'>Ord.</span> <span class='ocrx_word' id='word_1_502' title='bbox 1602 2142 1866 2182; x_wconf 87' lang='lat' dir='ltr'>Praedicator.</span> <span class='ocrx_word' id='word_1_503' title='bbox 1890 2154 1979 2194; x_wconf 88' lang='lat' dir='ltr'>pag.</span> <span class='ocrx_word' id='word_1_504' title='bbox 2006 2143 2096 2184; x_wconf 87' lang='grc'>701.</span> 
     </span>
    </p>

    <p class='ocr_par' dir='ltr' id='par_1_7' title="bbox 1186 2205 2166 2696">
     <span class='ocr_line' id='line_1_84' title="bbox 1242 2205 2166 2258; baseline 0.002 -14"><span class='ocrx_word' id='word_1_505' title='bbox 1242 2206 1416 2247; x_wconf 78' lang='lat' dir='ltr'>Joannes</span> <span class='ocrx_word' id='word_1_506' title='bbox 1439 2205 1681 2245; x_wconf 82' lang='lat' dir='ltr'>BROMIUS.</span> <span class='ocrx_word' id='word_1_507' title='bbox 1699 2205 1878 2257; x_wconf 81' lang='lat' dir='ltr'>Anglus‚</span> <span class='ocrx_word' id='word_1_508' title='bbox 1904 2205 2166 2258; x_wconf 83' lang='lat' dir='ltr'>Augustinia-</span> 
     </span>
     <span class='ocr_line' id='line_1_85' title="bbox 1190 2268 2165 2321; baseline 0 -13"><span class='ocrx_word' id='word_1_509' title='bbox 1190 2281 1287 2319; x_wconf 79' lang='lat' dir='ltr'>nus,</span> <span class='ocrx_word' id='word_1_510' title='bbox 1306 2270 1375 2321; x_wconf 92' lang='lat' dir='ltr'>qui</span> <span class='ocrx_word' id='word_1_511' title='bbox 1392 2270 1431 2307; x_wconf 91' lang='lat' dir='ltr'>in</span> <span class='ocrx_word' id='word_1_512' title='bbox 1447 2269 1751 2308; x_wconf 86' lang='lat' dir='ltr'>Gorlestonensi</span> <span class='ocrx_word' id='word_1_513' title='bbox 1769 2269 1855 2307; x_wconf 91' lang='lat' dir='ltr'>sive</span> <span class='ocrx_word' id='word_1_514' title='bbox 1872 2268 2165 2308; x_wconf 88' lang='lat' dir='ltr'>Gorledunensi</span> 
     </span>
     <span class='ocr_line' id='line_1_86' title="bbox 1186 2331 2166 2372; baseline -0.001 0"><span class='ocrx_word' id='word_1_515' title='bbox 1186 2334 1401 2372; x_wconf 89' lang='lat' dir='ltr'>Monasteri</span> <span class='ocrx_word' id='word_1_516' title='bbox 1424 2332 1521 2372; x_wconf 90' lang='lat' dir='ltr'>obiit</span> <span class='ocrx_word' id='word_1_517' title='bbox 1539 2331 1614 2371; x_wconf 87' lang='lat' dir='ltr'>An.</span> <span class='ocrx_word' id='word_1_518' title='bbox 1641 2332 1755 2371; x_wconf 70' lang='grc'>1449.</span> <span class='ocrx_word' id='word_1_519' title='bbox 1773 2332 1934 2370; x_wconf 87' lang='lat' dir='ltr'>Praeter</span> <span class='ocrx_word' id='word_1_520' title='bbox 1954 2332 2166 2371; x_wconf 78' lang='lat' dir='ltr'>Sermones</span> 
     </span>
     <span class='ocr_line' id='line_1_87' title="bbox 1186 2392 2161 2447; baseline -0.003 -12"><span class='ocrx_word' id='word_1_521' title='bbox 1186 2396 1382 2447; x_wconf 86' lang='lat' dir='ltr'>quosdam</span> <span class='ocrx_word' id='word_1_522' title='bbox 1401 2425 1410 2444; x_wconf 86' lang='lat'>,</span> <span class='ocrx_word' id='word_1_523' title='bbox 1435 2396 1597 2446; x_wconf 86' lang='lat' dir='ltr'>scripsit</span> <span class='ocrx_word' id='word_1_524' title='bbox 1630 2393 1778 2433; x_wconf 68' lang='lat' dir='ltr'>indices</span> <span class='ocrx_word' id='word_1_525' title='bbox 1816 2393 1857 2432; x_wconf 78' lang='lat' dir='ltr'>in</span> <span class='ocrx_word' id='word_1_526' title='bbox 1894 2392 2161 2432; x_wconf 74' lang='lat' dir='ltr'>Bibliothecae</span> 
     </span>
     <span class='ocr_line' id='line_1_88' title="bbox 1190 2455 2164 2508; baseline -0.001 -12"><span class='ocrx_word' id='word_1_527' title='bbox 1190 2456 1501 2497; x_wconf 66' lang='lat' dir='ltr'>Gor-ledunensis</span> <span class='ocrx_word' id='word_1_528' title='bbox 1517 2462 1557 2497; x_wconf 89' lang='lat' dir='ltr'>et</span> <span class='ocrx_word' id='word_1_529' title='bbox 1573 2458 1780 2508; x_wconf 89' lang='lat' dir='ltr'>speciatim</span> <span class='ocrx_word' id='word_1_530' title='bbox 1800 2457 1838 2494; x_wconf 92' lang='lat' dir='ltr'>in</span> <span class='ocrx_word' id='word_1_531' title='bbox 1866 2455 1921 2496; x_wconf 91' lang='lat' dir='ltr'>Ch</span> <span class='ocrx_word' id='word_1_532' title='bbox 1930 2456 2164 2495; x_wconf 76' lang='lat' dir='ltr'>ronicorum</span> 
     </span>
     <span class='ocr_line' id='line_1_89' title="bbox 1189 2519 2165 2572; baseline -0.002 -13"><span class='ocrx_word' id='word_1_533' title='bbox 1189 2519 1444 2572; x_wconf 75' lang='lat' dir='ltr'>quorundam</span> <span class='ocrx_word' id='word_1_534' title='bbox 1463 2519 1679 2559; x_wconf 74' lang='lat' dir='ltr'>volumina.</span> <span class='ocrx_word' id='word_1_535' title='bbox 1705 2519 1804 2558; x_wconf 79' lang='lat' dir='ltr'>Vide</span> <span class='ocrx_word' id='word_1_536' title='bbox 1837 2519 2019 2559; x_wconf 89' lang='lat' dir='ltr'>Elssium</span> <span class='ocrx_word' id='word_1_537' title='bbox 2044 2530 2165 2558; x_wconf 83' lang='lat' dir='ltr'>enco-</span> 
     </span>
     <span class='ocr_line' id='line_1_90' title="bbox 1190 2580 2160 2634; baseline -0.001 -12"><span class='ocrx_word' id='word_1_538' title='bbox 1190 2584 1360 2622; x_wconf 88' lang='lat' dir='ltr'>miastici</span> <span class='ocrx_word' id='word_1_539' title='bbox 1383 2582 1666 2634; x_wconf 84' lang='lat' dir='ltr'>Augustiniani</span> <span class='ocrx_word' id='word_1_540' title='bbox 1683 2593 1771 2632; x_wconf 85' lang='lat' dir='ltr'>pag.</span> <span class='ocrx_word' id='word_1_541' title='bbox 1792 2582 1868 2620; x_wconf 81' lang='grc'>335</span> <span class='ocrx_word' id='word_1_542' title='bbox 1888 2580 2053 2619; x_wconf 88' lang='lat' dir='ltr'>Baleum</span> <span class='ocrx_word' id='word_1_543' title='bbox 2073 2581 2160 2621; x_wconf 82' lang='lat' dir='ltr'>Vlll</span> 
     </span>
     <span class='ocr_line' id='line_1_91' title="bbox 1192 2642 2161 2696; baseline -0.002 -10"><span class='ocrx_word' id='word_1_544' title='bbox 1192 2647 1240 2686; x_wconf 86' lang='grc'>13</span> <span class='ocrx_word' id='word_1_545' title='bbox 1251 2646 1429 2684; x_wconf 88' lang='lat' dir='ltr'>Pitseum</span> <span class='ocrx_word' id='word_1_546' title='bbox 1440 2656 1525 2696; x_wconf 92' lang='lat' dir='ltr'>pag.</span> <span class='ocrx_word' id='word_1_547' title='bbox 1538 2645 1614 2682; x_wconf 76' lang='grc'>640</span> <span class='ocrx_word' id='word_1_548' title='bbox 1626 2655 1709 2693; x_wconf 91' lang='lat' dir='ltr'>seq.</span> <span class='ocrx_word' id='word_1_549' title='bbox 1721 2643 1792 2681; x_wconf 89' lang='lat' dir='ltr'>sed</span> <span class='ocrx_word' id='word_1_550' title='bbox 1801 2642 2006 2681; x_wconf 87' lang='lat' dir='ltr'>etEchard</span> <span class='ocrx_word' id='word_1_551' title='bbox 2013 2655 2080 2682; x_wconf 91' lang='lat' dir='ltr'>um</span> <span class='ocrx_word' id='word_1_552' title='bbox 2091 2644 2113 2682; x_wconf 93' lang='lat' dir='ltr'>l.</span> <span class='ocrx_word' id='word_1_553' title='bbox 2127 2657 2161 2684; x_wconf 82' lang='lat' dir='ltr'>c.</span> 
     </span>
    </p>

    <p class='ocr_par' dir='ltr' id='par_1_8' title="bbox 1188 2705 2162 3072">
     <span class='ocr_line' id='line_1_92' title="bbox 1252 2705 2161 2748; baseline 0 -2"><span class='ocrx_word' id='word_1_554' title='bbox 1252 2707 1416 2748; x_wconf 78' lang='lat' dir='ltr'>Thomas</span> <span class='ocrx_word' id='word_1_555' title='bbox 1432 2706 1653 2748; x_wconf 85' lang='lat' dir='ltr'>BROMIUS</span> <span class='ocrx_word' id='word_1_556' title='bbox 1674 2705 1982 2746; x_wconf 88' lang='lat' dir='ltr'>Carmelitarum</span> <span class='ocrx_word' id='word_1_557' title='bbox 2006 2706 2044 2744; x_wconf 90' lang='lat' dir='ltr'>in</span> <span class='ocrx_word' id='word_1_558' title='bbox 2063 2707 2161 2746; x_wconf 84' lang='lat' dir='ltr'>urbe</span> 
     </span>
     <span class='ocr_line' id='line_1_93' title="bbox 1191 2766 2161 2819; baseline -0.002 -9"><span class='ocrx_word' id='word_1_559' title='bbox 1191 2770 1433 2810; x_wconf 88' lang='lat' dir='ltr'>Londinensi</span> <span class='ocrx_word' id='word_1_560' title='bbox 1465 2767 1720 2819; x_wconf 86' lang='lat' dir='ltr'>provincialis</span> <span class='ocrx_word' id='word_1_561' title='bbox 1756 2766 1886 2805; x_wconf 92' lang='lat' dir='ltr'>medio</span> <span class='ocrx_word' id='word_1_562' title='bbox 1921 2767 2031 2806; x_wconf 88' lang='lat' dir='ltr'>Saec.</span> <span class='ocrx_word' id='word_1_563' title='bbox 2068 2770 2161 2808; x_wconf 81' lang='lat' dir='ltr'>XIV</span> 
     </span>
     <span class='ocr_line' id='line_1_94' title="bbox 1191 2828 2162 2884; baseline -0.001 -12"><span class='ocrx_word' id='word_1_564' title='bbox 1191 2834 1352 2884; x_wconf 89' lang='lat' dir='ltr'>scripsit</span> <span class='ocrx_word' id='word_1_565' title='bbox 1386 2832 1599 2871; x_wconf 77' lang='lat' dir='ltr'>Lecturam</span> <span class='ocrx_word' id='word_1_566' title='bbox 1638 2830 1669 2868; x_wconf 95' lang='lat' dir='ltr'><em>T</em></span> <span class='ocrx_word' id='word_1_567' title='bbox 1667 2828 1890 2881; x_wconf 70' lang='lat' dir='ltr'>heoloqe&#39;ae,</span> <span class='ocrx_word' id='word_1_568' title='bbox 1914 2828 2162 2871; x_wconf 78' lang='lat' dir='ltr'>Commenta-</span> 
     </span>
     <span class='ocr_line' id='line_1_95' title="bbox 1190 2891 2160 2946; baseline -0.003 -10"><span class='ocrx_word' id='word_1_569' title='bbox 1190 2897 1274 2936; x_wconf 78' lang='lat' dir='ltr'>rios</span> <span class='ocrx_word' id='word_1_570' title='bbox 1309 2895 1349 2933; x_wconf 83' lang='lat' dir='ltr'>in</span> <span class='ocrx_word' id='word_1_571' title='bbox 1381 2892 1603 2946; x_wconf 80' lang='lat' dir='ltr'>Epistolam</span> <span class='ocrx_word' id='word_1_572' title='bbox 1627 2891 1750 2931; x_wconf 74' lang='lat' dir='ltr'>Pauli</span> <span class='ocrx_word' id='word_1_573' title='bbox 1778 2891 1834 2931; x_wconf 80' lang='lat' dir='ltr'>ad</span> <span class='ocrx_word' id='word_1_574' title='bbox 1869 2894 2093 2940; x_wconf 85' lang='lat' dir='ltr'>Romanos,</span> <span class='ocrx_word' id='word_1_575' title='bbox 2119 2900 2160 2934; x_wconf 80' lang='lat' dir='ltr'>et</span> 
     </span>
     <span class='ocr_line' id='line_1_96' title="bbox 1191 2955 2157 3000; baseline 0 -4"><span class='ocrx_word' id='word_1_576' title='bbox 1191 2957 1432 3000; x_wconf 84' lang='lat' dir='ltr'>Concionum</span> <span class='ocrx_word' id='word_1_577' title='bbox 1453 2956 1650 2996; x_wconf 88' lang='lat' dir='ltr'>Volumen</span> <span class='ocrx_word' id='word_1_578' title='bbox 1689 2966 1817 2994; x_wconf 89' lang='lat' dir='ltr'>unum</span> <span class='ocrx_word' id='word_1_579' title='bbox 1841 2959 1945 2994; x_wconf 89' lang='lat' dir='ltr'>teste</span> <span class='ocrx_word' id='word_1_580' title='bbox 1983 2955 2157 2996; x_wconf 90' lang='lat' dir='ltr'>Lelando</span> 
     </span>
     <span class='ocr_line' id='line_1_97' title="bbox 1188 3020 1388 3072; baseline -0.015 -11"><span class='ocrx_word' id='word_1_581' title='bbox 1188 3033 1272 3072; x_wconf 90' lang='lat' dir='ltr'>cap.</span> <span class='ocrx_word' id='word_1_582' title='bbox 1301 3020 1388 3060; x_wconf 77' lang='grc'>418.</span> 
     </span>
    </p>

    <p class='ocr_par' dir='ltr' id='par_1_9' title="bbox 1185 3079 2159 3384">
     <span class='ocr_line' id='line_1_98' title="bbox 1242 3079 2159 3129; baseline 0 -8"><span class='ocrx_word' id='word_1_583' title='bbox 1242 3083 1415 3122; x_wconf 82' lang='lat' dir='ltr'>Joannes</span> <span class='ocrx_word' id='word_1_584' title='bbox 1435 3081 1731 3129; x_wconf 80' lang='lat' dir='ltr'>BROMPTON,</span> <span class='ocrx_word' id='word_1_585' title='bbox 1756 3079 1888 3120; x_wconf 81' lang='lat' dir='ltr'>Abbas</span> <span class='ocrx_word' id='word_1_586' title='bbox 1911 3081 2159 3121; x_wconf 81' lang='lat' dir='ltr'>Jorevallen-</span> 
     </span>
     <span class='ocr_line' id='line_1_99' title="bbox 1191 3142 2158 3196; baseline -0.002 -11"><span class='ocrx_word' id='word_1_587' title='bbox 1191 3147 1262 3195; x_wconf 85' lang='lat' dir='ltr'>sis,</span> <span class='ocrx_word' id='word_1_588' title='bbox 1279 3144 1374 3184; x_wconf 90' lang='lat' dir='ltr'>Ord.</span> <span class='ocrx_word' id='word_1_589' title='bbox 1388 3145 1553 3185; x_wconf 84' lang='lat' dir='ltr'>Cisterc.</span> <span class='ocrx_word' id='word_1_590' title='bbox 1569 3145 1609 3183; x_wconf 92' lang='lat' dir='ltr'>in</span> <span class='ocrx_word' id='word_1_591' title='bbox 1624 3143 1764 3196; x_wconf 86' lang='lat' dir='ltr'>Anglia</span> <span class='ocrx_word' id='word_1_592' title='bbox 1784 3144 1823 3181; x_wconf 93' lang='lat' dir='ltr'>in</span> <span class='ocrx_word' id='word_1_593' title='bbox 1839 3154 1932 3194; x_wconf 86' lang='lat' dir='ltr'>agro</span> <span class='ocrx_word' id='word_1_594' title='bbox 1945 3142 2158 3183; x_wconf 89' lang='lat' dir='ltr'>Richmon-</span> 
     </span>
     <span class='ocr_line' id='line_1_100' title="bbox 1192 3205 2158 3258; baseline -0.003 -10"><span class='ocrx_word' id='word_1_595' title='bbox 1192 3209 1306 3248; x_wconf 90' lang='lat' dir='ltr'>densi</span> <span class='ocrx_word' id='word_1_596' title='bbox 1324 3221 1331 3246; x_wconf 94' lang='lat'>:</span> <span class='ocrx_word' id='word_1_597' title='bbox 1357 3209 1379 3246; x_wconf 80' lang='lat' dir='ltr'>a</span> <span class='ocrx_word' id='word_1_598' title='bbox 1402 3208 1534 3246; x_wconf 86' lang='lat' dir='ltr'>Pitseo</span> <span class='ocrx_word' id='word_1_599' title='bbox 1553 3218 1643 3258; x_wconf 90' lang='lat' dir='ltr'>pag.</span> <span class='ocrx_word' id='word_1_600' title='bbox 1666 3205 1742 3245; x_wconf 90' lang='grc'>870</span> <span class='ocrx_word' id='word_1_601' title='bbox 1756 3206 1896 3244; x_wconf 85' lang='lat' dir='ltr'>Vossio</span> <span class='ocrx_word' id='word_1_602' title='bbox 1916 3216 2002 3256; x_wconf 89' lang='lat' dir='ltr'>pag.</span> <span class='ocrx_word' id='word_1_603' title='bbox 2018 3205 2096 3245; x_wconf 82' lang='lat'>708</span> <span class='ocrx_word' id='word_1_604' title='bbox 2117 3211 2158 3245; x_wconf 82' lang='lat' dir='ltr'>ct</span> 
     </span>
     <span class='ocr_line' id='line_1_101' title="bbox 1190 3266 2155 3320; baseline -0.002 -10"><span class='ocrx_word' id='word_1_605' title='bbox 1190 3272 1278 3312; x_wconf 81' lang='lat' dir='ltr'>aliis</span> <span class='ocrx_word' id='word_1_606' title='bbox 1297 3270 1467 3309; x_wconf 87' lang='lat' dir='ltr'>habetur</span> <span class='ocrx_word' id='word_1_607' title='bbox 1485 3281 1557 3320; x_wconf 92' lang='lat' dir='ltr'>pro</span> <span class='ocrx_word' id='word_1_608' title='bbox 1579 3273 1742 3309; x_wconf 85' lang='lat' dir='ltr'>auctore</span> <span class='ocrx_word' id='word_1_609' title='bbox 1764 3266 1954 3308; x_wconf 63' lang='lat' dir='ltr'>Chr-onice</span> <span class='ocrx_word' id='word_1_610' title='bbox 1973 3268 2022 3307; x_wconf 89' lang='lat' dir='ltr'>ab</span> <span class='ocrx_word' id='word_1_611' title='bbox 2038 3268 2155 3308; x_wconf 82' lang='lat' dir='ltr'>Anno</span> 
     </span>
     <span class='ocr_line' id='line_1_102' title="bbox 1185 3330 2151 3384; baseline -0.006 -9"><span class='ocrx_word' id='word_1_612' title='bbox 1185 3333 1338 3375; x_wconf 83' lang='lat' dir='ltr'>Cllristi</span> <span class='ocrx_word' id='word_1_613' title='bbox 1364 3333 1441 3373; x_wconf 82' lang='grc'>588</span> <span class='ocrx_word' id='word_1_614' title='bbox 1459 3343 1538 3384; x_wconf 88' lang='lat' dir='ltr'>quo</span> <span class='ocrx_word' id='word_1_615' title='bbox 1554 3332 1595 3372; x_wconf 89' lang='lat' dir='ltr'>S.</span> <span class='ocrx_word' id='word_1_616' title='bbox 1618 3330 1870 3383; x_wconf 77' lang='lat' dir='ltr'>Augustinus</span> <span class='ocrx_word' id='word_1_617' title='bbox 1885 3331 1996 3371; x_wconf 80' lang='lat' dir='ltr'>venit</span> <span class='ocrx_word' id='word_1_618' title='bbox 2017 3331 2055 3369; x_wconf 89' lang='lat' dir='ltr'>in</span> <span class='ocrx_word' id='word_1_619' title='bbox 2072 3330 2151 3370; x_wconf 85' lang='lat' dir='ltr'>An-</span> 
     </span>
    </p>
   </div>
  </div>
 </body>
</html>
