2500 4009
372 215 450 255 190

366 287 484 336 qinae
502 318 511 335 ,
533 290 697 338 est-cepto
721 295 795 323 uno
817 288 890 322 aut
905 281 1042 322 altero,
1065 283 1208 336 Incipit
1226 294 1253 321 a
1281 282 1327 322 li-

370 347 441 386 bro
478 352 516 388 S.
559 346 761 387 ‚inibi-osii
794 346 834 384 in
856 346 1100 386 Eoeameron.
1141 346 1326 387 Citantur

372 412 489 449 etiam
519 413 557 449 S.
593 410 873 459 Hieronymus,
911 410 950 448 S.
980 408 1253 460 Auqustinus,
1283 410 1322 449 S.

370 472 586 524 Ephraem.
604 473 641 509 S.
661 470 879 509 Caesarius
900 469 1157 513 Arelatensis.
1171 472 1210 511 S.
1228 472 1325 509 Pro-

369 546 462 585 sper
480 532 756 583 ⁴iquitanicus.
778 533 816 572 S.
838 531 955 572 Nilus
974 532 1202 575 Monachus.
1229 533 1326 574 Cas-

367 596 525 641 sianus.
550 594 632 633 vita
669 595 709 633 S.
734 593 906 643 Antonii,
936 595 1018 635 vita
1054 597 1093 635 S.
1129 594 1325 647 Fulyentii

370 655 556 707 Episcopi
576 656 807 707 Ruspensis.
828 658 868 696 S.
895 657 1112 709 Greqorius
1141 659 1319 707 iltaqnus.

366 718 570 768 Eeayrius
593 719 813 770 Episcopus
851 718 890 757 in
915 718 1159 765 Proverbiis,
1193 722 1232 759 S.
1257 721 1322 756 ,Ιο-

367 791 490 818 annes
511 780 828 832 Clerysostomus,
853 781 976 831 Beda,
1010 786 1046 820 et
1077 783 1116 821 S.
1144 781 1322 820 Isidorus

366 842 404 880 in
433 843 653 881 Sententiis.
694 844 737 881 ln
769 843 828 882 liis
856 842 1086 883 auctoribus
1124 848 1322 882 tractatur

368 904 415 942 de
439 903 652 944 virtutibus
681 910 717 944 et
737 905 865 952 vitiis,
882 918 984 958 quae
1007 906 1216 945 Monachos
1238 918 1322 944 ma-

364 966 476 1005 frime
513 971 698 1019 spectant.
746 971 955 1008 Caeterum
989 969 1215 1008 llolstenius
1251 980 1320 1019 pro

365 1029 461 1067 libro
486 1029 556 1067 lioe
591 1030 639 1068 ab
675 1036 833 1069 auctore
871 1032 975 1069 vitae
1006 1029 1204 1069 Benedicti
1240 1041 1320 1068 me-

363 1097 512 1129 morato
530 1092 646 1130 babet
668 1092 929 1144 Appendicem
959 1091 1013 1130 ad
1042 1091 1221 1132 Codicem
1245 1094 1318 1131 Re-

358 1152 573 1202 gsularum.
612 1154 660 1191 de
703 1166 780 1204 quo
818 1166 937 1205 supra
981 1166 1066 1206 pag.
1112 1156 1187 1193 5:36
1222 1154 1319 1192 hacc

363 1217 470 1253 enini
508 1221 602 1254 sunt
640 1217 827 1255 llolstenii
865 1217 1011 1255 verba:
1047 1215 1232 1265 Quadrat
1256 1227 1321 1255 sa-

364 1275 414 1314 tis
437 1276 506 1313 hoc
544 1278 731 1316 indicium
765 1279 804 1317 in
839 1283 1017 1318 nostrum
1046 1278 1115 1318 hoc
1143 1290 1239 1332 opus
1267 1291 1322 1317 em

368 1340 534 1377 l’atrum
554 1341 762 1379 rariorum
783 1341 981 1394 opusculis
999 1345 1237 1392 conteoetum,
1253 1343 1325 1394 qui

361 1402 514 1451 partim
550 1403 777 1453 ,llonaclios,
812 1405 963 1456 partim
1001 1405 1324 1445 Sanctimoniales

363 1464 609 1503 erialierunt.
630 1467 676 1504 In
700 1478 777 1518 quo
799 1470 887 1519 apte
909 1467 1117 1519 respondet
1137 1468 1325 1520 liaecAp-

357 1526 512 1578 pendir
540 1539 610 1567 suo
641 1529 753 1579 operi
778 1528 940 1579 requlas
969 1529 1150 1568 virorum
1188 1529 1325 1568 mulie-

362 1601 533 1640 rumque
569 1590 807 1643 perfectioni
839 1590 1079 1630 studentium
1116 1592 1320 1643 (Iiyerenti.

359 1651 448 1688 Scio
467 1654 667 1701 lluqonem
690 1653 944 1701 J!enardum.
967 1666 1056 1692 cum
1082 1655 1121 1693 in
1147 1655 1222 1706 fine
1249 1655 1322 1695 Co-

360 1712 473 1760 dicis.
498 1726 553 1753 ec
575 1727 650 1766 quo
676 1716 935 1755 Concordiam
975 1715 1219 1767 Reyularum
1242 1716 1322 1755 edi-

360 1774 427 1822 dit.
444 1777 657 1827 reperisset
677 1782 858 1827 conqesta
881 1777 1076 1830 quaedam
1089 1777 1316 1830 fracmenta

360 1838 524 1875 Patrum
559 1838 615 1877 ml
641 1839 809 1878 virtutes
838 1843 875 1877 et
900 1840 1014 1887 vitia,
1043 1852 1146 1892 quae
1170 1840 1207 1879 in
1236 1842 1318 1880 Mo-

361 1899 496 1937 nacliis
519 1898 798 1939 desiderantur
811 1905 881 1940 aut
896 1906 1101 1946 caventur.
1121 1903 1319 1955 pertinen-

355 1961 425 2004 tia,
447 1962 665 2013 opinatum.
691 1974 774 2002 esse
791 1962 898 2002 illum
915 1964 1043 2014 ipsum
1063 1964 1208 2004 librum
1228 1977 1317 2003 con-

360 2027 513 2062 tectum
543 2037 597 2063 eac
625 2026 861 2064 Sanctorum
883 2027 1093 2064 Doctorum
1120 2026 1314 2075 Homiliis,

360 2097 472 2134 quem
494 2085 619 2136 fuisse
637 2098 662 2123 a.
685 2088 828 2125 Sancto
846 2086 1047 2125 Benedicta
1062 2087 1315 2137 compositum

362 2146 510 2183 ,luctor
529 2148 613 2197 ejus
640 2148 744 2186 vitae
774 2147 915 2199 refert:
946 2148 1015 2186 sed
1036 2148 1133 2187 milii
1158 2148 1313 2199 quidem

363 2219 434 2244 non
457 2208 680 2258 persi-adet.
702 2210 773 2261 qui
795 2222 869 2248 non
893 2210 1082 2250 llomilias
1096 2242 1104 2257 ,
1128 2214 1201 2249 aut
1222 2223 1315 2262 opu-

363 2269 474 2307 scula
498 2269 650 2321 inteyra
679 2273 862 2314 Patrum.
883 2272 953 2311 sert
978 2273 1189 2311 sententias
1217 2273 1315 2312 (liin-

365 2335 495 2369 [ιω-αἰ.
521 2337 556 2369 et
577 2333 808 2375 testimonia.
836 2334 916 2386 ipso
940 2333 1084 2385 fatente
1111 2335 1313 2385 Menardo)

360 2398 541 2443 confles-ta
565 2395 689 2433 sciam
709 2395 746 2433 in
772 2395 880 2434 illam
902 2395 1152 2447 farrasst'nem
1183 2397 1320 2438 Codici

364 2455 605 2493 t'oncorcliae
647 2457 892 2508 lleqularum
936 2462 1135 2497 assutam:
1182 2463 1319 2498 nostra

361 2520 492 2554 mitem
512 2516 682 2556 collectio
709 2519 881 2570 inteqras
901 2520 1063 2559 exhibet
1079 2521 1319 2560 adhortatio-

365 2592 451 2626 nes.
476 2583 549 2617 aut
579 2581 780 2621 conciones
805 2583 973 2621 Patrum
1000 2584 1203 2635 aptissime
1232 2596 1320 2623 con-

361 2645 545 2689 {sruentes
568 2642 622 2681 ατί
638 2648 916 2693 (insumentum
938 2646 1181 2697 Regularum
1193 2662 1203 2685 .·
1220 2659 1321 2698 qua-

367 2715 409 2738 re
432 2708 683 2744 consentanee
708 2706 756 2745 iis
779 2705 924 2758 subjici
943 2719 1094 2760 aequus
1113 2739 1119 2757 ‚
1157 2709 1318 2760 opinor,

370 2768 405 2801 et
416 2766 590 2816 prudens
606 2768 760 2817 Lector,
777 2768 848 2807 ubi
860 2770 1100 2820 coqnoverit,
1116 2769 1320 2823 fatebitur.

366 2829 432 2866 llis
452 2828 594 2867 addere
613 2831 699 2868 licet
715 2834 978 2871 auctorivitae
996 2845 1071 2871 non
1093 2839 1319 2882 memorata,

370 2892 405 2927 in
437 2893 554 2929 ὅμως
588 2893 796 2933 (lodicibus
832 2899 965 2933 autem
999 2895 1085 2934 aliis
1113 2895 1319 2934 Bernardo

368 2952 537 3002 Levitae.
558 2956 573 2975 *
593 2957 628 2992 in
645 2956 729 2993 aliis
747 2956 942 2995 Bernardo
963 2958 1110 2997 tributa
1124 2957 1321 2998 Aniancn-

372 3015 418 3053 si.
444 3016 517 3053 sub
536 3015 651 3065 cujus
676 3019 832 3055 nominc
857 3018 919 3056 illa
940 3021 1119 3069 vulgavit
1135 3022 1320 3060 Baluzius

369 3080 472 3113 torno
499 3078 527 3113 V
549 3079 896 3118 Miscellanfflrum.
934 3081 972 3129 41
999 3081 1320 3122 Testimoniorum

370 3135 559 3174 nuber-ula
583 3138 628 3175 de
653 3139 921 3179 incarnatione
946 3143 1139 3183 JmJHNJ
1151 3149 1188 3184 et
1213 3145 1259 3184 de
1279 3147 1318 3186 S.

373 3200 488 3246 atque
504 3198 701 3237 indii-idem
731 3202 937 3251 Trinitate7
962 3210 1001 3242 ct
1018 3206 1237 3247 iterationis
1255 3207 1322 3247 ba-

369 3259 507 3308 ptismi
527 3259 732 3301 ‹let-itnmln
751 3266 938 3316 pernicie.
962 3279 1045 3319 pag.
1069 3270 1100 3308 l.
1119 3271 1156 3319 ὅ)
1182 3272 1323 3324 Dispu-

430 3328 442 3338 ⁸
466 3330 587 3360 Ouilin.
613 3335 690 3363 tom.
717 3335 726 3362 1
754 3342 832 3373 pag.
858 3334 949 3368 1055.

1145 209 1582 253 BENEDICTO

1397 286 1493 323 tatio
1516 283 1712 326 adversus
1736 284 1978 325 Folle-ianam
1998 286 2247 341 impietatem.
2268 299 2355 340 pag.

1393 347 1455 385 30.
1477 348 1516 397 6)
1537 347 1715 400 Epistola
1741 347 1796 387 ad
1820 347 2123 397 Guarnarium,
2148 362 2184 401 p.
2214 351 2256 390 5⁴
2292 350 2357 390 cui

1397 410 1514 448 etiam
1532 410 1676 449 nubem
1693 412 2010 450 testimoniorum
2025 411 2194 462 scripsit.
2204 411 2240 462 7)
2258 409 2358 453 Con-

1391 470 1510 523 fessio
1536 471 1648 511 Fidei
1668 471 1867 511 Benedicti
1893 474 2070 521 Levitae,
2086 474 2162 512 etsi
2179 478 2358 525 peccato-

1399 535 1453 572 ris
1473 545 1764 585 nonnunquam
1780 535 1944 584 erronei,
1961 538 2094 572 tamen
2108 534 2263 575 foedere
2277 535 2354 574 isto

1396 595 1483 634 fidei
1507 596 1745 634 inexhausto
1779 594 1926 633 fidenti.
1957 606 2043 645 pag.
2075 595 2205 635 56-62
2234 597 2353 635 Paris.

1397 658 1514 705 ⁴700.
1539 657 1607 696 8.'⁰
1632 659 1672 706 8)
1694 656 1900 702 martum,
1919 656 2005 693 sivo
2029 655 2358 697 Conversationes

1393 718 1631 758 Monostiffle
1672 717 1853 768 Capitula
1894 717 1985 755 Xlll
2022 717 2127 768 apud
2166 718 2351 758 Carolum

1398 782 1535 819 Cointo
1559 785 1666 818 tomo
1685 780 1751 818 Vll
1774 778 1990 817 Annalium
2010 778 2248 819 Francorum
2268 792 2355 833 pag.

1400 843 1475 881 5552
1495 854 1604 892 seqq.
1626 841 1790 880 dubium
1816 852 1866 879 an
1891 839 2013 890 hujus
2036 841 2355 891 Benedicti,vido

1395 915 1480 955 pag.
1504 904 1578 943 :560
1603 902 1765 954 perinde
1789 907 1834 941 ut
1855 901 1995 942 Modus
2010 913 2136 942 novus
2158 903 2356 943 Poeniten-

1392 966 1539 1004 tiamun
1561 970 1623 1004 est
1646 966 1774 1016 potius
1794 963 1940 1003 Bened.
1965 965 2038 1003 ΧΠ
2062 965 2127 1003 vel
2149 966 2240 1005 Xlll
2270 965 2352 1005 An-

1393 1031 1562 1080 tipapae,
1593 1033 1637 1067 ut
1669 1027 1750 1065 dixi
1788 1038 1909 1077 supra
1947 1027 1990 1076 9)
2017 1025 2204 1078 Capitula
2231 1027 2358 1080 LXXX

1386 1102 1464 1142 pro
1487 1088 1797 1138 Mona.sceriis,in
1817 1090 2028 1128 Conventu
2043 1086 2355 1140 Aquisg'ranonsi

1391 1153 1505 1191 Anno
1519 1151 1595 1191 8¹7
1615 1150 1718 1202 apud
1734 1149 1905 1189 eundem
1923 1150 2124 1190 Cointium
2146 1161 2233 1202 pag.
2272 1151 2349 1190 434

1393 1226 1502 1264 seqq.
1523 1226 1642 1264 quem
1668 1213 1716 1252 do
1741 1213 1814 1251 hoo
1842 1211 2058 1252 Benedicto
2075 1213 2240 1253 Aniensi
2261 1212 2354 1253 vido

1394 1277 1513 1315 etiam
1537 1287 1621 1326 pag.
1648 1274 1724 1314 547
1745 1286 1856 1325 seqq.

1449 1340 1503 1377 Dc
1531 1337 1707 1376 Johanne
1731 1336 2036 1387 BENEDICTO,
2058 1336 2327 1378 Avenionensi
2343 1366 2354 1387 ,

1395 1401 1636 1452 Theophilus
1659 1399 1902 1451 ltaynaudus
1938 1403 2032 1438 tom.
2061 1400 2148 1439 V-lll
2176 1399 2353 1451 Operum

1396 1475 1482 1515 pag.
1506 1465 1581 1503 1135
1602 1474 1712 1513 seqq.

1450 1528 1471 1551 ³·
1482 1527 1612 1566 BENE
1620 1526 1796 1566 niCTUS
1804 1524 1981 1564 Barzius
1991 1525 2125 1564 Perusi
2133 1525 2353 1564 nusFerra-

1398 1590 1475 1628 riae
1497 1587 1564 1638 jus
1587 1588 1702 1627 civile
1725 1587 1871 1636 docuit,
1894 1588 1958 1626 cui
1983 1586 2220 1639 opusculum
2245 1585 2352 1625 Gua-

1399 1649 1594 1701 rentifsiae
1634 1650 1753 1701 vulgo
1795 1650 1914 1688 tribui
1943 1648 2169 1688 l'ancirolus
2201 1648 2283 1687 Lib.
2315 1648 2349 1686 11

1394 1726 1477 1765 cap.
1510 1714 1598 1753 402.
1621 1713 1768 1751 scribit.
1798 1712 1873 1750 Est
1902 1712 2022 1750 etiam
2059 1711 2238 1750 authoris
2266 1711 2350 1750 eiu-

1388 1777 1502 1815 sdem
1523 1779 1720 1814 tractatus
1745 1773 1794 1813 de
1818 1774 1976 1825 Legatis
1995 1784 2116 1824 quem
2140 1773 2256 1812 offert
2283 1774 2352 1813 MS

1391 1841 1526 1883 Codex
1548 1837 1671 1877 Felini
1695 1837 1769 1875 hoc
1785 1836 1900 1875 titulo
1916 1837 2169 1886 inscriptum:
2191 1836 2352 1876 Tracta-

1391 1908 1455 1943 tus
1478 1902 1524 1941 de
1544 1899 1700 1951 Leqatis
1712 1909 1786 1951 per
1807 1897 2017 1938 Dominum
2035 1897 2285 1938 Benedictum
2304 1897 2352 1938 cle

1390 1964 1538 2004 Barzis
1552 1962 1598 2002 de
1621 1961 1788 2001 Perusio
1803 1959 2003 2013 famosum
2017 1960 2227 2013 utriusque
2237 1961 2352 2013 Juris

1389 2029 1606 2066 Doctorem.
1635 2025 1798 2074 Incipit:
1824 2034 1914 2061 cum
1937 2033 2136 2073 praesens
2168 2022 2350 2062 doctrina

1389 2088 1620 2139 leqatorum.
1640 2088 1888 2124 Postremum
1907 2084 1979 2122 hoc
1995 2084 2231 2135 opusculum
2253 2095 2352 2124 non-

1387 2150 1482 2189 dum
1507 2148 1699 2200 prodiisse
1721 2146 1899 2185 arbitror.
1925 2146 2106 2185 Florebat
2133 2146 2239 2186 circa
2266 2158 2349 2186 me-

1387 2211 1497 2250 dium
1534 2212 1643 2248 Saea.
1668 2209 1738 2247 XV
1776 2208 1841 2257 (30
1865 2208 1970 2246 Obiit
1991 2206 2036 2248 Α.
2062 2208 2176 2248 4459.
2202 2210 2353 2248 Vermi-

1389 2273 1492 2320 ,ulioli
1506 2271 1609 2320 ⁶200.)
1624 2272 1665 2309 ln
1681 2271 1803 2309 altero
1813 2269 1907 2309 Cod.
1919 2270 1994 2310 MS.
2008 2271 2130 2309 Felini
2151 2282 2260 2310 num.
2275 2271 2351 2311 332

1388 2335 1513 2385 reperi
1538 2337 1752 2372 tractatum
1770 2334 1811 2371 l).
1830 2332 2031 2371 Benedicti
2051 2332 2101 2372 do
2128 2334 2263 2373 Barzis
2285 2344 2353 2373 su-

1390 2408 1467 2448 per
1482 2395 1652 2434 nuiteria
1668 2394 1926 2434 instrumenti
1935 2394 2236 2446 Guarantiqiae.
2252 2396 2354 2436 Scri-

1393 2464 1486 2509 ptus
1527 2458 1642 2497 4447.
1670 2457 1759 2496 ibid.
1785 2461 2012 2498 annotatur.
2039 2459 2267 2498 Postremus
2289 2458 2352 2498 hic

1394 2524 1590 2560 tractatus
1608 2519 1751 2570 prodiit
1767 2520 1944 2558 venetiis
1960 2531 2024 2559 an.
2038 2522 2052 2560 4
2065 2519 2140 2560 472
2156 2531 2225 2571 por
2238 2522 2355 2560 Joan-

1400 2596 1490 2621 neni
1520 2582 1568 2621 de
1598 2582 1761 2621 Colonia
1789 2586 1830 2620 et
1857 2582 2010 2621 Vindel.
2043 2582 2093 2621 de
2123 2583 2240 2637 Spira
2265 2583 2342 2622 iol„

1445 2645 1762 2685 BENEDICTUS
1778 2643 1997 2698 Biscopius,
2008 2644 2355 2684 Wiremundcnsis

1394 2707 1540 2752 Abbas.
1560 2706 1678 2758 cujus
1701 2709 1826 2746 vitam
1851 2708 2012 2758 scripsit
2036 2706 2152 2755 Beda,
2176 2706 2353 2747 defuncti

1394 2770 1467 2808 An.
1492 2769 1581 2808 703.
1617 2769 1714 2808 Vide
1738 2769 1956 2809 Lelandum
1995 2781 2078 2821 cap.
2103 2768 2165 2809 76.
2190 2769 2354 2810 Baleum

1394 2833 1407 2871 l
1433 2833 1493 2871 82.
1520 2833 1681 2872 Surium
1701 2836 1742 2870 et
1764 2831 1864 2872 Acta
1889 2832 2073 2872 Sanctor.
2098 2832 2147 2872 42
2165 2832 2326 2872 Januar.

1446 2894 1761 2934 BENEDICTUS
1786 2893 1943 2945 Capra,
1967 2894 2093 2934 Jctus
2112 2894 2351 2941 Perusinus,

1393 2955 1508 3006 cujus
1531 2956 1702 2996 Consilia
1725 2959 1765 2993 ot
1791 2956 2109 2996 Commentarios
2133 2956 2171 2994 in
2194 2955 2291 2994 libro
2318 2955 2351 2994 V

1394 3018 1650 3057 decretalium
1671 3017 1806 3056 laudat
1832 3017 2078 3056 Trithemius
2105 3027 2188 3068 cap.
2209 3017 2285 3056 880
2302 3016 2352 3057 dc

1396 3082 1538 3131 Script.
1568 3080 1718 3121 Eccles.

1450 3142 1470 3165 ἢ*
1494 3144 1535 3182 ln
1573 3140 1827 3193 designandis
1862 3141 1936 3179 viri
1959 3140 2078 3180 huius
2111 3140 2215 3180 docti
2242 3151 2351 3180 com-

1397 3205 1600 3243 mentariis
1623 3203 1876 3254 depravatam
1892 3212 1981 3240 csso
1997 3201 2200 3240 Trithcmii
2216 3202 2349 3243 lectio-

1397 3279 1488 3306 nem
1513 3267 1703 3318 suspicor.
1729 3266 1771 3303 In
1806 3264 1949 3302 librum
1973 3265 2079 3303 onim
2102 3265 2134 3303 V
2167 3266 2351 3307 Decreta-

1398 3329 1492 3369 iium
1523 3329 1671 3379 Caprae
1709 3326 1972 3378 expositiones
2009 3337 2214 3378 nunquam
2250 3328 2348 3369 mihi
