2500 3841
867 228 1265 270 CONRADUS

68 301 172 340 dinis
189 299 525 346 praedicatorum,
544 308 663 348 quem
688 310 736 337 cx
764 300 1021 339 concionandi

68 372 233 401 munere
269 361 495 399 uberrimos
533 360 688 400 fructus
729 362 871 401 tulisse
912 368 1023 402 notat

67 423 264 471 Bzovius‚
294 423 361 472 qui
391 423 504 473 plura
534 422 582 461 de
613 423 686 462 hoc
725 424 948 463 Conradino
976 424 1025 464 ad

65 483 229 523 Annum
254 484 382 532 1129,
407 496 517 523 num.
543 483 604 522 97.

119 544 387 587 CONRADUS
405 544 542 585 Abbas
556 577 567 595 ,
589 558 638 585 ex
659 559 737 597 quo
759 548 1025 597 fragmentum

66 608 271 658 scriptoris
309 607 358 646 de
394 608 515 647 rebus
544 610 783 648 Francorum
825 611 1027 660 (tempore

65 670 192 710 Caroli
215 670 268 708 Ill
291 673 332 708 et
352 670 511 708 Roberti
534 670 608 709 An.
633 672 787 711 CHristi
807 672 897 711 922.
924 673 1029 710 Hen-

64 733 135 771 rici
158 731 335 782 Aucupis
359 734 502 782 tertio)
526 733 648 772 edidit
672 736 813 772 Petrus
842 734 1028 772 Pithoeus

66 795 171 832 inter
212 795 427 845 scriptores
468 800 703 834 coaetaneos
742 797 829 835 XII.
867 796 1027 835 Parisiis

66 856 169 896 1588
189 861 229 895 et
243 857 490 895 Francofurti
513 859 614 896 1591
633 886 640 903 ,
663 859 698 896 8.
721 869 807 909 pag.
830 859 1025 897 216-218.

119 918 390 959 CONRADUS
412 917 638 971 Alpendorp
669 931 690 958 a
719 920 886 959 Simlero
909 919 1030 957 tradi-

65 985 133 1020 tur
150 981 376 1020 Germanus
396 982 610 1020 Carmelita
629 986 670 1019 et
690 983 910 1032 Episcopus
930 980 1027 1018 Aro-

66 1044 194 1082 tensis
217 1043 320 1081 circa
343 1042 506 1082 Annum
532 1043 633 1083 1390
665 1044 873 1094 scripsisse
896 1041 1027 1080 Histo-

63 1105 171 1144 riam
202 1103 347 1157 Cyrz‘lli
368 1106 561 1144 Doctoris.
592 1105 669 1144 Sed
698 1116 772 1143 nec
800 1103 916 1154 cujus
947 1104 1026 1153 Cy-

65 1167 167 1215 rilli,
193 1177 266 1205 nec
291 1166 357 1204 ubi
381 1170 581 1206 terrarum
611 1171 768 1216 exstet,
797 1167 1024 1217 vigueritve

63 1229 330 1279 Episcopatus
357 1226 594 1278 Arotensis,
631 1228 801 1277 docent,
831 1228 899 1278 qui
928 1227 1025 1266 haec

63 1302 113 1329 ex
138 1290 304 1330 Simlero
327 1290 524 1337 referunt,
545 1290 804 1338 Possevinus,
820 1289 1021 1339 Alegrius‚

61 1353 228 1391 Vossius
247 1354 289 1389 et
303 1351 489 1401 Gangius.
509 1351 611 1389 Sane
630 1355 714 1389 tres
730 1351 869 1400 Cyrilli
890 1362 911 1388 a
931 1350 1027 1388 Car-

61 1414 209 1452 melitis
232 1412 421 1463 singulari
449 1413 564 1451 cultu
592 1412 864 1461 honorantur,
888 1413 1024 1450 Hiero-

65 1476 360 1525 solymitanus,
389 1473 686 1513 Alexandrinus
720 1479 761 1513 et
796 1474 1026 1513 Constanti-

61 1537 327 1587 nopolitanus.
352 1535 467 1574 Hunc
487 1537 651 1574 tertium
673 1536 909 1575 Generalem
931 1535 1026 1573 Car-

58 1599 237 1637 melitani
274 1595 388 1647 ajunt
425 1596 500 1636 An.
535 1598 639 1637 1225
663 1597 835 1646 obiisse,
865 1597 914 1636 de
944 1608 1023 1647 quo

61 1659 266 1699 disserens
303 1659 447 1709 Alegre
485 1660 525 1698 in
562 1659 744 1710 paradiso
786 1659 1026 1699 Carmelitici

63 1722 219 1761 decoris
238 1733 326 1773 pag.
347 1722 437 1761 255.
458 1722 555 1760 Late
570 1752 582 1770 ‚
600 1723 752 1771 inquit,
773 1720 898 1762 vitam
919 1719 1027 1758 illius

60 1783 224 1835 scripsit
246 1782 459 1823 Conradus
477 1781 756 1832 Aldendorpus
778 1777 998 1822 Carmenta
1013 1813 1023 1829 ,

61 1844 135 1884 sub
159 1845 270 1884 Anno
296 1846 414 1884 1590.
436 1846 588 1883 Nomen
610 1843 873 1895 Aldendorpe'z'
897 1845 966 1893 (ac
991 1844 1023 1881 si

60 1919 116 1946 ea:
137 1906 266 1946 veteri
281 1917 382 1957 payo
404 1906 538 1955 dicas)
561 1910 717 1945 rectum
742 1909 829 1953 est,
852 1905 923 1944 sed
943 1905 1026 1943 An-

60 1980 138 2008 nus
163 1970 265 2009 1390
291 1968 570 2020 reponendus,
595 1969 661 2018 qui
686 1972 749 2006 est
776 1968 895 2005 etiam
921 1966 1025 2017 apud

62 2032 267 2082 Alegrium
291 2042 377 2081 pag.
400 2031 489 2070 318.
511 2031 555 2068 In
576 2030 764 2080 Catalogo
785 2030 1023 2078 scriptorum

60 2093 220 2132 Ordinis
242 2090 509 2140 Carnielitici,
535 2092 603 2141 qui
631 2091 837 2130 Trithemii
862 2091 896 2128 II
914 2090 1024 2128 libris

59 2154 108 2193 de
135 2154 364 2193 Carmelitis
393 2152 616 2192 illustribus
646 2151 929 2201 subjungitur,
960 2151 1023 2190 hic

59 2216 267 2256 Conradus
287 2220 396 2256 recte
411 2220 578 2255 vocatur
592 2214 813 2265 Episcopus
828 2245 839 2262 ,
855 2213 1023 2253 Azocen-

57 2279 138 2329 sis,
159 2279 446 2331 suffraganeus
461 2277 646 2329 Archiep.
667 2278 699 2314 T
696 2275 937 2315 reverensz's.
953 2275 1024 2314 At-

58 2352 136 2390 que
172 2342 227 2379 ita
259 2340 514 2380 scribendum
543 2340 682 2389 utique
712 2338 817 2388 apud
841 2338 1023 2376 Possevi-

61 2413 158 2439 num
177 2413 247 2452 pro
263 2400 459 2440 Arocensi.
477 2401 576 2439 Vide
593 2401 739 2438 librum
757 2398 911 2437 editum
924 2400 1023 2437 Bru-

59 2463 177 2501 xenis
194 2462 296 2502 1721
313 2493 320 2510 ,
338 2465 374 2501 8.
392 2465 564 2502 Histoire
582 2461 898 2509 Ecclesiastique
918 2458 1023 2497 d'Al-

61 2525 244 2574 lemagne
267 2528 361 2562 tom.
387 2526 430 2572 I,
455 2536 542 2574 pag.
568 2524 658 2562 222.
686 2524 736 2561 Ut
759 2523 949 2560 Miraeum
973 2520 1022 2558 de

61 2585 208 2625 Ordine
225 2586 393 2624 Carmel.
414 2598 451 2636 p.
472 2586 549 2624 211
566 2585 744 2633 aliosque
761 2585 1020 2633 praeteream.

114 2646 382 2686 CONRADUS
401 2646 448 2685 de
462 2645 646 2696 Altzeya,
663 2646 748 2682 sive
765 2642 1022 2681 Altshez'men-

61 2708 118 2747 sis
133 2710 173 2746 in
191 2708 362 2748 dioecesi
377 2709 606 2760 Moguntina
620 2708 724 2745 circa
739 2704 902 2744 Annum
921 2704 1021 2743 1370

61 2771 248 2810 laudatus
271 2770 489 2809 Trithemio
511 2781 596 2819 cap.
624 2768 699 2806 660
740 2767 789 2806 de
814 2767 852 2805 S.
885 2767 930 2805 E.
956 2767 1023 2815 qui

61 2836 220 2883 praeter
255 2831 530 2884 Epistolarum
551 2831 694 2869 librum
721 2833 761 2867 et
786 2827 1025 2868 Carminum

61 2891 236 2931 celebrat
252 2891 340 2941 ejus
356 2892 544 2930 volumen
560 2889 746 2927 versibus
760 2891 800 2925 et
824 2885 1025 2935 rhythmis

63 2954 232 3005 pulchra
259 2956 453 2993 varietate
476 2953 679 3003 depictum
714 2949 761 2987 dc
798 2948 837 2987 S.
867 2948 1026 2997 Virgine

63 3018 184 3056 Maria
207 3020 247 3056 et
270 3016 542 3066 redemptione
558 3013 715 3064 generis
739 3008 1025 3059 liumani,quod

62 3078 295 3130 fiqurarum
324 3088 421 3129 opus
458 3076 673 3126 inscripsit.
696 3071 811 3123 Apud
842 3070 1024 3110 Possevi-

66 3141 236 3179 numhic
247 3140 349 3179 male
366 3139 551 3178 scribitur
561 3133 770 3176 Conradas
785 3130 1019 3182 eaeAlcreya.

119 3201 389 3241 CONRADUS
411 3199 457 3240 de
479 3198 623 3239 Asculo
637 3230 647 3246 ,
675 3200 682 3245 (
698 3193 832 3234 ,iscelt
855 3195 893 3231 iu
917 3194 1022 3230 Pice-

68 3264 142 3311 no)
179 3264 338 3302 Ordinis
376 3263 695 3302 Praedicatorum
725 3258 842 3306 <licet
866 3254 1022 3293 Franci-

67 3326 198 3363 scanis
211 3337 303 3365 eum
319 3325 516 3365 adscribat
532 3323 583 3361 W
585 3318 798 3369 addingus)
821 3317 924 3355 circa
940 3313 1020 3354 An-

1981 237 2058 276 379

1095 316 1190 343 num
1217 304 1318 343 1330
1342 304 1486 343 dicitur
1510 306 1783 355 composuisse
1808 312 2058 346 commenta-

1097 368 1200 406 rium
1226 366 1266 404 in
1283 365 1503 418 Epistolam
1525 364 1682 416 Jacobi,
1709 379 1782 407 nec
1806 379 1883 406 non
1910 369 1946 406 in
1972 370 2060 408 Phi-

1098 429 1249 479 losophi
1274 429 1460 480 Physica,
1485 431 1675 478 Meteora,
1700 434 1740 469 et
1763 430 1883 469 libros
1901 431 2062 470 Ethico-

1099 502 1201 529 rum.
1220 490 1318 529 Vide
1334 491 1525 530 Jacobum
1545 491 1775 531 Echardum
1799 496 1894 531 torn.
1913 493 1948 540 1,
1971 504 2058 544 pag.

1101 553 1176 590 569
1201 554 1269 602 qui
1290 556 1386 590 tom.
1411 553 1445 590 II
1464 582 1473 599 ,
1498 564 1585 604 pag.
1608 554 1684 592 819
1709 557 1820 592 notat
1840 556 1963 594 etiam
1988 556 2062 593 Bo-

1101 615 1241 652 noniae
1264 615 1463 651 asservari
1486 613 1668 663 ejusdem
1688 615 1986 655 Commentaria
2009 616 2059 654 de

1102 674 1430 727 impressionibus
1452 676 1555 713 aeris
1578 680 1619 713 et
1642 675 1690 714 de
1712 679 1912 715 meteoriS.

1155 735 1421 776 CONRADUS
1457 734 1636 774 siscensis
1669 737 1862 785 Insuber,
1904 738 2064 777 Ordinis

1101 798 1418 838 Praedicatorum
1437 826 1446 845 ,
1469 796 1684 836 defunctus
1707 797 1782 836 An.
1819 799 1919 838 1470
1944 800 2062 850 cujus

1101 861 1272 910 scripta:
1297 870 1398 909 opus
1421 870 1497 908 quo
1522 858 1627 897 dicta
1650 859 1823 898 Thomae
1852 859 2064 910 Aquinatis

1100 933 1171 973 per
1195 922 1382 960 materias
1405 921 1587 971 digessit,
1612 921 1710 959 liber
1733 921 1980 961 decisionum
1997 935 2061 962 ca-

1101 995 1221 1022 suum
1258 983 1556 1029 Conscientiae,
1597 984 1893 1023 Commentaria
1923 985 1963 1021 in
1994 984 2062 1033 jus

1100 1045 1372 1092 Canopicum,
1397 1048 1437 1082 et
1469 1044 1649 1095 Epistola
1671 1045 1875 1095 encyclica
1904 1044 1953 1083 ad
1977 1047 2065 1083 uni—

1100 1118 1265 1146 versum
1289 1118 1410 1146 suum
1434 1106 1637 1145 Ordinem.
1656 1106 1762 1145 idem
1786 1112 1814 1144 t.
1841 1108 1856 1145 Ι
1876 1136 1884 1155 ,
1908 1119 1946 1158 p.
1971 1108 2060 1147 821.

1153 1169 1423 1209 CONJiADUS
1438 1168 1748 1208 Bavariaebux.
1767 1169 1885 1218 infra,
1901 1170 2065 1219 Moqun-

1101 1233 1219 1270 tinus.

1151 1292 1419 1333 CONRADUS
1451 1293 1667 1332 Monachus
1692 1292 2032 1331 Brunwilerensis
2049 1324 2058 1339 ,

1097 1355 1256 1394 Ordinis
1281 1356 1319 1394 S.
1344 1353 1548 1393 Benedicti
1572 1356 1611 1392 in
1633 1354 1803 1393 dioecesi
1820 1355 2061 1402 Coloniensi,

1099 1417 1260 1467 scripsit
1291 1416 1416 1455 vitam
1447 1418 1623 1467 Magistri
1647 1418 1708 1455 sui
1733 1418 1773 1456 S.
1805 1415 2060 1467 Wolphelmz',

1098 1478 1265 1517 Abbatis
1288 1480 1652 1528 Brunwilerensis,
1676 1478 1856 1517 defuncti
1878 1478 1923 1517 A.
1958 1479 2052 1517 1091

1099 1540 1148 1578 ad
1176 1540 1457 1579 Everhardum
1481 1539 1676 1578 Abbatem
1701 1539 1883 1590 ejusdem
1910 1541 2064 1579 Coeno-

1099 1602 1172 1653 bii,
1191 1607 1231 1640 et
1254 1603 1562 1649 Herimannum,
1584 1600 1778 1640 Abbatem
1800 1602 1838 1640 S.
1859 1602 2066 1640 Pantaleo-

1102 1665 1164 1702 nis
1201 1664 1463 1702 Coloniensis.
1496 1664 1642 1702 Exstat
1680 1663 1786 1713 apud
1811 1664 1974 1702 Surium
1999 1662 2063 1700 22.

1100 1726 1223 1777 April.
1240 1730 1280 1764 et
1304 1727 1343 1763 in
1360 1725 1473 1764 Actis
1496 1726 1735 1764 Sanctorum
1752 1730 1848 1763 tom.
1866 1726 1937 1769 III,
1952 1724 2066 1774 Apri-

1097 1789 1146 1826 lis
1171 1799 1256 1838 pag.
1282 1786 1332 1824 77
1368 1791 1408 1824 et
1445 1788 1485 1825 in
1523 1786 1636 1825 Actis
1659 1787 1873 1826 Mabillonii
1895 1785 2064 1824 Benedi-

1099 1851 1217 1888 ctinis
1241 1849 1327 1888 Sec.
1351 1849 1414 1886 VI.
1437 1852 1548 1898 parte
1572 1849 1608 1887 2.
1634 1859 1721 1898 pag.
1744 1849 1833 1886 681.
1855 1849 2066 1887 Sermones

1098 1911 1281 1962 ejusdem
1320 1909 1490 1949 Conradi
1535 1909 1581 1947 de
1618 1909 1778 1948 Sanctis
1820 1910 2064 1947 Possevinus

1099 1977 1398 2012 commemorat.
1427 1971 1486 2010 De
1510 1983 1642 2010 sorore
1668 1970 1789 2021 hujus
1819 1970 2061 2020 Wolphelmi

1099 2036 1250 2074 dictum
1273 2045 1393 2084 supra
1416 2045 1505 2084 pag.
1527 2033 1616 2071 650.
1639 2044 1720 2082 seq.
1743 2032 1958 2071 BERTHA.

1152 2096 1428 2137 CONRADUS
1450 2093 1599 2143 Celtas,
1625 2105 1772 2144 supra,
1798 2093 1995 2133 CELTES
2021 2104 2056 2143 p.

1100 2161 1188 2199 339.

1150 2221 1422 2261 CONRADUS
1445 2222 1545 2258 Baro
1581 2217 1628 2257 de
1660 2216 1874 2265 Cimber-n,
1899 2215 2059 2254 Ordinis

1095 2284 1366 2332 Benedictini,
1391 2282 1565 2321 eximius
1602 2281 1705 2319 circa
1741 2279 1906 2318 Annum
1945 2279 2062 2316 1130.

1097 2346 1361 2393 versificator,
1385 2345 1503 2394 cujus
1527 2354 1690 2382 carmen
1708 2371 1717 2389 ,
1739 2343 1778 2378 in
1803 2351 1882 2391 quo
1906 2344 2059 2378 statum

1093 2407 1242 2458 Augiae
1266 2406 1426 2454 divitis,
1457 2407 1495 2443 in
1522 2405 1652 2443 insula
1677 2403 1935 2443 Constantine
1960 2402 2060 2439 vici-

1094 2480 1166 2516 na,
1191 2467 1380 2506 Abbatiae
1405 2467 1607 2517 deplorat,
1632 2465 1846 2503 exhibetur
1869 2475 1890 2501 a
1912 2463 2059 2512 Caspa-

1096 2542 1139 2568 re
1163 2529 1355 2567 Bruschio
1377 2530 1415 2565 in
1441 2527 1701 2575 Chronologia
1731 2525 2060 2563 Monasteriorum

1096 2591 1331 2629 Germaniae
1356 2601 1442 2640 pag.
1477 2588 1538 2626 47.
1564 2589 1730 2636 Incipit:
1755 2585 1888 2636 Auyz'a
1911 2583 2060 2633 reyahs

1097 2653 1207 2692 (lives
1230 2651 1464 2703 quandoque
1486 2648 1612 2700 fecisti.

1149 2712 1442 2757 CONRADOE,
1481 2708 1706 2748 Dalmatiae
1746 2709 1862 2751 Dux,
1910 2707 2055 2744 Comes

1097 2774 1304 2822 Daclzunz‘,
1345 2775 1381 2810 in
1421 2770 1671 2822 expeditione
1702 2769 1837 2807 Italica
1867 2767 2053 2805 Friderici

1099 2837 1361 2876 Barbarossac
1386 2832 1487 2883 apud
1514 2831 1777 2870 Mediolanum
1802 2832 1970 2867 mortem
1993 2839 2060 2878 op-

1099 2897 1300 2949 petiitAn.
1318 2895 1420 2934 1156
1441 2898 1544 2933 teste
1561 2892 1761 2931 Aventino
1786 2891 1823 2927 in
1845 2889 2056 2927 annalibus

1101 2958 1382 2998 Scbirensibus
1405 2967 1491 3006 pag.
1517 2955 1607 2993 211.
1624 2955 1679 2991 De
1696 2951 1834 2990 eodem
1859 2949 1962 2988 Guil.
1978 2950 2058 2999 Ey-

1100 3021 1349 3069 sengreinius
1373 3019 1411 3055 in
1435 3016 1622 3065 Catalego
1660 3025 1744 3065 pag.
1772 3013 1858 3051 103.
1885 3010 1959 3048 Hic
1989 3019 2055 3047 sa-

1099 3081 1282 3134 lutzferae
1303 3079 1435 3118 crucis
1451 3111 1460 3127 ,
1486 3074 1827 3124 sacro-sanctique
1853 3071 1950 3122 Iiyne'
1972 3082 2036 3108 ma

1092 3156 1212 3195 ynam
1232 3146 1389 3193 partem
1417 3140 1468 3178 ab
1492 3137 1693 3178 Heraclito
1710 3168 1719 3184 ,
1745 3140 1777 3183 a)
1806 3132 2049 3173 Patre‘arclza

1150 3222 1182 3261 a)
1203 3223 1284 3258 Lege
1311 3219 1490 3251 Heraczso.
1515 3217 1574 3248 Sed
1599 3219 1624 3247 is
1651 3214 1845 3246 patriarcha
1869 3212 2060 3251 Hierosoly-

1090 3274 1236 3303 mitanus
1261 3270 1362 3300 fuisse
1393 3268 1587 3308 perhibetur
1610 3266 1652 3296 ab
1676 3269 1770 3296 Anno
1796 3262 1876 3294 1180
1902 3260 1943 3292 ad
1968 3261 2058 3293 1191.

1089 3321 1170 3352 Vide
1195 3324 1322 3351 lonium
1346 3320 1382 3349 Χ.
1407 3317 1630 3349 Bibliothecae
1653 3317 1798 3346 Graecae
1819 3321 1893 3353 pag.
1915 3311 1989 3344 505.
