2500 3841
1003 244 1241 283 AELIUS

113 310 232 350 vertit
247 309 458 358 saxonice,
477 314 520 349 ut
542 311 686 350 Donati
705 324 750 350 ac
772 311 974 355 Prisciani
992 325 1087 352 non-

113 371 248 421 nulla,
276 374 318 409 et
348 370 535 421 Greqorii
558 373 696 424 Μαφῖί
733 374 938 425 Dialogos,
967 377 1086 414 etiam

109 443 206 472 suos
220 435 267 483 ,et
284 432 451 471 aliorum
475 443 610 472 sacros
635 435 866 484 Sermones,
898 437 1087 485 vitasque

109 493 375 541 Sanctorum,
406 497 451 532 ut
479 494 554 533 alia
595 494 683 545 ejus
720 498 866 548 scripta
895 497 1086 536 Saxonico

109 554 297 594 idiomate
326 555 559 595 elucubrata
589 558 754 596 minime
793 557 1087 597 contemnenda

109 617 311 667 omittam,
332 616 381 656 de
403 617 549 667 quibus
572 623 729 669 praeter
743 620 923 659 Caveum
943 630 1086 658 consu—

105 677 213 717 lendi
242 677 429 718 laudatus
464 680 715 720 Warthonus
756 683 795 720 in
833 682 1007 721 auctario
1035 681 1083 719 ad

106 740 313 779 Usserium
333 739 383 778 de
404 740 628 792 Scripturis
647 747 687 781 et
707 745 830 782 sacris
857 743 1083 782 vernaculis

105 811 192 852 pag.
224 800 302 840 377
337 813 421 851 seq.
452 807 492 841 et
520 805 764 844 Humfrcdus
805 806 1012 844 Wanleius
1043 806 1080 842 in

103 862 292 913 Catalogo
321 864 682 904 Historico-Critico
722 867 927 906 Librorum
970 871 1081 905 vete—

106 935 198 963 rum
227 926 623 976 septentrionalium,
650 929 717 978 qui
751 933 861 967 extat
899 930 938 965 in
974 932 1080 965 tomo

103 985 279 1025 secundo
300 986 496 1026 Thesauri
514 989 776 1028 Litteraturae
793 989 1079 1039 septentriona—

104 1048 153 1087 lis
175 1048 220 1087 V.
241 1048 286 1087 C.
309 1048 464 1099 Georgii
496 1049 691 1088 Hickesii..

155 1108 216 1148 Ab
231 1109 293 1147 his
309 1109 465 1148 duobus
474 1109 654 1149 AElfricis
668 1107 1076 1161 diversusAElfrc‘cus,

103 1172 189 1210 sive
212 1169 412 1222 Alfricus,
441 1171 706 1222 Croylandiae
743 1171 982 1221 Monachus,
1011 1172 1078 1221 qui

101 1234 206 1272 circa
220 1232 294 1271 An.
312 1233 356 1273 C.
373 1231 463 1272 740.
484 1233 615 1273 Vitam
636 1234 674 1272 S.
696 1232 881 1272 Guthlaci
899 1244 920 1271 e
944 1233 1080 1271 Latino

101 1295 243 1334 Felicis
261 1294 440 1334 Monachi
462 1295 584 1333 vertit
605 1294 797 1333 Saxonice
818 1322 826 1342 ,
847 1298 893 1332 ut
916 1294 1017 1333 infra
1038 1296 1076 1333 in

99 1355 229 1394 Felice
258 1355 424 1394 dicetur.

151 1416 319 1456 AELIUS
336 1415 483 1455 Junius
505 1415 685 1464 Cordus,
711 1416 936 1466 Capitolino
958 1427 1078 1467 saepe

100 1477 304 1529 laudatus,
323 1477 430 1517 Vitas
441 1479 656 1530 scripserat
671 1480 966 1529 Imperatorum
980 1489 1079 1528 quo-

99 1539 287 1587 rundam,
307 1539 433 1578 Clodii
462 1538 594 1578 Albini
624 1541 893 1590 aliorumque:
919 1538 968 1577 de
997 1551 1074 1589 quo

98 1600 190 1640 vide
209 1601 396 1641 Vossium
416 1602 463 1645 ΙΙ,
485 1602 508 1640 3
527 1602 577 1641 de
600 1603 805 1641 Historicis
829 1604 990 1643 Latinis.

149 1662 316 1702 AELIUS
334 1663 540 1713 Donatus,
565 1663 919 1714 Grammaticus,S.
937 1667 1071 1705 Hiero-

97 1725 208 1775 nymi
217 1725 461 1775 Praeceptor,
470 1724 518 1763 de
527 1736 605 1775 quo
616 1726 655 1762 in
669 1725 908 1765 Bibliotheca
917 1728 1064 1766 Latina.

147 1785 313 1825 AELIUS
332 1785 615 1837 Lampridius,
638 1787 834 1825 Historiae
858 1785 1063 1838 Augustae

95 1846 287 1897 Scriptor,
307 1846 357 1885 de
379 1858 458 1897 quo
478 1848 517 1885 in
540 1847 681 1885 eadem
702 1848 952 1887 Bibliotheca.

145 1905 312 1946 AELIUS
332 1908 504 1947 Maurus
532 1906 717 1947 laudatus
737 1920 760 1948 a
784 1910 990 1960 Spartiano
1020 1912 1059 1948 in

91 1969 180 2007 Vita
199 1968 336 2007 Severi
360 1979 444 2019 cap.
469 1969 533 2009 20.

137 2029 304 2069 AELIUS
327 2029 523 2078 Sabinus,
544 2032 611 2080 qui
635 2032 782 2070 citatur
801 2044 823 2071 a
843 2032 1062 2083 Capitolino

90 2092 131 2129 in
158 2091 372 2131 Maximino
391 2089 549 2141 juniore
568 2103 652 2143 cap.
675 2094 710 2131 6.

145 2152 311 2192 AELIUS
349 2153 606 2204 SpartianuS,
635 2154 832 2193 Historiae
860 2154 1064 2206 Augustae

87 2215 275 2266 Scriptor,
285 2214 334 2253 de
350 2226 428 2265 quo
445 2215 596 2254 dictum
608 2216 648 2253 in
658 2216 901 2255 Bibliotheca
914 2218 1062 2256 Latina.

140 2274 439 2327 AELNOTHUS,
449 2278 678 2327 Monachus,
688 2278 865 2318 Canticis
885 2289 916 2316 s.
933 2279 1063 2318 Cantii

87 2336 310 2389 Anglorum
323 2339 622 2390 Metropolitana
632 2340 736 2379 Urbe
752 2339 895 2388 editus,
911 2351 942 2391 s.
959 2340 1063 2380 Can-

87 2400 321 2449 tuariensis,
365 2399 509 2439 deinde
538 2402 578 2438 in
605 2402 764 2450 Daciae,
800 2402 886 2440 sive
914 2402 1061 2440 Daniae

69 2455 289 2511 partibus,
312 2464 484 2511 quatuor
504 2463 792 2512 quinquenniis
820 2466 861 2502 ct
889 2462 950 2501 bis
980 2463 1060 2501 fere

85 2522 188 2560 binis
206 2522 340 2571 annis,
356 2526 402 2561 ut
421 2523 506 2573 ipse
526 2523 663 2570 refert,
678 2528 948 2562 commoratus
963 2525 1060 2562 scri-

84 2582 164 2632 psit
185 2580 233 2620 de
250 2580 337 2620 vita
358 2586 397 2620 et
417 2581 606 2632 passione
635 2584 675 2622 S.
708 2583 879 2633 Canuti,
909 2585 1056 2623 Daniae

85 2642 134 2681 ab
156 2639 272 2681 Anno
297 2643 399 2681 4080
418 2643 535 2693 Regis
568 2647 609 2681 et
637 2642 710 2682 An.
733 2644 836 2683 4086
855 2646 1051 2695 Martyris,

85 2702 135 2741 ad
157 2704 306 2753 Regem
324 2702 374 2741 ab
392 2701 507 2742 Anno
547 2703 649 2743 4407
675 2705 878 2744 Nicolaum
907 2706 1053 2745 Canuti

85 2764 261 2803 fratrem.
295 2765 404 2803 Hanc
439 2765 565 2804 vitam
585 2765 690 2803 notis
709 2765 947 2804 illustratam
976 2768 1054 2816 pri-

86 2835 179 2864 mus
216 2825 397 2876 vulgavit
425 2825 620 2864 Haraldus
664 2825 860 2873 llnitfcld,
891 2827 1052 2865 Hasniae

87 2887 190 2927 4602
213 2887 250 2924 8.
274 2886 424 2934 Deinde
447 2887 556 2925 libris
597 2887 682 2926 suis
704 2886 830 2925 tribus
859 2887 1050 2926 Historiae

56 2987 61 2990 .
84 2947 254 2987 Danicae
274 2946 443 2998 subjecit
461 2947 662 2987 Johannes
682 2948 896 2995 Meursius,
916 2947 1049 2986 addito

85 3009 206 3048 etiam
234 3008 445 3059 Anonymo
473 3011 598 3048 veteri
622 3009 671 3048 de
694 3010 876 3060 passione
906 3008 944 3046 S.
973 3009 1048 3047 Ca-

87 3069 184 3119 roli,
211 3069 381 3110 Comitis
409 3070 638 3119 Flandriae,
664 3072 702 3109 S.
732 3071 874 3109 Canuti
904 3070 1047 3108 Daniae

85 3124 204 3182 Regis
221 3132 262 3170 F.
283 3133 403 3172 Sorae
425 3133 518 3171 4634
546 3136 586 3171 et
606 3132 766 3171 llafniac
788 3131 890 3170 4667
911 3131 944 3168 4.
968 3131 1048 3169 Ex-

38 3229 42 3243 ,
88 3195 168 3231 stat
190 3197 391 3243 praeterea
415 3195 452 3232 in
477 3192 588 3233 Actis
615 3194 847 3232 Sanctorum
881 3192 927 3231 40
956 3192 1046 3230 Julii

89 3256 183 3291 tom.
208 3253 272 3292 lll.
294 3264 379 3304 pag.
404 3254 481 3294 427
508 3266 598 3293 cum
621 3255 722 3292 notis
756 3254 892 3292 loanni
924 3254 1049 3302 Bapti-

91 3318 174 3352 stac
197 3314 331 3353 Solcrii
353 3315 391 3354 S.
428 3317 459 3353 J.
501 3316 636 3367 Capite
666 3316 752 3354 XVI
783 3319 816 3351 vi
852 3315 959 3354 XXII
990 3314 1050 3351 lm·

2072 257 2123 296 25

1162 314 1373 356 AElnotlius
1413 319 1593 358 versibus
1635 319 1800 360 leoninis·
1848 336 1885 360 in
1928 325 2120 366 occisores

1160 376 1303 416 Canuti
1329 380 1557 429 invehitur,
1588 394 1707 431 qucm
1742 385 1869 435 capite
1899 386 1951 424 XI
1984 386 2122 425 Proto-

1161 442 1378 491 martyrem
1397 442 1595 480 Danorum
1615 445 1745 493 gentis
1764 445 1944 495 appellat.
1966 446 2027 485 Ex
2045 447 2124 486 AEl-

1163 501 1281 539 notho
1297 503 1429 541 italice
1446 531 1454 549 ,
1476 503 1511 540 la
1526 504 1612 541 Vita
1631 516 1652 542 c
1672 506 1841 544 miracoli
1857 506 1895 544 di
1913 508 1950 546 S.
1968 507 2122 548 Cannio

1162 564 1336 610 martire,
1361 574 1402 601 re
1422 562 1524 600 della
1546 565 1681 613 Dania,
1712 567 1818 604 Rom.
1844 567 1963 618 4667,
1997 570 2017 607 4
2054 582 2122 620 pei·

1161 621 1360 661 Andream
1386 623 1653 672 Angelettum.
1755 626 1757 628 ’

1212 683 1475 731 AELREDUS,
1521 685 1611 723 vide
1649 686 1943 727 ADILREDL'S.
1995 690 2120 740 Hujus

1158 754 1289 782 sermo
1316 744 1364 782 de
1390 745 1517 783 JESU
1538 756 1666 795 puero
1689 747 1926 788 ‹luoclccemu’
1952 752 2120 801 locuple-

1157 806 1232 843 tior
1260 806 1297 843 in
1328 806 1567 845 Bibliotheca
1603 807 1899 849 Concionatoria
1927 812 2120 850 Combcss-

1156 866 1276 904 siana.

1209 925 1502 966 AEMILIANUS
1524 929 1829 979 Parthenianus,
1853 932 1968 982 cujus
1998 934 2117 970 histo-

1153 988 1278 1027 ricum
1299 999 1400 1038 opus
1421 988 1469 1027 de
1490 990 1783 1030 affectatoribus
1799 993 2019 1042 tyrannidis
2037 994 2115 1032 lau-

1153 1048 1221 1088 dat
1240 1050 1446 1089 Vulcatius
1465 1051 1691 1091 Gallicanus
1713 1054 1748 1091 in
1775 1056 1857 1093 vita
1880 1054 2008 1093 Avidii
2023 1055 2117 1093 Cas-

1153 1111 1199 1148 sii
1218 1121 1301 1161 cap.
1324 1112 1359 1150 5.

1205 1171 1250 1218 Q.
1279 1171 1572 1212 AEMILIANUS
1600 1173 1777 1223 Cimber,
1806 1176 1950 1215 Comes
1979 1176 2116 1214 Palati—

1156 1243 1248 1281 nus,
1271 1233 1386 1284 cujus
1406 1234 1698 1274 Encomiaste'ca
1711 1237 1882 1287 quinque
1905 1237 1959 1275 ad
1980 1236 2117 1274 Fride-

1154 1293 1284 1333 recum
1297 1296 1582 1346 Imperatorem
1599 1301 1636 1336 et
1648 1297 1972 1336 Mamimc'lt'anum
1985 1298 2007 1335 Ι
2022 1302 2113 1335 torn.

1153 1355 1186 1393 ll
1232 1357 1475 1407 Scriptorum
1523 1351 1846 1398 Germanicorum
1885 1359 2041 1398 Frclicri
2078 1371 2114 1409 p.

1155 1417 1195 1456 44
1207 1417 1242 1455 9.
1258 1418 1433 1456 Primum
1455 1420 1601 1469 incipit:
1618 1419 1821 1459 sistendos
1835 1432 1995 1459 carmen
2009 1420 2116 1458 tenui

1147 1476 1421 1527 praelusimus
1443 1491 1552 1519 orsu.

1205 1539 1357 1579 Paulus
1380 1540 1598 1581 AEMILIUS
1620 1543 1871 1590 Veronensis,
1886 1542 2109 1581 Canonicus

1147 1599 1350 1640 Ecclesiae
1380 1603 1631 1651 parisiensis,
1660 1604 1728 1653 qui
1755 1602 1829 1642 An.
1871 1604 1970 1642 4529
2006 1603 2108 1641 dicm

1145 1661 1255 1711 obiit,
1275 1667 1413 1702 auctor
1430 1665 1569 1703 nobilis
1584 1666 1776 1704 Historiae
1790 1665 1839 1703 de
1855 1666 1973 1704 rebus
1987 1666 2108 1714 gestis

1143 1723 1383 1764 Francorum
1405 1736 1533 1776 usque
1552 1726 1602 1765 ad
1621 1725 1695 1765 An.
1717 1726 1761 1765 C.
1787 1727 1888 1765 4488
1915 1726 2022 1765 libris
2050 1727 2083 1764 X
2101 1757 2106 1771 ,

1139 1795 1258 1833 quam
1278 1785 1420 1825 deinde
1449 1788 1513 1826 alii
1541 1789 1836 1827 continuavere.
1866 1788 1964 1827 Vide
1993 1788 2105 1825 Jaco-

1136 1843 1230 1883 bum
1254 1846 1289 1884 le
1313 1848 1420 1898 Long
1440 1860 1478 1887 n.
1501 1848 1603 1888 7459
1624 1853 1664 1888 et
1684 1849 1931 1889 Hendreichii
1951 1848 2099 1888 Pande-

1135 1908 1221 1943 ctas
1240 1917 1326 1956 pag.
1353 1908 1414 1945 49.

1185 1966 1370 2008 AENEAS
1389 1980 1439 2008 ex
1458 1970 1615 2010 Notario
1639 1972 1739 2010 sacri
1760 1972 1892 2010 Palatii
1918 1972 1936 1992 ³⁶
1955 1972 1963 2018 )
1986 1971 2101 2008 Pari-

1135 2027 1278 2067 siensi's
1308 2029 1356 2068 ab
1384 2028 1500 2069 Anno
1528 2032 1616 2071 854.
1661 2032 1898 2082 Episcopus,
1943 2032 2095 2081 scripsit

1136 2089 1240 2128 circa
1258 2089 1333 2128 An.
1358 2091 1434 2128 868
1455 2091 1599 2131 librum
1622 2091 1818 2132 adversus
1837 2091 1968 2131 decem
1997 2090 2098 2141 obje-

1137 2149 1282 2189 ctiones
1303 2151 1548 2190 Graecorum
1577 2153 1736 2203 (Photii)
1778 2153 1971 2204 capitibus
1999 2152 2100 2191 CCX

1136 2210 1270 2250 Edidit
1286 2213 1412 2251 Lucas
1441 2213 1658 2253 Dacherius
1679 2219 1773 2253 tom.
1795 2215 1863 2254 VII
1885 2214 2101 2265 Spicilegii.

1135 2273 1293 2312 Parisiis
1314 2274 1415 2313 4666
1438 2275 1459 2313 4
1484 2279 1524 2313 et
1543 2279 1637 2314 tom.
1664 2277 1678 2314 I
1714 2275 1897 2314 editionis
1918 2286 2042 2314 novae
2060 2276 2098 2312 in

1138 2333 1225 2372 solio
1266 2346 1351 2386 pag.
1397 2336 1484 2375 443.
1532 2337 1723 2376 Praefatio
1758 2337 1870 2376 obvia
1906 2338 1944 2374 in
1986 2336 2103 2374 tomis

1135 2395 1401 2436 Conciliorum
1426 2398 1568 2437 Labbci
1590 2399 1674 2437 VIII
1698 2429 1706 2447 ,
1727 2409 1812 2449 pag.
1837 2398 1910 2436 476
1939 2401 1979 2436 et
2009 2398 2103 2435 llar-

1133 2455 1245 2494 duini
1265 2458 1323 2506 V,
1345 2469 1431 2509 pag.
1458 2459 1546 2497 344.
1573 2459 1698 2499 Colcti
1730 2465 1823 2497 tom.
1849 2460 1902 2497 lx
1932 2463 2005 2496 ctc.
2039 2458 2100 2495 ln-

1133 2521 1194 2555 tcr
1224 2519 1482 2558 formatarum
1513 2524 1696 2558 veterum
1728 2520 1993 2570 Epistolarum
2023 2518 2098 2554 Ca-

1132 2579 1362 2617 nonicaruni
1382 2579 1565 2630 exempla
1586 2582 1639 2618 XI
1657 2611 1666 2629 ,
1689 2592 1790 2629 quac
1812 2579 1986 2629 vulgavit
2018 2578 2096 2616 Sir-

1130 2638 1301 2677 mondus
1335 2644 1428 2678 tom.
1451 2641 1484 2678 II
1522 2639 1670 2678 Concil.
1696 2640 1842 2678 Galliac
1862 2651 1897 2689 p.
1917 2638 1992 2676 663
2010 2649 2092 2686 seq.

1126 2700 1244 2737 etiam
1283 2710 1367 2750 pag.
1412 2700 1487 2738 670
1524 2705 1564 2738 ct
1602 2700 1708 2750 apud
1733 2700 1929 2738 Labbcuin
1970 2700 2092 2736 Tomo

1125 2761 1238 2806 VIII,
1267 2772 1352 2811 pag.
1395 2761 1496 2798 4898
1530 2765 1663 2799 exstat
1704 2761 1857 2798 initium
1892 2757 2091 2809 Epistulae.

1124 2820 1272 2859 AEncac
1311 2819 1366 2857 ad
1403 2819 1664 2858 llz’ncmarmn
1707 2821 1949 2867 Remensem,
1980 2825 2023 2859 ut.
2052 2822 2086 2858 ci

1122 2882 1341 2919 Bernonem
1357 2881 1558 2930 acolytum
1575 2881 1613 2917 in
1631 2880 1811 2930 parochia
1832 2892 1903 2919 sua
1920 2883 2088 2919 rctincrc

1120 2945 1159 2979 ct
1179 2941 1359 2979 ordinare
1384 2941 1510 2979 liccat.
1532 2942 1587 2978 Do
1609 2940 1756 2978 AEncac
1778 2940 1898 2990 liujus
1931 2941 2084 2978 ordina-

1120 3003 1224 3039 tione
1263 3003 1401 3051 Lupus
1441 3001 1703 3039 Ferraricnsis
1740 3001 1864 3052 Epist.
1890 3002 1940 3039 98
1969 3005 2005 3039 ct
2037 3001 2086 3038 99

1119 3060 1234 3112 cujus
1272 3064 1390 3100 ctiam
1431 3066 1563 3100 exstat
1586 3062 1633 3100 ad
1672 3073 1764 3100 cum
1789 3062 1963 3113 Epistola
2000 3064 2084 3100 419.

1123 3121 1383 3172 Prz'vi'leyitcm
1406 3122 1454 3161 ab
1473 3122 1616 3168 AEnca⁷
1636 3123 1836 3162 Ecclesiae
1863 3123 1894 3160 F
1896 3123 2088 3162 ossatensi

1120 3182 1194 3222 An.
1212 3184 1288 3220 868
1309 3182 1447 3221 datum
1466 3212 1473 3231 ,
1494 3183 1651 3222 cdidcrc
1676 3184 1968 3222 Samniartliani
1992 3188 2083 3221 toni.

1123 3245 1135 3280 l
1158 3244 1304 3282 Galliac
1317 3243 1565 3282 Christianae
1584 3256 1617 3294 p.
1642 3244 1903 3282 tom-‹litionis
1921 3244 2078 3294 primae.

1180 3329 1219 3365 ⁸)
1245 3330 1439 3364 nincmarus
1464 3334 1554 3362 Toni.
1583 3331 1605 3361 Ι.
1632 3334 1774 3369 operum
1800 3338 1874 3370 pag.
1899 3329 1948 3361 z‘l.

1615 3399 1624 3433 'I
