2500 3841
862 227 1390 270 CAPlS'sRANUS

114 302 236 348 atque
260 296 309 335 ab
332 294 537 345 Alphonso
562 294 777 335 Ciccarello
806 298 840 335 ei
866 301 1084 350 suppositis

114 371 138 398 a
157 358 380 408 Waddingo
399 368 488 408 pag.
510 357 600 396 497.
619 357 716 396 Bibl.
738 359 831 398 Ord.
853 362 989 400 Minor.
1009 364 1083 400 uisi

113 421 218 472 quod
238 419 344 472 apud
358 419 576 458 Antonium
599 421 858 471 Mongitorem
881 425 919 461 in
938 436 1085 474 appen-

111 483 198 522 dice
222 483 272 522 ad
296 488 392 521 tom.
414 483 448 521 II
473 482 570 521 Bibl.
599 483 756 522 Siculae
786 496 873 535 pag.
914 485 966 523 2⁴2
998 487 1082 537 lego

108 546 305 584 ,loannem
317 544 538 583 Antonium
556 545 717 583 Sessam
731 577 739 594 ,
753 547 1082 586 Panormitauum

108 607 242 658 praelo
265 611 403 657 parata
427 606 617 645 habuisse
639 607 678 645 S.
703 608 869 646 Jocmnz's
892 608 939 647 de
958 610 1084 660 Cape-

106 672 246 707 strano
265 667 428 706 Ordinis
443 669 485 707 M
487 670 644 706 morum
663 667 971 710 Observcmtium
986 672 1084 722 Ope-

107 742 159 769 ra
182 736 332 780 omnia,
356 729 548 769 diuturno
571 729 707 769 labore
721 731 867 782 viqintz'
884 745 1083 772 (canoram

107 792 287 840 collecta,
310 792 412 831 notis
452 791 660 831 illustrata
685 797 720 832 ct
744 793 785 831 in
827 798 947 833 tentos
977 797 1088 835 XVII

107 854 260 907 dzyesta
286 854 328 893 in
345 854 413 908 fol.

103 966 106 970 ἡ
168 919 177 968 (
196 919 259 956 64.
281 917 369 957 Vita
389 917 454 956 del
466 918 510 956 B.
529 918 613 957 Gz'o.
639 918 683 957 (li
701 919 946 970 Capz‘slrano
968 920 1084 959 scrit-

109 983 149 1018 ta
175 980 228 1019 cla
251 980 466 1020 Salvatore
489 982 690 1021 Massom‘o
714 982 800 1021 ded.
831 996 856 1021 a
886 985 929 1022 P.
957 981 1082 1021 Urba-

107 1054 157 1081 ‘no
178 1043 286 1082 VIII.
306 1044 396 1083 Ven.
416 1043 615 1095 Broqz‘ollo
634 1045 750 1084 4627.
776 1046 796 1083 4
819 1046 882 1096 fig.
903 1058 940 1096 p.
962 1046 1050 1084 ⁶28⁴.
1069 1045 1078 1094 )

157 1106 330 1144 Joannes
354 1105 721 1156 CAPISTRANUS,
742 1106 958 1145 Monachus
979 1107 1078 1145 Sile—

105 1168 191 1206 sius
214 1169 282 1217 qui
297 1172 388 1218 post
405 1167 480 1206 An.
503 1169 604 1207 4460
625 1169 741 1215 vixit,
763 1174 803 1206 et
822 1167 940 1218 cujus
964 1180 1078 1206 reve-

42 1236 49 1239 “
104 1229 293 1268 lationem
318 1230 453 1268 addita
476 1231 804 1281 interpretatione
828 1231 990 1269 exhibet
1013 1232 1078 1268 Jo-

105 1303 233 1330 annes
258 1293 430 1331 wolfius
449 1297 542 1331 tom.
565 1294 580 1331 Ι
606 1293 823 1331 lectionum
841 1293 1078 1331 memorabi-

106 1355 204 1393 lium
228 1366 267 1404 p.
293 1356 389 1405 824,
411 1356 489 1394 825
510 1366 594 1405 seq.

156 1415 355 1456 Robercus
379 1416 586 1466 CAPITO,
613 1418 698 1455 sive
717 1415 962 1462 Grossliead,
984 1418 1077 1468 Epi-

105 1490 251 1530 scopus
274 1480 575 1517 Liucolniensis.
602 1479 727 1527 infra,
751 1478 1030 1518 ROBERTUS.

158 1539 404 1579 CAPPIDUS
423 1539 687 1587 Stavrz'cnsis,
712 1542 862 1580 Frisius
883 1541 1077 1580 Sacerdos

100 1603 204 1641 circa
227 1602 390 1641 Annum
416 1603 493 1640 920
533 1607 673 1641 auctor
696 1603 873 1642 creditur
897 1604 1004 1642 vitae
1033 1605 1074 1643 S.

103 1662 274 1716 Odalphz·
293 1664 506 1703 Presbiteri
530 1665 597 1714 qui
623 1665 728 1703 circa
750 1664 826 1703 An.
853 1667 929 1704 860
970 1668 1073 1704 vixit

100 1727 288 1778 vulgatae
312 1739 335 1766 a
359 1728 474 1767 Surio
503 1732 544 1765 et
569 1728 607 1764 in
632 1726 746 1765 Actis
789 1728 970 1766 Sanctor.
997 1729 1072 1767 ΧΠ

101 1790 222 1828 Junii.
247 1789 434 1828 Traditur
468 1790 588 1828 etiam
615 1790 828 1839 scripsisse
866 1789 972 1828 vitas
1001 1791 1072 1829 SS.

103 1850 285 1891 Lebuz'ni.
306 1850 446 1901 Otyerz·
459 1855 500 1889 et
517 1849 741 1888 Plechelmi.
766 1852 864 1889 Nam
888 1851 936 1889 de
953 1851 1077 1889 Gene-

104 1912 235 1963 aloqia
245 1911 494 1963 Principum,
510 1912 665 1949 Ducum
680 1923 728 1949 ac
738 1913 887 1962 Reyum
904 1913 995 1951 Fris
1002 1912 1075 1961 sae,

103 1981 144 2015 et
166 1974 349 2014 Historia
363 1973 649 2012 Ecclesiastica
668 1974 797 2024 flentis
822 1974 1074 2023 Frssonoeae,

105 2049 206 2089 quas
228 2040 264 2076 ei
287 2037 426 2075 tribuit
442 2035 705 2086 incendioque
725 2037 952 2075 absumtam
971 2037 1079 2075 dolet

107 2099 306 2139 Suffridus
330 2099 454 2146 Petri,
476 2098 510 2146 a)
536 2097 653 2136 video
682 2099 792 2136 viros
830 2098 969 2137 doctos
999 2110 1078 2136 nou

105 2163 260 2212 minus,
285 2172 407 2211 quam
431 2160 481 2198 de
505 2160 645 2199 multis
668 2160 754 2198 aliis
778 2161 826 2199 ab
855 2172 901 2198 co
930 2172 978 2199 ex
1010 2172 1080 2199 an-

103 2226 291 2274 tiquitate
315 2223 458 2262 ultima
472 2223 690 2261 Frisiorum
702 2221 864 2272 jactatis
882 2223 1077 2262 dubitare.

158 2285 459 2327 CAPREOLUS
501 2284 846 2335 Carthaginiensis
876 2287 916 2323 in
945 2285 1079 2324 Africa

104 2352 196 2399 post
218 2347 429 2388 Aurelium
452 2346 493 2396 c)
522 2346 569 2385 A.
607 2347 682 2384 430
707 2348 951 2398 Episcopus,
982 2346 1080 2398 Epi·-

106 2409 250 2448 stolam
273 2408 329 2447 ad
351 2408 555 2460 Synodum
578 2408 846 2459 Ephesinam,
872 2410 981 2447 misit
1010 2420 1081 2458 per

106 2473 331 2511 Bessuilam
359 2473 582 2510 Diaconum
608 2482 710 2521 quae
740 2475 876 2508 exstat
900 2472 940 2507 in
969 2470 1083 2508 Actis

106 2533 260 2574 Concili
283 2533 474 2583 Ephesini
498 2532 575 2570 An.
602 2533 698 2571 4434
732 2532 855 2570 habiti
875 2532 1042 2570 Actione
1069 2533 1082 2570 Ι

116 2596 256 2635 Latine
272 2593 378 2644 apud
393 2594 530 2632 Baluz.
555 2605 642 2644 pag.
662 2594 739 2633 477
757 2594 907 2633 Graece
927 2606 1023 2632 vero
1046 2599 1087 2632 et

110 2658 251 2696 Latine
268 2655 372 2706 apud
390 2656 566 2704 Binium,
584 2655 805 2703 Labbeum,
823 2656 1085 2705 Harduinum,

110 2720 307 2759 Coletum.
330 2718 509 2756 Meminit
533 2716 655 2766 hujus
678 2717 887 2767 legationis
917 2719 1087 2768 Capreo-

110 2783 174 2821 lus
199 2782 283 2831 ipse
307 2781 348 2817 in
373 2780 520 2829 scripto
550 2779 599 2817 de
632 2790 710 2828 quo
746 2790 855 2817 mox:
881 2779 1084 2829 Epistol-ae

113 2843 353 2882 Vincentius
369 2841 599 2879 Lerinensis
618 2851 706 2890 pag.
729 2841 805 2879 323
827 2842 1087 2879 commonito-

112 2906 180 2954 rii,
206 2909 246 2944 et
269 2905 338 2954 qui
362 2903 553 2943 nonnulla
574 2902 662 2953 ejus
686 2902 874 2951 adducit,
900 2903 971 2941 sed
997 2903 1083 2942 aliis

116 2967 252 3006 verbis
277 2966 444 3013 Latinis,
470 2963 699 3003 Ferrandus
721 2965 920 3003 Diaconus
936 2966 976 3002 in
993 2966 1086 3016 Epi-

171 3055 206 3095 a)
229 3058 275 3086 De
299 3053 524 3094 scriptoribus
549 3054 678 3086 Frisiae
704 3062 780 3093 pag.
811 3053 864 3086 57.

169 3104 208 3143 b)
231 3103 376 3135 sandius
399 3104 439 3136 ad
460 3105 570 3134 vossii
593 3111 671 3144 pag.
690 3102 764 3134 54¹1.
788 3103 940 3134 oudinus
962 3107 1043 3136 tom.
1063 3105 1090 3132 11

111 3162 191 3195 pag.
216 3153 292 3185 455.

172 3203 204 3242 c)
228 3205 300 3234 Non
324 3207 398 3242 post
428 3204 531 3242 Quod
571 3204 647 3235 vult
669 3204 801 3242 Deum,
838 3206 895 3243 qui
932 3203 1094 3242 capreolo

109 3254 291 3286 successit.
313 3252 396 3283 Vide
419 3258 517 3285 notas
541 3256 581 3286 ud
605 3257 833 3293 Augustinum
856 3259 936 3284 tom.
963 3256 998 3283 Vl
1024 3255 1093 3284 exli-

111 3305 222 3334 ti·‚nis
245 3302 567 3335 Amstclorlameusis
602 3313 677 3345 pag.
701 3305 775 3337 855.
800 3303 990 3337 'silleniont.
1018 3309 1098 3336 lom.

114 3354 183 3384 XV!
210 3360 353 3383 memor.
382 3360 460 3394 pag.
482 3354 545 3386 495
569 3363 617 3396 sq.

2052 233 2128 271 307

1159 302 1260 340 stola
1294 302 1344 340 ad
1380 301 1584 353 Pelagium
1608 305 1648 340 et
1672 299 1917 340 Anatolium.
1958 301 2134 341 Libellus

1159 365 1244 402 sive
1267 364 1446 415 Epistola
1468 364 1594 403 altera
1617 363 1665 402 ad
1689 364 1862 403 Vitalem
1903 367 1944 402 et
1973 366 2132 403 Touan-

1157 437 1257 474 tium
1276 436 1313 485 a)
1329 437 1526 487 Hispanos
1544 435 1589 474 cle
1603 447 1686 474 ima
1705 435 1921 475 CHRISTI
1932 434 2134 474 veriDEI

1156 500 1195 536 et
1214 497 1394 536 Hominis
1412 509 1591 548 persona
1620 500 1761 535 contra
1798 508 1937 535 recens
1961 496 2128 535 damna<

1157 563 1237 598 tam
1261 559 1447 598 haeresin
1484 559 1677 608 Nestoris,
1720 560 1826 599 edita
1851 561 2026 610 primum
2057 560 2128 598 sed

1158 622 1298 661 mutila
1321 633 1344 660 a
1367 622 1533 660 Barouio
1564 621 1613 659 ad
1637 620 1803 660 Annum
1830 623 1898 661 431
1933 633 2043 661 num.
2076 621 2130 661 27

1157 696 1239 734 seq.
1258 696 1308 722 ex
1326 682 1605 721 veteriCodice
1620 684 1768 722 Nicolai
1782 684 1898 722 Fabri
1915 696 2035 734 quem
2052 687 2125 723 Ba-

1158 747 1283 785 lutius
1307 749 1480 784 testatur
1504 756 1612 783 nunc
1633 750 1771 784 extare
1797 747 1835 783 in
1853 747 2035 785 Biblioth.
2054 749 2130 786 Ec-

1158 809 1304 846 clesiae
1329 807 1577 846 Parisiensis.
1603 808 1806 858 Integram
1831 819 1881 845 ex
1902 808 1996 847 Cod.
2017 810 2129 847 Heri-

1158 869 1346 918 vallensi,
1367 870 1406 905 in
1429 879 1506 918 quo
1522 872 1613 918 post
1630 869 1782 918 Leporii
1798 869 1975 907 libellum
1992 882 2128 909 emen-

1157 930 1328 969 dationis
1343 931 1541 979 exstabat,
1557 931 1740 982 vulgavit
1758 932 1880 970 Paris.
1898 932 2012 981 4631,
2030 934 2094 970 St.
2110 934 2125 971 Ι

1153 993 1515 1043 opusculorumzex
1529 1004 1607 1043 qua
1622 993 1796 1032 editione
1809 1004 1953 1032 recusa
1969 998 2124 1032 estnon

1152 1055 1268 1093 modo
1290 1056 1328 1093 in
1350 1055 1551 1094 Sirmondi
1582 1055 1780 1106 Operibus
1798 1086 1806 1105 ,
1824 1067 1926 1105 quae
1952 1054 2126 1105 junctim

1150 1118 1316 1168 vulgata
1352 1123 1448 1156 sunt
1472 1119 1654 1156 Lutetiae
1686 1122 1726 1156 et
1748 1118 1946 1166 Venetiis,
1970 1122 2079 1156 tomo
2110 1121 2124 1157 l

1148 1192 1236 1231 pag.
1250 1181 1425 1219 363-376
1441 1181 1662 1231 praemissa
1677 1181 1944 1230 Hispanorum
1966 1180 2124 1219 illorum

1150 1244 1348 1293 Epistola,
1366 1255 1487 1293 quam
1504 1255 1575 1294 per
1588 1243 1874 1282 Numinianum
1890 1242 1939 1281 ad
1956 1243 2127 1293 Capreo-

1151 1306 1234 1344 lum
1257 1307 1450 1344 miserant
1474 1317 1567 1344 cum
1584 1305 1658 1343 hac
1680 1305 1993 1355 subscriptione.-
2014 1305 2126 1342 Inco-

1152 1366 1293 1406 lumem
1311 1366 1652 1406 venerabilitatem
1671 1371 1780 1405 taam
1803 1365 1916 1405 nobis
1932 1367 2125 1405 Domi'mts

1149 1433 1284 1469 noster
1298 1430 1455 1469 JESUS
1471 1429 1687 1480 lonyiorcm
1708 1433 1936 1479 conservet,
1962 1429 2125 1467 Domine

1150 1496 1286 1531 sancte
1309 1504 1357 1530 ac
1399 1489 1644 1530 venerabilis
1674 1493 1799 1542 Papa.
1842 1493 1990 1530 Exstat
2026 1491 2125 1530 haec

1150 1555 1329 1606 Epistola
1359 1566 1408 1593 ex
1445 1553 1644 1592 Sirmondi
1670 1553 1842 1592 editione
1882 1565 1959 1591 non
1988 1554 2119 1592 solum

1150 1618 1189 1654 in
1213 1616 1396 1655 Biblioth.
1421 1617 1584 1655 Patrum
1611 1615 1793 1666 Lugdun.
1819 1620 1916 1654 tom.
1939 1617 2007 1655 Vll
2033 1628 2120 1667 pag.

1151 1681 1173 1718 5
1204 1679 1272 1717 sed
1299 1680 1420 1718 etiam
1442 1681 1482 1716 in
1503 1683 1610 1717 tomo
1635 1678 1812 1717 secundo
1851 1679 2119 1718 Conciliorum

1149 1742 1361 1791 Hispaniae
1382 1753 1470 1791 pag.
1491 1742 1566 1779 496
1591 1752 1674 1790 seq.
1697 1751 1790 1778 cum
1812 1741 1918 1778 notis
1935 1740 2128 1779 Cardina-

1148 1803 1197 1841 lis
1222 1803 1271 1841 de
1295 1803 1476 1853 Aguirre.
1502 1804 1684 1855 Denique
1705 1804 1937 1841 Sermonem
1962 1802 2008 1841 (Ze
2033 1806 2126 1840 tem-

1143 1876 1244 1915 pore
1285 1864 1512 1903 Barbarz'co
1536 1865 1741 1915 (Vandalis
1778 1865 1914 1903 Africa
1941 1865 2127 1903 vexanti-

1150 1927 1242 1976 bus)
1266 1929 1334 1977 qui
1354 1931 1488 1965 exstat
1510 1928 1548 1964 in
1587 1932 1696 1965 tomo
1721 1931 1836 1964 sexto
1875 1938 2042 1977 operum
2083 1927 2122 1964 S.

1151 1989 1366 2039 Augustini
1388 1989 1484 2027 edit.
1507 1988 1638 2027 Amst.
1666 1989 1731 2039 (ad
1756 1990 2022 2027 Parisiensem
2053 1990 2126 2026 Be-

1153 2050 1405 2099 nedictinor.)
1424 2063 1511 2100 pag.
1536 2051 1610 2089 453
1629 2062 1712 2100 seq.
1732 2051 2011 2089 Tillernontius
2029 2055 2124 2088 tom.

1152 2114 1242 2151 XVI
1263 2124 1349 2163 pag.
1368 2113 1444 2151 502
1463 2117 1581 2162 negat
1600 2113 1875 2163 Augustinum
1893 2112 2039 2150 habere
2056 2123 2127 2150 au-

1152 2179 1321 2222 ctorem,
1341 2174 1496 2213 sedvel
1521 2175 1759 2225 Capreolum
1787 2174 1915 2223 hunc,
1933 2175 1997 2212 vel
2014 2173 2130 2219 Quod

1153 2237 1243 2275 vult
1265 2238 1411 2287 Deum,
1433 2238 1497 2275 vel
1522 2238 1697 2287 aliquem
1721 2249 1771 2275 ex
1795 2237 2048 2287 Presbyteris
2079 2237 2124 2275 il-

1153 2299 1230 2354 lius
1252 2301 1395 2338 aetatis
1414 2300 1827 2350 Carthaginiensibus.

1208 2360 1348 2401 Helius
1358 2362 1656 2402 CAPREOLUS
1666 2363 2018 2403 BrixieusisJCtus
2034 2362 2130 2399 scri-

1156 2429 1245 2474 ptor
1276 2423 1568 2464 Chronz'corum
1591 2424 1638 2463 de
1661 2423 1784 2462 rebus
1809 2424 2127 2469 Brz'oeianorzmn,

1157 2490 1241 2524 tam
1263 2487 1387 2524 sacris
1401 2491 1441 2524 et
1465 2487 1677 2534 Civilibus,
1694 2486 1742 2524 ab
1761 2487 1877 2525 Urbis
1899 2485 2060 2524 exordio
2079 2483 2129 2521 ad

1158 2548 1323 2587 Annum
1346 2550 1446 2587 4540
1462 2549 1572 2586 libris
1589 2549 1681 2587 XIV
1701 2549 1740 2585 in
1756 2548 1946 2586 thesauro
1964 2547 2131 2596 scripto—

1161 2622 1252 2648 rum
1269 2610 1404 2648 Italiae
1421 2612 1719 2648 Burmanniano
1736 2615 1832 2647 tom.
1851 2611 1906 2647 IX
1923 2612 2035 2659 parte
2044 2608 2129 2646 VH.

1161 2675 1247 2712 Duo
1270 2674 1463 2724 postremi
1486 2672 1573 2710 libri
1595 2675 1634 2709 in
1660 2672 1734 2709 hac
1757 2671 1929 2710 editione
1954 2670 2132 2721 primum

1160 2736 1290 2774 lucem
1313 2734 1533 2784 adspexere
1556 2733 1736 2783 Apostoli
1758 2733 1850 2770 Zeni
1870 2731 2063 2770 beneficio
2079 2742 2130 2769 ex

1158 2797 1265 2835 MSS.
1291 2795 1413 2836 Codd.
1438 2795 1536 2834 Bibl.
1560 2795 1875 2833 Ottobonianae:
1902 2804 1996 2831 nam
2029 2793 2131 2843 prior

1158 2859 1277 2897 editio
1300 2859 1498 2897 Brixiens.
1523 2858 1609 2894 sine
1633 2857 1707 2894 loci
1739 2859 1832 2893 nota
1871 2856 1909 2892 in
1949 2855 2012 2892 fol.
2045 2858 2132 2892 tan-

1159 2926 1246 2959 tum
1270 2921 1422 2971 priores
1445 2919 1656 2958 duodecim
1672 2918 1793 2957 libros
1817 2917 2026 2967 complexa
2044 2916 2130 2963 fuit,

1160 2984 1392 3021 desinentes
1424 2983 1461 3018 in
1500 2980 1574 3019 An.
1602 2981 1718 3020 4500.
1743 2981 1844 3019 Eam
1882 2974 2006 3017 solam
2033 2978 2133 3016 vidit

1159 3046 1325 3084 Vossius
1344 3073 1351 3091 ,
1397 3047 1572 3081 testatus
1615 3043 1785 3082 duorum
1832 3047 2130 3091 postremorum

1161 3106 1345 3146 Codicem
1368 3106 1445 3143 MS.
1469 3106 1592 3143 fuisse
1617 3104 1721 3154 apud
1746 3104 1997 3141 Dominieum
2027 3102 2116 3140 Moli

1163 3180 1272 3206 num.
1295 3167 1403 3206 Idem
1426 3179 1513 3217 pag.
1538 3168 1615 3207 822
1640 3170 1751 3205 notat
1775 3164 2134 3215 Capreolumhune

1166 3230 1312 3268 obiisse
1336 3228 1410 3267 An.
1440 3230 1554 3268 4519.

1230 3352 1262 3393 a)
1286 3351 1481 3384 Sirmondus
1509 3351 1772 3386 Constantiam.
