2500 4009
395 214 471 253 336
858 246 861 248 .

398 288 435 323 S.
454 284 696 323 Antoninum
721 288 899 317 summae
923 277 1130 314 historicae
1146 277 1204 314 tit.
1225 277 1315 314 XIII
1334 305 1342 323 ,

397 359 481 398 cap.
501 347 560 386 41.
586 355 694 393 seqq.
717 347 808 378 tom.
827 339 877 376 III
895 369 902 386 ,
917 349 1002 389 pag.
1021 338 1110 377 692.
1125 348 1233 388 seqq.
1255 339 1345 376 Pro-

1156 205 1606 245 CATHARINA

1420 276 1587 315 titionem
1602 275 1848 316 diversorum
1859 277 2083 317 habuerunt
2095 276 2268 318 seribere
2283 287 2370 328 ope-

1419 351 1466 376 ra
1488 338 1655 389 viryini's
1673 340 1682 388 (
1698 339 1736 378 S.
1752 340 1983 380 Catharinae
2000 342 2009 389 )
2026 344 2064 379 et
2083 338 2296 391 aliquando
2324 342 2370 377 ut

398 420 554 446 cessum
599 402 929 442 contestationum
971 411 1090 451 super
1135 401 1343 439 sanctitate
1412 399 1691 451 plurimumin
1713 401 1875 448 Latino‚·
1898 401 2128 454 quandoque
2167 412 2261 441 vero
2283 399 2371 440 vul-

399 476 435 507 et
476 468 650 507 docti-ina
687 466 728 502 B.
769 463 1003 502 Catharinae
1038 463 1085 501 de
1123 464 1237 501 Senis
1278 475 1347 514 per

400 524 711 575 FRANQISCL'M
736 532 785 560 DE
808 522 1014 561 VIVIANO
1032 552 1039 569 ,
1060 523 1262 561 Notarium
1280 551 1288 571 ,
1307 526 1347 560 et

398 584 695 626 STliI'IlANI’M
725 594 774 622 1)ss
805 585 972 631 SEMS,
996 584 1155 623 Ordinis
1178 584 1348 623 Carthu-

394 650 535 686 siensis
552 679 559 687 .
579 646 683 698 apud
704 645 962 685 Edmundum
985 648 1160 685 Martene
1181 651 1274 685 tom.
1296 647 1345 685 VI

397 714 746 749 monumentorum
776 719 862 759 pag.
894 709 996 748 1238
1025 713 1064 747 et
1095 710 1232 748 4369-4
1244 708 1346 756 386,

399 774 462 811 ubi
486 777 524 810 et
548 772 658 811 Bulla
679 772 777 810 Sixti
801 772 847 809 IV
868 783 946 821 qua
966 771 1221 810 Catharinam
1246 770 1347 809 hanc

398 846 488 873 eum
514 835 637 872 saeris
658 833 910 883 stigmatibus
932 834 1093 884 pingere
1117 837 1184 871 aut
1203 834 1348 883 pictam

394 897 459 935 vel
485 896 615 934 lietam
641 895 784 934 habere
803 927 810 945 ,
832 901 1020 945 tanquam
1046 896 1117 933 soli
1142 896 1348 934 Francisco

395 961 595 1011 proprium
614 990 621 996 .
643 958 716 997 sub
735 959 982 1009 gravissimis
1006 959 1142 1008 poenis
1167 957 1350 1008 prohibe-

396 1028 471 1061 tur.
488 1023 543 1060 De
561 1023 718 1072 seriptis
733 1022 770 1059 S.
790 1021 1023 1059 Catharinae
1045 1031 1121 1058 non
1142 1024 1203 1058 est
1227 1018 1347 1068 hujus

395 1085 465 1122 loci
502 1084 613 1135 plura
652 1084 796 1121 referre
815 1112 822 1128 ,
860 1093 951 1121 011111
990 1093 1066 1119 11011
1102 1083 1238 1120 Latine
1282 1081 1347 1119 illa

393 1147 592 1196 scripserit
614 1176 621 1182 .
646 1144 715 1183 sed
741 1145 899 1183 Italice:
925 1155 1153 1195 quanquam
1185 1148 1347 1182 exstant

398 1222 419 1246 a
443 1208 718 1247 RAYMI'MIO
748 1208 908 1245 Latinae
938 1207 1143 1244 versiones
1170 1204 1352 1255 Dz'aloyo-

395 1282 484 1308 rum
508 1270 555 1308 de
572 1269 821 1308 Providentia
841 1269 924 1307 DEI
947 1272 987 1306 et
1005 1267 1236 1306 arationum
1255 1278 1350 1318 qua-

397 1332 583 1379 rundam,
603 1330 813 1382 lngolstad.
834 1331 955 1378 4583,
976 1331 1011 1368 8.
1028 1330 1211 1369 Coloniae
1232 1330 1346 1369 4604.

398 1396 570 1433 venetiis
602 1395 697 1433 1614
724 1424 732 1444 ,
762 1394 798 1431 8.
828 1397 868 1431 et
897 1392 1063 1431 Divinae
1091 1391 1291 1430 doctrinae
1314 1393 1347 1440 a)

397 1457 513 1495 datae
530 1468 606 1507 per
623 1457 841 1494 Personam
860 1454 1014 1494 aeterni
1031 1454 1182 1503 Patris,
1206 1453 1350 1492 intelle-

392 1519 475 1556 ctui
497 1517 711 1569 loquentis,
739 1517 922 1556 Coloniae
948 1518 1074 1564 4553,
1106 1517 1168 1555 fol.
1198 1516 1350 1568 Episto-

392 1581 451 1620 lae
474 1581 698 1621 CCCLXIV
717 1591 792 1617 non
828 1579 941 1617 modo
972 1579 1105 1617 ltalice
1135 1579 1265 1617 lucem
1290 1579 1348 1615 vi—

396 1644 541 1682 derunt
564 1644 702 1681 I'enet.
725 1641 825 1680 45οΟ
846 1671 853 1688 ,
874 1641 935 1679 fol.
958 1652 1097 1678 verum
1119 1641 1237 1678 etiam
1259 1640 1349 1678 Gal-

395 1705 467 1743 lice
492 1706 647 1743 Parisiis
672 1703 798 1748 ioht.
825 1704 858 1741 4.
884 1702 960 1741 Sed
985 1704 1202 1741 novissime
1231 1713 1347 1752 opera

395 1769 523 1805 omnia
549 1767 786 1806 Catliarinae
823 1777 898 1804 non
938 1768 1022 1803 sine
1057 1766 1230 1804 auctario
1255 1763 1346 1813 jun-

395 1831 488 1867 ctim
510 1840 657 1867 excusa
678 1833 770 1867 sunt
792 1829 924 1865 Italice
946 1828 1060 1866 Senis
1081 1825 1202 1873 4707,
1219 1825 1312 1865 4724
1337 1855 1345 1875 ,

394 1904 503 1942 seqq.
527 1893 548 1930 »1
566 1921 573 1939 ,
594 1893 712 1930 tomis
736 1892 911 1941 quinque
928 1920 937 1938 ,
957 1890 992 1934 b)
1014 1900 1092 1927 una
1116 1899 1206 1926 cum
1226 1888 1348 1926 Voca-

391 1954 540 1992 bulario
564 1954 854 1993 Cathariniano.
896 1952 1019 2002 Opere
1053 1950 1155 1989 della
1178 1949 1347 2001 serafica

391 2020 505 2054 santa
537 2015 726 2056 Caterina
755 2014 807 2053 (Ia
831 2014 963 2054 Siena.
988 2014 1134 2052 Curam
1164 2012 1346 2050 editionis

392 2081 513 2129 gessit
538 2080 802 2127 hieronymus
839 2077 960 2126 Gigli,
992 2079 1105 2113 notas
1134 2072 1343 2124 Epistolis,

392 2140 535 2189 quibus
557 2139 725 2176 ineditae
747 2143 860 2175 antea
881 2138 1011 2176 XXIII
1030 2146 1234 2174 accessere
1253 2163 1261 2182 ,
1278 2133 1347 2172 ad-

395 2201 488 2238 didit
532 2200 752 2238 Fridericus
792 2198 1103 2245 Burlamachus,
1143 2197 1227 2235 Soc,
1266 2197 1345 2233 Jes.

405 2263 673 2305 Praemittitur
714 2263 794 2299 vita
833 2272 854 2298 a
891 2258 1124 2309 Raymundo
1164 2259 1349 2308 Capuano

395 2326 538 2374 scripta
560 2335 608 2361 ex
633 2325 953 2373 interpretatione
984 2322 1115 2360 Italica
1140 2320 1342 2359 Barduccii

395 2387 596 2436 (Ianigiani
616 2415 623 2433 ,
653 2390 692 2423 ct
731 2384 903 2435 Dialoqis
942 2388 1097 2435 praeter
1133 2386 1346 2421 tractatum

395 2449 577 2498 quintum
599 2446 826 2497 adjungitur
847 2447 1029 2498 Apologia
1046 2445 1252 2495 Raphaelis
1268 2446 1346 2482 Ma-

404 2511 480 2547 rias·
511 2509 751 2559 Filamondi,
788 2509 971 2559 Episcopi
1005 2507 1188 2556 Sessani,
1217 2509 1352 2544 contra

400 2576 409 2607 (
419 2572 632 2609 lutharinae
654 2571 950 2609 obtrectatores.

455 2635 472 2651 ‘
495 2633 566 2678 Qui
589 2634 627 2670 S.
649 2633 881 2671 Catharinae
906 2632 1024 2671 huius
1044 2632 1167 2670 vitam
1188 2630 1355 2681 scripse—

401 2696 476 2732 rint
502 2706 576 2732 non
600 2705 703 2733 unus
724 2695 796 2732 fuit
818 2693 1097 2744 ItaymunduS,
1121 2692 1170 2731 (10
1193 2702 1271 2742 quo
1290 2691 1353 2729 hic

402 2756 622 2806 Fabricius,
641 2757 703 2795 alii
719 2758 838 2795 etiam
861 2756 1081 2807 plerunque
1106 2754 1226 2805 ignoti
1249 2763 1355 2791 com-

405 2823 670 2857 memorantur
714 2819 752 2856 111
795 2829 983 2870 processu
1023 2816 1352 2856 contestationum

403 2882 439 2917 S.
465 2881 697 2919 Catharinae
722 2881 910 2919 Senensis
933 2880 1092 2930 vulgato
1116 2890 1136 2917 a
1161 2880 1200 2920 P.
1215 2879 1354 2916 Marte-

407 2953 452 2978 ne
476 2943 563 2981 Yet.
582 2945 680 2982 Mon.
706 2947 732 2980 t.
753 2943 816 2981 VI.
840 2943 890 2980 ibi
913 2942 1017 2980 enim
1041 2940 1089 2979 ad
1127 2951 1213 2991 pag.
1250 2939 1349 2978 4290

409 3004 501 3042 haec
532 3005 740 3055 leguntur:
776 3005 888 3043 Hanc
920 3002 1131 3042 actualiter
1164 3000 1349 3048 Venetiis,

410 3065 617 3115 scriptores
637 3065 745 3105 ultra
767 3064 866 3104 alios
885 3065 954 3117 qm·
971 3064 1110 3104 desunt
1126 3063 1196 3116 qui
1215 3062 1268 3101 ad
1285 3073 1352 3114 pe-

468 3232 498 3261 n„
523 3226 637 3256 ('Olts··l·
659 3228 826 3258 oudinum
849 3232 930 3257 torn.
954 3227 995 3255 ΙΙΙ
1014 3249 1022 3264 ,
1043 3234 1118 3265 pag.
1143 3223 1244 3262 1150,
1268 3231 1358 3263 seqq.

471 3273 505 3311 b)
530 3276 675 3306 mnrium
703 3278 914 3307 liruclitorum
940 3276 1051 3307 Italiac
1073 3280 1153 3306 tom.
1175 3276 1239 3304 XIX
1254 3297 1263 3311 ‚
1286 3281 1361 3312 pag·

410 3321 481 3352 4525.
500 3325 578 3352 10111.
596 3324 700 3361 xxm,
717 3334 746 3362 p.
775 3325 835 3356 [175
853 3331 884 3356 ct
901 3332 980 3357 10111.
998 3327 1130 3362 xxxiv,
1153 3333 1184 3363 p.
1201 3323 1274 3362 581,
1291 3330 1358 3362 seq.

1415 462 1510 513 yart
1528 473 1703 501 sermone
1727 467 1799 500 etc.
1817 462 2019 503 Dictorum
2040 468 2172 503 autem
2197 462 2371 513 Scripto-

1418 537 1509 563 rum
1531 536 1634 563 unus
1657 523 1880 576 appellatur
1903 525 2133 566 Guillelmus
2156 525 2201 565 de
2223 523 2371 576 Apulia

1416 586 1606 637 maqister
1624 585 1849 625 scholarum
1863 600 1874 635 ;
1889 591 1926 626 et
1937 592 2117 627 moratur
2133 589 2174 627 in
2189 589 2372 627 contrata

1420 651 1459 689 S.
1477 648 1659 688 Severini
1672 648 1790 697 (alius
1806 653 1867 688 est
1890 662 1911 689 a
1934 650 2128 690 Gulielmo
2143 650 2370 701 Apuliensi,

1419 711 1467 749 de
1505 722 1582 761 quo
1617 710 1816 750 Fabricius
1849 722 1920 751 suo
1956 712 2063 761 loco)
2089 711 2194 750 alius
2225 710 2372 750 dicitur

1420 773 1615 812 Hem-icus
1638 771 1684 810 (le
1703 771 1911 824 Aprussia,
1932 773 2122 824 maqister
2144 772 2369 812 scholarum

1423 835 1462 874 in
1499 837 1679 873 contrata
1701 835 1730 873 S
1760 835 1922 875 Ιοαηηιέ
1938 849 1948 883 ;
1967 834 2072 874 attus
2092 834 2312 874 Ludovicus
2331 833 2372 873 in

1422 900 1602 935 contrata
1624 898 1662 935 S.
1689 897 1825 936 Leonis
1843 910 1853 944 ;
1872 896 1977 937 alius
1996 900 2164 937 vocatur
2186 895 2374 948 Auqusti-

1420 971 1494 998 nus
1524 959 1563 996 in
1591 961 1773 997 contrata
1801 960 1840 999 S.
1875 959 1975 1008 Vz'tz’;
1998 957 2103 998 alius
2139 957 2265 996 dictus
2294 957 2373 996 An—

1421 1021 1538 1060 dreas
1561 1020 1607 1059 de
1631 1020 1785 1059 civitate
1814 1020 2031 1060 castellana
2059 1020 2099 1058 in
2127 1022 2307 1058 con-trata
2329 1019 2369 1060 S.

1419 1083 1574 1122 Mariae
1589 1094 1724 1121 novae.
1747 1083 1911 1134 Scripsit
1931 1083 2049 1121 etiam
2070 1081 2118 1120 de
2138 1081 2281 1120 celebri
2302 1081 2376 1120 hac

1421 1146 1583 1184 muliere
1607 1146 1843 1195 opusculum
1863 1145 2032 1183 Jacobus
2055 1143 2104 1183 de
2118 1143 2304 1183 Militibus
2326 1142 2376 1182 de

1420 1210 1548 1246 Monte
1571 1207 1770 1246 Politiano.
1795 1206 1890 1246 Ibid.
1915 1218 2002 1257 pag.
2027 1206 2116 1246 254.

1476 1271 1484 1319 ζ
1499 1270 1547 1308 70
1584 1269 1678 1309 Vide
1717 1274 1757 1308 et
1796 1269 2105 1318 Praefationem,
2141 1279 2220 1319 qua
2258 1265 2376 1307 editio

1420 1334 1519 1371 llier.
1544 1332 1642 1383 Gigli
1674 1332 1846 1383 incipit.)

1473 1395 1511 1433 Si
1530 1395 1618 1443 quis
1634 1405 1727 1432 vero
1751 1397 1838 1433 acta
1858 1393 1921 1432 illa
1944 1393 2166 1444 perlegerit,
2186 1392 2378 1444 intelliget

1422 1455 1593 1506 profecto
1613 1456 1769 1494 nonnisi
1786 1466 1856 1506 per
1872 1465 2071 1494 summam
2089 1454 2377 1506 impudentiam

1421 1518 1544 1556 asseri
1579 1517 1626 1555 ab
1656 1516 1936 1555 hetherodoxis
1970 1516 2228 1568 scriptoribus
2266 1527 2380 1555 reve-

1421 1579 1586 1617 lationes
1628 1579 1666 1617 S.
1709 1579 1947 1617 Catharinae
1989 1579 2182 1617 confictas
2223 1588 2313 1616 esse
2350 1587 2373 1616 a

1420 1643 1462 1680 F.
1477 1641 1725 1691 Raymundo,
1741 1652 1832 1680 cum
1852 1639 2113 1690 Raymundus
2134 1639 2198 1678 ille
2217 1640 2279 1678 vir
2297 1639 2379 1678 fue-

1419 1704 1469 1740 rit
1483 1704 1756 1753 gravissimus,
1773 1707 1818 1740 ut
1833 1705 1967 1740 tantae
1982 1702 2223 1752 imposturae
2239 1711 2375 1740 crean-

1416 1764 1487 1803 dae
1511 1766 1635 1814 impar
1658 1764 1791 1803 haberi
1820 1763 1973 1802 debeat.
2009 1763 2066 1800 De
2104 1764 2190 1801 eius
2226 1763 2371 1801 sancti-

1419 1827 1549 1865 monia
1585 1826 1811 1876 Stephanus
1834 1824 1883 1863 de
1906 1823 2132 1863 Maeonibus
2155 1823 2382 1864 Carthusia-

1420 1899 1496 1927 nus
1519 1888 1609 1926 olim
1628 1888 1751 1926 totius
1767 1886 1915 1925 ordinis
1931 1885 2110 1937 Antistes
2125 1885 2268 1925 ibidem
2289 1896 2375 1937 pag.

1420 1951 1520 1989 4388
1561 1949 1833 1987 testimonium
1869 1947 1993 1986 affert.
2032 1948 2199 1998 Insuper
2239 1946 2379 1986 eadem

1418 2013 1570 2062 virgine
1593 2011 1767 2049 dictante
1792 2011 1961 2060 scriptas
1992 2009 2077 2048 illas
2106 2009 2276 2048 affirmat
2306 2008 2379 2047 ibi-

1419 2073 1508 2111 dem
1534 2075 1574 2110 F.
1594 2071 1923 2110 Bartholomadus
1946 2071 1994 2109 de
2018 2072 2195 2110 Ferraria
2219 2072 2382 2121 inquisi-

1419 2139 1478 2171 tor
1492 2133 1753 2171 Ferrariensis
1772 2133 1834 2169 vir
1853 2131 1993 2170 doctus
2009 2135 2047 2170 et
2064 2133 2164 2182 pius.
2182 2131 2226 2170 Id
2243 2133 2373 2182 ipsum

1421 2196 1593 2232 sensisse
1622 2198 1717 2232 tunc
1746 2204 1836 2231 cum
1858 2193 1954 2231 haee
1974 2197 2061 2232 acta
2084 2192 2380 2244 excipiebantur

1422 2268 1442 2294 a
1463 2255 1683 2302 tabellione,
1701 2254 1949 2293 affirmarunt
1972 2254 2023 2292 illi
2048 2265 2198 2302 omnes,
2216 2255 2384 2304 quiVir—

1420 2319 1550 2367 ginem
1575 2316 1679 2353 illam
1709 2317 1965 2366 superstitem
1990 2315 2197 2364 viderant,
2221 2320 2262 2355 et
2284 2327 2376 2356 cum

1422 2380 1485 2417 illa
1509 2377 1838 2416 consuetudinem
1875 2378 2094 2416 habuerant
2124 2377 2380 2428 familiarem,

1423 2442 1597 2491 quinque
1622 2444 1717 2479 tunc
1741 2440 1869 2479 vocati
1891 2439 2164 2478 testimonium
2177 2436 2298 2488 jurati
2319 2444 2382 2480 tu—

1424 2503 1567 2542 lerunt.
2139 2515 2142 2518 ’

1477 2563 1763 2604 CATIIARINA
1795 2563 1872 2602 filia
1909 2563 1949 2602 S.
1977 2563 2164 2613 Birgittae
2193 2563 2380 2604 Svecicae

1427 2627 1504 2677 (de
1529 2638 1605 2677 qua
1629 2637 1749 2677 supra
1772 2636 1859 2676 pag.
1884 2625 1974 2664 258.
2005 2625 2090 2675 sq.)
2120 2623 2306 2664 defuncta
2334 2625 2379 2665 A.

1428 2690 1541 2728 4384.
1560 2689 1631 2739 (al.
1649 2688 1781 2736 4390.)
1797 2687 1845 2727 (10
1861 2699 1938 2738 qua
1957 2687 2098 2726 Surius
2113 2691 2153 2726 et
2166 2685 2265 2727 Acta
2282 2687 2380 2727 San-

1427 2755 1579 2790 ctorum
1608 2751 1670 2791 22.
1694 2751 1844 2800 Martii,
1867 2753 1907 2788 ct
1942 2750 2113 2788 Bzovius
2143 2749 2192 2789 ad
2218 2748 2379 2790 Annum

1429 2815 1542 2853 4384.
1567 2825 1677 2852 1111111.
1701 2814 1763 2853 23.
1791 2824 1900 2863 seqq.

1474 2876 1494 2898 *
1516 2876 1566 2915 Ut
1585 2880 1692 2914 certo
1715 2875 1853 2915 definit
1872 2876 2046 2914 Diarium
2065 2874 2335 2913 Vazstenense
2359 2884 2381 2912 a

1426 2938 1850 2988 Benzeliowulgatum.
1862 2938 1971 2976 Vitae
1987 2937 2073 2991 eius
2089 2935 2289 2974 historiam
2305 2934 2384 2973 rhi-

1425 3000 1570 3038 thmico
1585 3004 1710 3038 metro
1725 2999 1882 3050 scripsit
1895 3000 2066 3037 Joannes
2080 2995 2313 3036 Benecchini
2330 2995 2378 3035 de

1424 3061 1644 3100 Calmarnia
1690 3060 1976 3110 Oelandensis,
2014 3060 2081 3110 qui
2122 3067 2223 3096 anno
2266 3058 2379 3098 41164.

1428 3124 1533 3162 obiit.
1558 3124 1722 3174 Incipit:
1758 3123 1923 3161 Laetare
1960 3121 2054 3161 Sion
2086 3118 2171 3171 filia
2184 3149 2196 3169 7
2207 3118 2383 3170 jocunda

1425 3184 1490 3236 sac
1507 3183 1692 3236 tripudia.
1709 3184 1804 3223 Vide
1821 3183 1924 3221 idem
1940 3181 2111 3221 Diarium
2124 3179 2176 3218 ad
2193 3182 2278 3220 011.4
2289 3180 2378 3222 [164.

1429 3248 1535 3287 Idem
1553 3249 1698 3298 pariter
1716 3247 1881 3296 scriptor
1904 3242 2058 3282 dedisse
2076 3242 2218 3293 legitur
2240 3242 2382 3284 ibIdem

1429 3310 1630 3349 historiam
1651 3308 1696 3347 de
1719 3305 1981 3354 seimane,
2003 3314 2103 3354 quae
2130 3304 2288 3356 incipit:
2309 3304 2383 3347 As-
