2500 3841
927 220 1314 260 BULLARIA

121 293 272 334 Laertio
301 289 527 330 Cherubino
560 288 679 337 editi,
720 290 842 340 Lugd.
884 291 1012 340 4624,
1043 291 1078 329 4.

117 358 229 395 Rom.
256 353 358 393 4638
382 352 444 392 fol.

172 416 333 456 Bullarii
366 415 498 465 magni
528 413 808 454 Cherubiniani
837 416 1080 464 continuatio

118 479 168 518 ab
191 478 347 518 Urbano
374 477 462 515 VIII
485 475 535 515 ad
559 475 808 515 Clementem
836 478 886 516 X.
912 478 1079 527 (Papam

119 540 291 580 abAnno
311 538 413 578 4670
439 538 488 577 ad
503 540 517 578 4
529 538 621 586 676)
644 550 714 588 per
732 536 925 588 Anyelum
939 550 965 576 a
979 538 1081 577 Lan—

121 605 260 651 tusca,
284 605 325 640 et
343 601 533 639 Joannem
557 598 729 638 Paulam
749 611 771 639 a
795 601 930 648 Roma,
951 600 984 648 a)
1009 602 1082 640 Or-

120 664 224 703 dinis
242 665 436 703 Minorum
457 667 552 701 tom.
569 663 601 701 V
625 666 665 701 et
685 663 747 701 VI.
764 663 874 701 Rom.
899 661 1000 701 4672
1017 663 1079 700 fol.

121 737 224 776 quae
246 724 367 764 editio
400 729 577 776 praestat
600 724 883 775 Lugdunensi,
908 723 953 762 Α.
980 724 1082 763 4697

123 787 185 827 fol.
210 788 251 825 in
270 798 348 837 qua
374 786 563 824 nonnulla
583 787 742 824 omissa.

175 849 394 892 Bullarium
419 859 609 899 magnum
632 849 856 887 Romanum
880 859 1008 898 usque
1036 847 1085 886 ad

122 911 385 951 Benedictum
405 912 498 951 XIII
522 911 714 949 Luxemb.
739 910 841 950 4729
865 914 953 949 octo
975 910 1086 948 volu-

126 974 303 1014 minibus
327 973 390 1013 fol.
420 973 525 1025 apud
549 973 752 1012 Andream
789 972 1011 1012 Chevalier.
1041 971 1086 1009 In

127 1047 228 1075 nono
251 1035 456 1075 volumine
485 1035 810 1086 supplementum
846 1034 1086 1072 omissorum

125 1100 164 1137 in
189 1098 375 1137 omnibus
398 1097 510 1136 editt.

180 1162 190 1210 (
207 1161 308 1200 53et
323 1162 479 1209 Romae,
493 1159 701 1200 Mainardi
722 1159 837 1200 4739.
854 1162 894 1197 et
911 1168 1021 1207 seqq.
1038 1157 1086 1197 47

126 1227 155 1262 t.
175 1223 212 1261 in
231 1223 294 1262 28.
318 1222 397 1261 vol.
415 1223 439 1261 f.
463 1222 703 1261 continuatio
722 1234 749 1260 a
765 1220 885 1261 Clem.
920 1220 1021 1259 XIII
1036 1219 1091 1258 ad

127 1285 244 1323 Pium
258 1284 357 1324 VIII
362 1296 448 1323 car.
456 1283 484 1323 A
491 1282 765 1322 ndi-‚Barbari
776 1281 834 1321 Ib.
847 1283 948 1323 4835
957 1294 1043 1332 sqq.
1053 1283 1089 1331 f.)

184 1347 234 1385 D.
242 1345 474 1385 Bouckardi
485 1345 925 1384 bullariumRomanum
942 1356 1091 1383 novum

128 1407 328 1459 digestum
342 1407 460 1458 juxta
481 1407 601 1446 libros
616 1418 662 1445 ac
675 1407 813 1453 titulos
833 1407 1093 1446 decretalium

129 1469 305 1520 Gregorii
321 1471 388 1509 IX.
411 1481 489 1509 una
504 1481 596 1509 cum
613 1468 903 1508 Concordantia
917 1470 1094 1508 Romano

127 1531 421 1571 Pontificiarum
433 1544 479 1571 ac
495 1531 817 1571 Tridentinarum
834 1531 1096 1570 Constitutio-

127 1604 238 1632 num.
251 1594 349 1632 Hist.
362 1594 466 1634 liter.
480 1594 529 1633 de
545 1594 729 1645 I'Europe
749 1593 849 1633 4726
866 1595 1092 1645 Sept.p.84.

187 1654 378 1695 Vincentii
398 1657 543 1695 Petrae
563 1657 678 1704 JCti,
703 1657 1026 1696 Commentarius
1054 1658 1093 1694 in

126 1718 347 1758 Bullarium
363 1718 427 1757 edi
449 1720 578 1770 coepit
599 1719 710 1757 Rom.
735 1718 838 1758 4705
858 1718 920 1757 fol.
943 1720 1093 1757 Tomus

125 1783 295 1830 quartus
313 1780 397 1829 jam
421 1781 552 1820 lucem
575 1780 677 1818 vidit
699 1779 816 1819 Anno
841 1780 956 1820 4744.
977 1782 1091 1820 Jour-

127 1842 192 1881 nal
215 1841 288 1880 des
310 1842 465 1880 Savans
489 1841 558 1882 474
572 1843 606 1880 4.
627 1841 732 1880 Aoot
754 1853 840 1892 pag.
862 1842 954 1882 225.

179 1904 495 1942 Constitutiones
513 1903 739 1942 Pontificiae
759 1908 799 1942 et
821 1905 1088 1944 Romanarum

126 1966 488 2016 congregationum
540 1966 769 2004 Decisiones
815 1965 865 2004 ad
916 1967 1089 2005 Vicarios

127 2027 338 2076 utriusque
353 2026 456 2065 Cleri
476 2030 724 2077 spectantes,
739 2027 796 2064 Jo.
812 2026 994 2079 Baptista
1011 2027 1091 2066 Pit-

129 2091 235 2137 tono,
257 2088 294 2138 b)
316 2087 529 2134 Sacerdote
551 2089 703 2128 Veneto
725 2089 946 2128 collectore.
965 2090 1095 2128 Vene-

129 2150 213 2200 tiis,
237 2150 342 2201 apud
365 2149 616 2189 Leonardum
639 2152 855 2202 Pittonum,
871 2152 1093 2191 collectoris

129 2211 284 2251 datrem
311 2211 429 2259 4742,
457 2212 579 2260 4749,
601 2212 722 2262 4722,
747 2214 782 2252 8.
809 2214 831 2251 3
855 2214 1094 2253 Voluminib.

179 2273 352 2313 Ioannes
388 2274 571 2326 Baptista
606 2273 857 2326 Confectius,
883 2277 969 2314 sive
995 2275 1094 2316 Con-

127 2335 285 2385 settius,
310 2338 349 2374 in
373 2336 616 2375 Collectione
639 2337 940 2388 Privilegiorum
963 2349 1096 2377 sacro-

128 2408 219 2435 rum
260 2397 456 2437 Ordinum
480 2399 666 2437 Fratrum
705 2399 1018 2438 mendicantium
1054 2404 1095 2439 et

129 2468 208 2495 non
232 2458 563 2507 mendicantium,
584 2460 763 2498 Venetiis
786 2460 913 2508 4607,
945 2461 982 2499 4.

180 2518 417 2570 Hieronymi
433 2519 561 2559 Rubei
574 2549 583 2569 ,
607 2522 796 2571 Romani,
821 2521 1024 2561 Pontificia
1038 2523 1096 2561 di-

130 2580 305 2630 plomata
323 2591 370 2618 ac
393 2581 599 2632 privilegia
632 2582 795 2621 Clericis
833 2583 1095 2632 Regularibus

131 2642 364 2693 congregat.
387 2642 663 2680 Somascensis
682 2653 886 2681 concessa.

183 2703 501 2743 Constitutiones
523 2703 749 2743 Pontificiae
767 2709 807 2742 et
828 2706 1093 2745 Romanarum

130 2765 489 2815 congregationum
509 2764 729 2803 decisiones
749 2765 797 2804 ad
817 2766 1034 2818 Episcopos
1053 2773 1093 2806 et

129 2825 305 2864 Abbates
339 2826 549 2875 utriusque
572 2825 666 2863 cleri
689 2825 989 2877 Canonicosque
1018 2830 1092 2867 Ec-

128 2888 340 2926 clesiarum
374 2886 672 2926 Cathedralium
693 2892 733 2925 et
757 2888 1060 2939 Collegiatarum
1080 2920 1089 2938 ,

130 2953 378 3000 spectantes,
395 2950 615 2988 recensitae
639 2959 660 2987 a
679 2949 790 2987 Joan.
815 2950 995 3001 Baptista
1011 2953 1091 2990 Pit-

130 3010 222 3059 toni,
242 3011 381 3050 Venet.
408 3010 524 3056 4742,
550 3009 617 3049 474
629 3011 664 3059 9,
684 3011 799 3058 4722,
821 3012 844 3049 8
864 3013 991 3051 tribus
1008 3014 1093 3053 Vol.

183 3071 322 3123 Ejusd.
348 3073 662 3112 Constitutiones
702 3072 926 3112 pontificiae
951 3078 991 3112 et
1018 3075 1093 3113 Ro-

131 3145 340 3174 manorum
382 3134 743 3185 Congregationum
762 3163 769 3181 ,
807 3134 855 3172 ad
894 3136 1092 3174 Matrimo-

131 3197 242 3235 nium
266 3201 510 3247 spectantes.
530 3196 670 3235 Venet.
695 3195 823 3245 4725,
848 3197 885 3235 8.

185 3281 220 3321 a)
236 3283 378 3324 Prosper
393 3283 583 3315 Mandosius
597 3284 802 3316 Bibliotheca
816 3286 962 3317 Romana
977 3295 1009 3325 p.
1024 3284 1096 3319 199,

190 3331 226 3371 b)
240 3333 399 3366 Giornale
414 3334 467 3366 de'
482 3333 624 3366 letteratl
635 3335 666 3366 d‘
681 3334 774 3366 ltalia
788 3338 867 3366 tom.
885 3336 965 3366 xlx.
979 3344 1010 3375 p.
1025 3335 1097 3367 44¹.

2044 213 2117 247 2277

1208 287 1411 330 Michaelis
1433 289 1480 328 de
1504 285 1671 338 Neapoli
1700 287 1748 325 ab
1785 283 1934 333 origine
1967 280 2117 319 fundat.

1154 353 1314 392 Ordinis
1342 353 1637 391 Franciscanor.
1675 348 1726 387 ad
1760 345 1923 386 Annum
1961 342 2116 381 CHristi

1156 416 1258 454 4633
1281 415 1418 454 brevia
1439 413 1702 459 Pontificum,
1722 412 1874 448 statuta
1891 409 1967 445 etc.

1207 475 1311 516 Julii
1326 476 1373 515 de
1400 475 1565 515 Venetiis
1575 472 1834 522 Chronologia
1848 468 2034 508 historica
2051 465 2119 504 Se—

1157 539 1305 590 raphici
1329 538 1501 584 Ordinis,
1518 537 1567 576 ab
1589 536 1665 576 An.
1691 534 1793 574 4643
1817 531 1867 571 ad
1891 527 2121 570 4748.Νο3-

1156 601 1233 652 poli
1257 601 1359 640 4650
1385 600 1446 637 fol.
1472 603 1512 638 et
1535 599 1712 637 Venetiis
1737 595 1839 636 4748
1856 593 1918 632 fol.
1936 589 2119 630 Glornale

1156 663 1192 700 d’
1210 662 1320 701 Italia
1343 665 1439 699 tom.
1462 661 1615 700 XXXV
1633 670 1720 709 pag.
1748 658 1837 696 490.

1211 721 1410 762 Emanuel
1438 721 1655 761 Rodericus
1694 721 1733 757 in
1765 730 1866 757 nova
1890 714 2120 755 collectione

1160 789 1201 823 et
1236 784 1511 835 compilatione
1537 782 1833 833 privilegiornm
1864 776 2120 828 Regularium

1162 847 1475 886 mendicantium
1494 848 1535 884 et
1559 854 1638 882 non
1667 840 1979 880 mendicantium
1998 866 2006 885 ,
2023 837 2123 875 Tur-

1160 910 1253 947 noni
1278 909 1379 948 4609
1404 907 1469 946 fol.

1215 970 1485 1011 Cartusiensis
1508 967 1668 1007 Ordinis
1687 965 1869 1005 instituta
1892 963 2055 1012 antiqua
2082 964 2124 998 et

1162 1044 1266 1071 nova
1294 1043 1386 1072 cum
1415 1031 1535 1070 bullis
1570 1028 1806 1069 Pontificum
1830 1026 2123 1064 Romanorum:

1160 1106 1231 1146 per
1252 1093 1559 1133 Amorbachium
1586 1091 1688 1131 4540
1714 1089 1776 1128 fol.

1213 1157 1432 1196 Bullarium
1453 1155 1714 1201 Cassinense,
1729 1163 1802 1190 seu
1818 1148 2126 1189 constitutiones

1162 1219 1415 1268 Pontificum,
1440 1219 1754 1268 Imperatorum,
1778 1214 1931 1264 Regum
1949 1239 1958 1257 ,
1982 1213 2057 1248 etc.
2088 1212 2127 1245 et

1165 1281 1326 1320 decreta
1349 1291 1484 1319 sacrae
1518 1276 1842 1330 Congregationis
1863 1285 1934 1325 pro
1958 1273 2130 1320 Congre—

1166 1345 1323 1395 gatione
1346 1343 1596 1392 Cassinensi,
1620 1353 1691 1392 per
1717 1336 1946 1380 Cornelium
1968 1335 2132 1385 Marya-

1166 1406 1314 1444 rinum.
1334 1406 1512 1445 Venetiis
1538 1404 1639 1444 4650
1662 1403 1725 1441 fol.
1750 1399 1914 1440 Tuderti
1938 1396 2037 1437 4670
2064 1395 2126 1434 fol.

1168 1470 1192 1508 2
1215 1469 1367 1507 Volum.
1391 1467 1575 1506 Giornale
1592 1466 1630 1505 di
1650 1467 1773 1504 Roma
1797 1461 1891 1502 4674
1922 1472 1960 1510 p.
1983 1459 2049 1498 24.

1221 1531 1440 1569 Bullarium
1463 1529 1556 1568 Ord.
1579 1528 1836 1566 eremitarum
1861 1523 1900 1562 S.
1917 1520 2132 1571 Augustini

1169 1605 1192 1632 a
1207 1591 1420 1632 Laurentio
1435 1584 1598 1643 Empolo
1614 1589 1838 1633 collectum,
1854 1586 1965 1623 Rom.
1985 1582 2087 1623 4628
2104 1582 2129 1619 f.

1220 1656 1439 1695 Bullarium
1459 1652 1620 1691 Ordinis
1644 1648 1931 1696 Cluniacensis,
1947 1644 2127 1696 Lugdun.

1169 1718 1271 1757 4680
1298 1717 1362 1756 tol.

1218 1778 1380 1818 Antonii
1401 1776 1597 1817 Gonsalez
1614 1775 1661 1814 de
1687 1773 1881 1819 Acunna,
1910 1770 2124 1809 bullarium

1163 1842 1534 1880 confraternitatum
1585 1838 1722 1878 Ordin.
1770 1833 2089 1874 Praedicatorum
2116 1860 2125 1876 ,

1161 1906 1272 1943 Rom.
1295 1903 1417 1952 4668,
1444 1903 1477 1940 4.
1502 1899 1642 1950 Ejusd.
1671 1897 1935 1937 summarium
1972 1892 2131 1944 privile-

1161 1967 1317 2018 giorum
1337 1976 1359 2003 a
1379 1963 1473 2003 sede
1489 1961 1715 2013 Apostolica
1732 1957 1869 1998 Ordini
1885 1954 2021 1995 Praed.
2039 1964 2132 1992 con-

1163 2038 1369 2066 cessorum
1386 2026 1435 2064 ab
1458 2024 1574 2063 Anno
1591 2022 1694 2062 4246
1713 2020 1761 2059 ad
1785 2019 1886 2058 4669
1903 2016 1993 2056 ibid.
2012 2014 2128 2061 4670,

1166 2090 1203 2128 4.
1225 2090 1364 2127 Plures
1378 2087 1507 2126 bullas
1527 2086 1697 2124 omissas
1721 2093 1812 2122 esse
1833 2084 1943 2119 notat
1958 2077 2128 2116 Jacobus

1166 2150 1376 2190 Echardus
1399 2148 1554 2187 tom..II
1576 2146 1673 2185 Bibl.
1690 2143 1972 2183 Dominicanae
1993 2152 2028 2190 p.
2055 2138 2131 2176 692

1167 2214 1236 2264 qui
1252 2225 1288 2263 p.
1305 2211 1383 2250 704
1404 2212 1600 2249 memorat
1619 2207 1739 2245 etiam
1758 2202 1919 2243 Antonii
1933 2199 2132 2247 Chesnois,

1167 2275 1380 2314 bullarium
1408 2269 1606 2322 ejusmodi
1636 2268 1848 2319 vulgatum
1881 2264 2029 2303 Gallice
2058 2263 2132 2300 Re-

1168 2337 1344 2388 thomagi
1369 2334 1497 2382 4678,
1530 2334 1564 2371 4.

1224 2394 1589 2439 ClaudiiArrhenii
1609 2393 1823 2433 bullarium
1845 2386 2131 2429 RomanoSveo

1168 2461 1381 2500 Gothicum
1398 2490 1409 2507 ,
1436 2469 1508 2496 seu
1532 2456 1663 2496 Codex
1688 2454 1888 2493 bullarum
1911 2454 1980 2488 aut
2003 2449 2134 2486 litera-

1167 2534 1277 2573 rum,
1303 2532 1404 2572 quas
1432 2518 1644 2558 Pontifices
1681 2515 1845 2554 Romani
1886 2511 2132 2561 quibuscun-

1167 2595 1246 2634 que
1270 2583 1319 2621 de
1342 2583 1475 2620 causis
1499 2581 1697 2618 miserunt
1719 2577 1754 2614 in
1783 2574 1978 2613 Sveciam.
2003 2571 2082 2609 MS.

1219 2643 1411 2682 Iohannis
1422 2636 1718 2690 Perinyskz'oeld
1731 2636 1945 2686 diplomata
1963 2631 2132 2671 Svedica

1167 2707 1320 2757 Papalia
1345 2709 1385 2743 et
1408 2701 1667 2753 Episcopalia.
1691 2698 1799 2736 MSS.

1221 2765 1455 2818 Hippolytus
1492 2759 1748 2802 Mai-raccius
1789 2758 1970 2809 promisit
2007 2755 2133 2794 bulla-

1165 2832 1269 2868 rium
1293 2829 1532 2874 Marianum,
1559 2835 1592 2862 s.
1615 2822 1889 2861 collectionem
1910 2819 2129 2865 bullarum,

1164 2891 1502 2931 Constitutionum
1518 2919 1528 2935 ,
1549 2885 1838 2935 Diplomatum,
1861 2882 2130 2930 Breviumque

1164 2952 1494 3003 Apostolicorum,
1519 2950 1558 2986 in
1583 2947 1772 2985 honorem
1797 2944 2033 2993 cultumque
2048 2944 2129 2981 Ma-

1166 3017 1245 3054 riae
1283 3012 1456 3064 Virginis
1480 3022 1501 3049 a
1526 3010 1698 3049 summis
1734 3006 1990 3047 Pontificibus
2023 3016 2131 3044 ema-

1165 3081 1373 3121 natorum,
1398 3075 1421 3113 2
1446 3073 1528 3111 Vol.

1225 3137 1389 3175 Thomae
1417 3132 1693 3181 Thomassoni,
1719 3131 1812 3171 Ord.
1835 3129 1970 3170 Praed.
1995 3129 2132 3168 decre-

1167 3205 1297 3238 torum
1318 3197 1567 3248 Apostolicae
1592 3194 1720 3240 sedis,
1746 3193 2037 3240 Conciliorum,
2068 3202 2131 3229 sa-

1167 3271 1323 3299 crarum
1352 3259 1705 3308 congregationum
1740 3260 1780 3295 et
1819 3257 1979 3295 Patrum
2009 3264 2128 3294 aurea

1168 3323 1328 3362 Catena.
1353 3319 1462 3359 Rom.
1490 3318 1613 3367 4654,
1643 3318 1675 3356 4.
