2500 3841
899 195 1297 237 AMMONlle
2061 206 2108 245 81

98 265 312 313 oblectant,
328 266 351 302 a
371 265 503 305 Caveo
519 270 558 304 et
573 267 729 307 Oudino
746 269 955 321 diligenter
971 285 1068 313 cnu-

96 330 321 375 merantur‚
350 327 472 365 etiam
500 338 521 365 a
546 331 731 378 genuinis
768 331 1067 383 distinguuntur

95 389 243 438 spuria,
268 398 346 425 non
366 399 491 438 pauca
523 392 634 428 tanto
654 394 859 442 supposita
890 398 1062 446 nomini,

93 449 239 499 quibus
258 448 382 488 addes
405 449 505 488 Acta
528 452 766 491 Sanctorum
792 454 938 505 Cantii,
963 458 1067 496 Can-

94 511 196 549 tiani
215 514 253 550 et
275 511 542 551 Cantianillae
566 513 670 564 apud
705 516 867 555 Surium
893 519 935 557 31
966 518 1064 568 Maji.

91 573 184 612 vide
198 572 299 612 Aeta
315 574 552 613 Sanctorum
568 579 662 614 tom.
683 577 751 615 V11
766 577 854 628 Maji
869 591 954 629 pag.
975 581 1063 619 327.

91 634 204 674 Vitae
243 636 465 686 Scriptores
496 641 623 687 >atque
657 638 833 689 Operum
870 641 1064 682 editiones

90 698 274 735 recensui
299 698 338 735 in
361 697 605 738 Bibliotheca
621 701 759 739 Latina
780 702 844 740 lib.
871 705 920 742 IV
935 716 1019 755 cap.
1038 706 1060 743 3

88 768 219 807 neque
233 757 358 797 habeo
379 759 419 796 in
434 763 652 810 praesenti,
669 774 772 812 quae
793 764 844 802 ibi
862 764 978 803 dictis
994 766 1062 804 ad-

82 816 266 868 jungam,
284 820 359 858 nisi
377 821 481 870 quod
502 821 621 860 editio
646 825 864 864 novissima
889 830 929 864 et
948 827 1060 865 lucu-

85 879 312 920 lentissima
333 882 683 923 Benedictinorum
729 887 809 924 Jac.
844 887 986 926 Frichii
1015 893 1057 927 et

84 942 231 981 Nicolai
253 944 424 992 Nurriti‚
442 945 479 982 in
498 945 628 983 lucem
646 945 737 985 data
752 947 793 995 d)
816 949 936 986 Paris.
954 951 1054 988 4686

84 1006 126 1041 et
146 1004 241 1043 4694
275 1005 337 1042 fol.
359 1016 452 1043 cum
473 1004 556 1055 jam
580 1008 704 1046 rarior
726 1020 817 1047 esse
841 1010 881 1058 e)
906 1013 1057 1061 coepis—

84 1069 164 1114 set,
211 1077 377 1115 novam,
419 1066 578 1106 Missali
607 1067 869 1109 Ambrosiano
897 1076 1056 1111 auctam

83 1128 239 1177 paravit
258 1128 443 1167 laudatus
484 1131 686 1178 Nurritus‚
725 1143 804 1180 quo
843 1133 1057 1173 immortuo

82 1190 191 1239 operi
213 1187 288 1227 An.
320 1189 443 1240 4724,
464 1192 515 1230 24
538 1193 687 1241 Martii,
702 1193 993 1234 absolvendum
1015 1197 1059 1234 il-

84 1249 154 1289 lud
174 1250 312 1290 datum
333 1257 396 1291 est
419 1253 506 1291 aliis
528 1264 579 1291 ex
616 1253 770 1292 erudito
808 1255 872 1293 illo
910 1256 1057 1297 Ordine

79 1313 283 1351 Monachis
304 1314 587 1353 Benedict-inis.

132 1372 397 1415 AMMONIUS
438 1375 697 1427 Anastasius,
741 1379 1052 1431 Burdegalensis

80 1436 224 1486 patria⁷
247 1437 545 1478 Grammaticus
568 1441 792 1480 Pictonicae
816 1443 902 1481 sive
930 1444 1056 1482 Picta—

77 1509 222 1537 vorum
251 1499 451 1548 Civitatis,
488 1501 538 1540 de
565 1514 644 1552 quo
673 1502 877 1543 Ausonius
906 1517 943 1555 p.
978 1507 1051 1544 469

74 1572 158 1611 seq.
182 1561 262 1599 Jac.
289 1561 412 1599 Tollii.
434 1563 534 1602 Male
555 1565 774 1604 novissima
789 1564 956 1605 Ausonii
971 1568 1053 1606 edi—

72 1624 180 1662 tione
204 1624 242 1661 in
263 1635 385 1663 usum
408 1625 592 1676 Delphini
621 1631 759 1676 parata
787 1639 873 1678 pag.
908 1629 984 1667 449
1012 1631 1048 1667 in

75 1683 176 1723 duos
195 1684 338 1723 dividit
360 1685 619 1725 Ammonium
643 1691 684 1726 et
707 1687 979 1728 Anastasium.

125 1745 399 1787 AMMONIUS.
417 1748 522 1798 apud
531 1749 802 1788 Ptolemaeum
818 1751 1042 1790 Lucensem

73 1812 114 1846 et
133 1808 252 1854 alios,
277 1809 422 1847 vitiose
442 1820 512 1859 pro
533 1808 725 1848 Aimoino.

125 1868 371 1914 AMOENUS
390 1871 529 1920 Poeta,
551 1871 651 1909 infra
674 1873 1004 1913 PRUDENTIUS.

124 1932 310 1982 Magister
329 1931 379 1971 de
409 1932 448 1971 S.
470 1932 664 1983 AMORE,
681 1933 798 1984 cujus
818 1935 962 1974 librum
979 1948 1048 1974 no—

72 2005 171 2032 vum
193 1992 244 2032 ad
259 2003 474 2032 censuram
486 1994 662 2033 oblatum
679 1996 753 2033 sibi
777 1997 965 2035 Clemens
982 1998 1044 2036 IV.

71 2056 176 2106 Papa
198 2056 236 2093 in
256 2055 436 2105 Epistola
454 2054 529 2094 An.
553 2056 656 2095 4266
680 2056 773 2096 data
794 2059 848 2096 ita
872 2070 948 2096 non
975 2070 1047 2109 pu-

71 2117 180 2156 tabat
202 2118 331 2168 priore
354 2128 446 2156 esse
476 2118 705 2167 meliorem,
729 2123 774 2158 ut
799 2120 1043 2159 monendum

70 2183 275 2218 auctorem
303 2183 464 2230 putaret
493 2191 544 2218 ne
578 2180 842 2220 occinendum
871 2182 906 2220 ei
936 2187 1046 2221 esset

72 2239 170 2279 illud
189 2241 315 2290 Festi,
334 2239 422 2279 Act.
441 2242 571 2280 XXVI
592 2242 642 2281 24
668 2245 703 2280 te
722 2241 869 2281 multae
890 2241 1046 2281 litterae

69 2300 227 2354 faciunt
242 2300 432 2340 insanire.
452 2303 523 2341 Hic
542 2307 605 2341 est
623 2302 842 2342 Guilelmus
862 2305 911 2342 ab
931 2305 1045 2355 opido

72 2364 194 2402 natali
215 2363 321 2414 apud
346 2364 552 2414 Sequanos
581 2364 714 2404 dictus
738 2364 785 2403 de
809 2367 849 2405 S.
873 2364 1045 2415 Amore,

72 2423 189 2474 cujus
215 2425 360 2464 librum
387 2426 559 2476 priorem
587 2425 634 2465 cle
656 2425 851 2477 periculis
880 2427 1048 2465 novissi-

72 2497 229 2524 morum
263 2489 503 2538 temporum,
532 2488 753 2538 Evangelio
793 2492 981 2537 aeterno,
1006 2493 1047 2526 et

72 2547 392 2587 mendicantibus
416 2549 650 2596 Ordinibus,
675 2550 870 2587 Minorum
893 2549 1049 2587 Praedi-

73 2613 333 2658 cator-umque
369 2610 598 2659 oppositum
626 2610 800 2648 flammis
831 2610 1048 2648 tradiderat

73 2669 301 2709 Alexander
320 2670 388 2717 IV,
408 2669 463 2708 de*
487 2681 565 2720 quo
590 2670 681 2708 vide
715 2671 966 2721 Raynaldum
999 2672 1047 2710 ad

73 2731 149 2771 An.
176 2732 278 2771 ⁴256
299 2731 321 2782 ξ,
348 2732 396 2771 49
417 2742 528 2781 seqq.
550 2732 743 2770 Bulaeum
764 2737 857 2770 tom.
881 2734 932 2770 Ill
953 2734 1045 2772 hist.

72 2793 310 2833 Academiae
329 2793 449 2832 Paris.
472 2805 509 2843 p.
528 2793 604 2832 340
629 2803 700 2842 seq
732 2794 832 2842 334,
851 2794 927 2831 348
945 2823 953 2842 ,
971 2795 1046 2834 640

75 2867 161 2905 seq.
186 2855 379 2894 Jacobum
403 2855 540 2901 Qvetil'
558 2859 652 2892 tom.
678 2855 693 2892 l
717 2855 766 2892 de
791 2856 1048 2905 scriptoribus

74 2918 344 2956 Dominicanis
381 2928 468 2968 pag.
505 2917 582 2955 335
611 2921 651 2955 et
675 2917 767 2967 (qui
803 2916 1047 2956 haereticum

73 2979 207 3017 vocari
245 2978 510 3028 Guilelmum,
535 2982 580 3017 ut
610 2978 653 3016 fit
682 2990 704 3016 a
740 2977 981 3016 Bellarmino
1006 2983 1047 3017 et

76 3040 184 3088 aliis,
201 3041 436 3090 neutiquam
447 3041 614 3091 patitur)
630 3040 808 3079 Natalem
823 3038 934 3077 Alex.
952 3043 1045 3078 tom.

134 3143 182 3183 d)
205 3147 288 3177 Acta
310 3145 530 3178 Eruditorum
561 3146 642 3178 1688
677 3154 753 3185 pag.
775 3144 815 3176 64
845 3148 878 3175 ct
911 3149 990 3176 tom.
1026 3146 1053 3175 11

68 3193 236 3235 supplem.
262 3203 338 3235 pag.
361 3195 435 3226 5209.

129 3243 176 3281 c)
200 3245 373 3277 Memorios
399 3246 439 3277 de
463 3249 615 3280 Trevoux
652 3249 712 3277 Au.
743 3244 819 3277 1725
857 3254 932 3285 pag.
964 3243 1054 3277 1128.

74 3295 137 3324 An.
162 3291 245 3326 1724
271 3302 348 3334 pag.
375 3293 467 3327 1710.

1142 269 1208 307 Vll
1231 268 1322 307 hist.
1347 271 1452 309 Eccl.
1479 284 1565 323 pag.
1593 273 1642 310 93
1666 272 1757 310 edit.
1785 275 1822 312 in
1847 275 1909 312 fol.
1931 280 1970 312 et
1996 277 2112 315 Davi-

1143 330 1234 369 dem
1263 331 1444 371 Aneillon
1470 335 1506 370 in
1538 334 1822 374 Ancillonianis
1846 340 1939 374 tom.
1967 338 2001 385 1,
2026 350 2111 388 pag.

1144 393 1219 431 444
1241 403 1351 443 seqq.
1377 394 1443 433 ubi
1468 396 1588 433 etiam
1612 395 1661 434 de
1685 395 1782 434 libro
1805 399 2111 437 Bonaventurae

1142 457 1182 491 et
1205 454 1378 494 Thomae
1399 454 1635 505 Aquinatis⁷
1658 468 1758 507 quos
1779 458 1976 498 Guilelmo
1996 471 2115 511 oppo-

1141 526 1269 553 suere.
1292 517 1406 555 Liber
1421 518 1606 556 Guilelmi
1625 531 1703 557 una
1723 531 1815 558 cum
1833 521 2014 570 pluribus
2029 521 2113 572 eju-

1139 576 1253 616 sdem
1278 579 1502 627 argument-i
1525 583 1658 617 exstat
1680 581 1717 617 in
1739 581 1915 620 Eduardi
1936 583 2111 622 Brownii

1140 641 1244 675 tomo
1279 639 1454 677 secundo
1484 641 1675 679 Fasciculi
1705 653 1838 680 rerum
1868 644 2112 693 expetenda-

1137 711 1226 737 rum
1247 704 1287 737 et
1304 700 1600 750 fugiendarum,
1618 702 1783 740 Londini
1801 705 1902 742 4690
1921 705 1983 743 fol.
2000 707 2111 745 Nova

1135 762 1276 811 prioris
1294 762 1379 799 libri
1400 764 1659 812 repastinatio
1675 769 1758 813 est,
1775 777 1896 815 quam
1911 766 1984 805 An.
2005 768 2107 807 4266

1132 822 1181 861 ad
1205 823 1459 861 Clementem
1482 825 1531 863 IV
1557 825 1683 872 misit,
1709 827 1952 877 titulumque
1973 830 2007 866 ei
2034 830 2107 867 im—

1130 885 1263 934 posuit
1288 884 1543 924 Colleotiones
1574 885 1798 926 Catholicas
1822 892 1860 926 et
1884 888 2105 928 Canonieas

1129 950 1267 985 contra
1277 948 1452 997 pericula
1468 949 1717 987 imminentia
1727 950 1928 988 Ecclesiae
1942 951 2107 989 Univer-

1131 1008 1203 1046 sali
1232 1020 1303 1058 per
1331 1010 1589 1059 Hypocritas⁷
1626 1011 2104 1051 Pseudo—-Praedicatores

1132 1073 1172 1106 et
1195 1074 1453 1120 penetrantes
1473 1071 1612 1110 domos
1636 1077 1677 1110 et
1696 1074 1842 1111 otiosos
1863 1078 1903 1112 et
1926 1075 2104 1112 curiosos

1132 1137 1172 1169 et
1196 1143 1432 1183 gyrovagos.
1455 1132 1567 1171 Adde
1588 1135 1793 1173 Bulaeum.
1812 1139 1918 1173 tomo
1934 1136 2000 1185 111,
2016 1148 2101 1187 pag.

1134 1193 1222 1232 382.
1248 1195 1318 1232 Hic
1344 1195 1441 1232 liber
1465 1207 1556 1234 cum
1581 1197 1709 1246 priore
1730 1197 1861 1235 lucem
1883 1196 1982 1234 vidit
2002 1197 2103 1236 Con-

1132 1256 1302 1293 stantiae
1319 1256 1367 1293 ad
1383 1256 1586 1306 Rhenum7
1603 1259 1707 1305 sive7
1734 1262 1777 1296 ut
1798 1263 1906 1297 recte
1930 1260 2100 1306 Caveus,

1131 1317 1290 1354 Parisiis
1307 1318 1409 1356 4632
1427 1314 1491 1355 4.¹⁰
1503 1348 1511 1365 7
1523 1319 1668 1356 additis
1684 1320 1803 1357 etiam
1820 1320 2099 1358 aliisGuilelmi

1130 1376 1252 1426 hujus
1262 1377 1602 1418 lucubrationibus
1614 1393 1620 1417 :
1637 1380 1927 1418 Commentario
1941 1380 1979 1418 in
1988 1380 2101 1418 Psal-

1128 1449 1236 1476 mum
1268 1438 1461 1489 primum.
1504 1441 1695 1479 Concione
1731 1441 1777 1479 de
1815 1441 2031 1480 Publicano
2065 1446 2103 1479 et

1127 1499 1358 1539 Pharisan.
1380 1501 1613 1549 Quaestione
1633 1502 1753 1539 unica
1773 1502 1819 1540 de
1843 1502 1975 1540 valido
1992 1515 2098 1541 men-

1126 1561 1292 1600 dicante.
1317 1562 1425 1601 Casu
1446 1566 1483 1600 et
1500 1561 1684 1600 articulis
1701 1593 1709 1610 ,
1727 1574 1847 1614 super
1865 1564 2008 1614 quibus
2031 1576 2079 1602 ac

1126 1627 1289 1662 casatus
1318 1628 1377 1662 est
1403 1636 1430 1662 a
1460 1623 1681 1662 Fratribus
1719 1625 2096 1674 Praedicator-ibus,

1130 1683 1281 1722 Tabula
1300 1685 1346 1724 de
1366 1686 1491 1736 siquis
1509 1717 1517 1735 ,
1533 1699 1610 1738 per
1629 1698 1732 1737 quae
1752 1686 2101 1725 Pseudo—Praedi—

1125 1749 1280 1785 catores
1300 1745 1479 1785 discerni
1490 1747 1645 1797 possint
1663 1759 1687 1784 a
1707 1747 1826 1785 veris.
1848 1749 1900 1786 Et
1914 1749 2101 1787 Sermone

1123 1807 1164 1845 in
1191 1807 1253 1846 die
1282 1809 1352 1847 SS.
1377 1807 1654 1858 Apostolorum
1683 1807 1825 1846 Jacobi
1853 1813 1891 1846 et
1913 1809 2098 1860 Philippi.

1119 1870 1391 1908 Praemittitur
1416 1870 1436 1891 ᾗ
1456 1870 1619 1908 editoris
1644 1870 1824 1919 Epistola
1848 1869 1896 1908 de
1921 1870 2029 1907 libris
2058 1876 2098 1908 et

1120 1930 1299 1970 doctrina
1321 1933 1497 1982 Magistri
1521 1931 1710 1970 Guilelmi
1734 1931 1782 1968 de
1808 1931 1846 1969 S.
1871 1930 2028 1969 Amore.

1173 1992 1494 2032 AMPHIBALUS
1516 1994 1682 2031 lscanus
1704 1996 1823 2030 natus
1846 1994 1883 2029 in
1902 1993 2096 2040 Cambria‚

1119 2055 1182 2092 vir
1209 2054 1415 2102 eruditus,
1446 2058 1625 2104 tempore
1657 2054 1883 2091 Maximiani
1919 2054 2092 2091 Herculii

1119 2116 1331 2154 Confessor
1355 2119 1395 2154 et
1432 2116 1669 2164 Propagator
1706 2114 1957 2152 Christianae
1994 2114 2098 2151 Reli—

1119 2177 1263 2227 gionis7
1289 2181 1330 2214 et
1352 2177 1454 2214 alter
1475 2174 1608 2225 junior
1630 2173 1890 2225 Amphibolus
1912 2174 2096 2213 Simenus

1118 2239 1246 2288 patria
1268 2239 1496 2285 Ventanus,
1527 2237 1656 2275 Venta
1684 2236 1781 2275 urbe
1806 2235 1983 2274 Australi
2016 2237 2100 2274 Bri-

1120 2301 1302 2348 tanniae,
1321 2299 1453 2337 clarus
1469 2297 1598 2336 medio
1621 2297 1787 2336 Saeculo
1804 2302 1938 2345 sexto⁷
1955 2296 2099 2335 debitis

1120 2361 1305 2400 laudibus
1327 2372 1347 2398 a
1378 2359 1551 2398 Lelando
1571 2369 1656 2409 cap.
1683 2359 1731 2397 44
1759 2363 1799 2396 et
1822 2358 1872 2396 29
1897 2357 2099 2395 celebran-

1120 2428 1211 2472 tur⁷
1233 2422 1304 2460 sed
1324 2423 1391 2472 qui
1415 2422 1599 2460 neutrius
1624 2421 1772 2470 scripta
1788 2423 1995 2457 memorat.
2023 2419 2098 2455 Ita-

1121 2495 1199 2533 que
1217 2484 1336 2521 miror
1345 2483 1451 2521 unde
1467 2481 1703 2531 Amphibalo
1719 2481 1863 2518 seniori
1880 2479 1977 2516 haec
1993 2478 2098 2527 apud

1123 2545 1299 2583 Pitseum
1325 2545 1473 2593 scripta
1493 2555 1580 2592 pag.
1603 2544 1649 2580 8l
1675 2542 1906 2579 tribuuntur
1925 2553 1932 2576 :
1956 2537 2020 2576 Aa
2039 2538 2097 2575 in-

1121 2603 1362 2644 stituendam
1399 2603 1524 2642 vitcmz
1560 2603 1834 2650 Christianam
1866 2600 2009 2638 librum
2026 2628 2034 2644 7
2056 2605 2095 2637 et

1123 2668 1293 2705 alterum
1331 2668 1470 2702 contra
1498 2674 1658 2702 errores
1689 2661 1919 2712 qente'lz'um,
1952 2662 1961 2703 (
1979 2661 2094 2698 Baleo

1124 2730 1285 2766 Centui'.
1308 2728 1322 2764 1
1344 2738 1427 2776 cup.
1455 2726 1503 2762 33
1528 2727 1666 2761 contra
1686 2721 1883 2759 Druidum
1907 2723 2092 2769 errores)

1123 2796 1163 2827 ct
1187 2787 1380 2827 Ilomilias
1404 2797 1524 2837 super
1544 2785 1578 2822 E
1584 2782 1776 2833 υαηςχσίία.

1175 2849 1366 2895 AMOLQ
1385 2847 1508 2897 (apud
1524 2844 1659 2896 alios-11
1668 2843 1788 2884 nudo.
1806 2843 1990 2889 Armillis.
2007 2845 2092 2881 sive

1122 2911 1241 2951 Amul
1255 2911 1376 2957 trias,
1393 2909 1608 2946 Trithemio
1624 2918 1708 2956 cap.
1729 2906 1804 2944 3273
1828 2906 1994 2955 aliisquo
2012 2905 2092 2942 Ila—

1123 2973 1277 3021 mnlus)
1304 2974 1369 3022 qui
1397 2973 1433 3008 in
1457 2971 1699 3020 Episcopatu
1727 2967 1983 3017 Lugduncnsi
2003 2976 2093 3004 suc—

1122 3036 1244 3073 cessit
1268 3031 1472 3083 Agobardo
1495 3031 1543 3069 ab
1566 3030 1681 3069 Anno
1705 3030 1776 3067 844
1807 3028 1854 3066 ad
1879 3028 1969 3065 852.
1994 3027 2090 3065 Vide

1126 3096 1323 3134 Cointiuin
1342 3097 1435 3130 tom.
1454 3093 1539 3130 vill
1558 3122 1565 3140 ‚
1583 3104 1668 3143 pag.
1686 3092 1761 3129 650
1778 3095 1817 3129 ot
1843 3090 2088 3128 Dominicum

1183 3245 1192 3255 ⁶
1217 3242 1378 3273 iohannis
1397 3242 1532 3273 sortasse
1551 3241 1698 3273 Coi-desii
1712 3265 1720 3279 ,
1740 3241 1813 3274 vide
1831 3241 1937 3271 Grotii
1955 3239 1996 3272 ad
2013 3246 2088 3270 cuin

1126 3293 1228 3330 Epist.
1246 3291 1307 3323 318
1324 3296 1354 3321 et
1373 3291 1445 3322 520.

1586 3359 1625 3395 11
