2500 3841
966 248 996 285 A
1020 248 1049 286 L
1071 248 1098 285 13
1123 249 1152 286 Ε
1178 252 1206 289 1²,
1230 252 1242 290 1
1264 249 1291 288 (2
1314 252 1344 290 t}
1365 253 1389 289 ri
2070 248 2118 285 37

125 323 222 358 riam
247 317 437 368 'signavitg
463 319 502 354 at
525 315 744 366 designatio
766 316 859 355 11000
896 320 1082 369 temporis

121 381 170 420 ad
194 379 477 428 Berengarium
515 378 563 416 de
598 389 676 427 quo
701 377 749 416 ibi
770 409 778 427 ‚
803 390 879 416 non
905 391 999 418 vero
1033 380 1083 419 ad

122 441 352 482 Albericum
375 439 559 489 pertinet.
590 438 776 477 Mendun'i
816 439 887 479 hoc
921 442 1081 481 Fabricii

121 503 274 542 detexit
287 501 350 539 vir
363 501 411 539 01.
431 500 725 540 Mazzuchellus
746 502 784 539 in
805 513 864 553 op.
888 501 953 541 Gli
969 503 1084 541 scrit-

123 563 203 603 tori
221 562 258 602 d’
273 560 404 600 Italia.
429 563 464 610 Ι,
490 562 551 600 47.

177 626 216 664 S.
245 623 530 664 ALBERICUS
553 625 657 663 inter
671 625 819 675 primos
842 625 1000 665 Ordinis
1021 626 1084 666 Ci-

123 685 351 727 stercz'ensis
367 685 616 734 fundatoreS,
632 698 752 736 quem
770 688 918 738 primas
938 689 1085 727 Cister-

120 750 169 789 cii
193 749 499 803 constitutIOnes
518 748 566 787 ab
586 747 809 799 Apostolica
832 751 925 789 sede
949 763 1087 801 appro-

122 812 236 857 batas
259 809 305 850 A.
323 811 367 850 C.
391 812 485 850 4404
513 811 754 861 publicasse,
778 817 818 850 et
837 811 882 850 A.
902 814 1003 852 4409
1020 813 1087 851 de-

121 873 325 922 functum,
346 876 457 911 notat
480 873 645 912 Carolus
669 873 717 912 de
741 873 860 912 Visch
885 875 923 912 in
947 874 1088 913 Biblio-

120 933 234 973 theca
260 935 505 985 Scriptorum
528 935 872 982 Cisterciensium⁷
897 945 984 985 pag.
1012 934 1071 974 47.

171 994 456 1036 ALBERICUS
481 995 760 1036 Cz'stercz'ensis
783 996 1017 1043 1110000005,
1038 995 1087 1033 de

120 1069 199 1108 quo
223 1057 449 1097 Ludovicus
464 1058 634 1096 Jacobns
652 1069 674 1096 a
689 1059 726 1096 S.
753 1057 892 1095 Carolo
911 1058 950 1094 in
967 1058 1089 1107 scrip-

120 1119 271 1158 toribus
290 1119 619 1159 Cabilonensibus
641 1130 727 1169 pag.
751 1119 837 1157 436.
863 1117 959 1156 Vide
989 1118 1088 1156 infra

120 1179 330 1220 Alberz'cus
355 1180 476 1220 trium
496 1180 663 1233 sontium
683 1179 912 1220 Monachus.

171 1242 407 1282 ALBERICI
432 1241 712 1282 Londom·ensis
734 1241 988 1292 Metheologia
1021 1239 1089 1292 (μῆ

115 1300 334 1353 Θεολογέα)
362 1304 442 1343 MS.
472 1304 511 1342 in
538 1303 780 1342 Bibliotheca
809 1303 1091 1342 Hohendoriia-

118 1376 188 1410 na,
209 1377 311 1416 quae
335 1366 506 1405 accessit
525 1364 724 1403 Thesauro
748 1363 937 1403 Lz'brccrio
953 1364 1090 1414 Augu-

122 1428 289 1466 stissimi
309 1427 698 1478 Imperatoris.]*ide
721 1431 762 1466 et
787 1427 902 1475 infra,
922 1426 1089 1466 ALBRI-

169 1549 455 1590 ALBERICUS
469 1549 516 1589 de
529 1552 687 1599 Rosam)
713 1560 786 1589 seu
800 1548 975 1600 Romiati,
991 1550 1089 1588 Ber-

114 1611 330 1663 yomensis‚
367 1612 512 1662 Jews,
534 1613 601 1663 qui
625 1611 754 1651 medio
782 1612 948 1651 Saeculo
984 1611 1086 1651 XIV.

117 1675 277 1726 scripsit
293 1678 600 1714 commentarios
617 1675 656 1712 in
669 1674 817 1713 librum
838 1678 999 1712 sextum
1014 1675 1090 1712 De-

118 1737 346 1787 cretalium⁷
368 1737 653 1776 Dictionarium
671 1736 779 1774 Juris
794 1735 932 1774 Civilis
952 1739 992 1772 et
1014 1735 1089 1774 Ca-

119 1800 268 1847 nonici⁷
288 1799 463 1850 aliaque,
481 1810 583 1849 quae
603 1797 707 1849 apud
724 1797 987 1836 Trithemium
1002 1807 1085 1847 cap.

119 1862 196 1900 608
220 1865 261 1900 et
279 1862 474 1900 Joannem
498 1861 740 1900 Gottfridum
765 1860 965 1900 Olearium
990 1859 1089 1897 rese-

116 1927 273 1962 runtur.
301 1921 416 1962 Alius
437 1921 649 1961 Albericus
677 1921 723 1960 de
747 1923 907 1969 Roseae,
928 1921 977 1959 de
1005 1931 1083 1970 quo

114 1985 215 2024 infra
239 1986 276 2023 in
297 1984 548 2025 ALBRICUS
575 1984 850 2023 Londinensis.

171 2047 193 2070 *³
209 2046 467 2097 Quaestiones
482 2049 723 2086 statutorum
744 2046 960 2095 impressae
978 2045 1088 2083 Comi

116 2109 521 2160 apudBaldassarem
544 2109 594 2148 de
617 2110 782 2147 Fossato
806 2119 870 2146 an.
898 2106 1000 2146 4477
1025 2105 1087 2144 die

119 2173 168 2211 45
191 2171 404 2211 Februarii.
428 2172 712 2211 Dictionarium
735 2171 844 2209 Juris
879 2169 1021 2208 Civilis
1052 2172 1093 2206 et

115 2233 305 2272 Canonici
324 2234 581 2284 compilatum
601 2244 651 2271 ex
674 2233 801 2283 primo
831 2236 873 2270 et
916 2229 1094 2269 secundo

117 2296 355 2335 Dictionario
376 2307 479 2346 quae
502 2296 716 2346 separatim
755 2295 995 2345 scripserat,
1026 2294 1098 2331 im-

116 2368 303 2409 pressum
324 2358 398 2396 fuit
421 2358 714 2407 antiquissimis
738 2358 847 2407 typis
869 2356 1020 2405 absque
1038 2355 1094 2393 lo-

115 2431 161 2459 co
179 2424 221 2458 et
235 2430 350 2459 anno.
372 2419 482 2458 Idem
497 2419 781 2458 Dictionarmm
801 2417 849 2456 de
868 2415 968 2455 verb
977 2427 1092 2454 orum

118 2484 156 2520 et
174 2492 312 2520 rerum
329 2480 612 2532 sz'qm'ficatz‘one
631 2482 876 2531 impressum
894 2480 1091 2518 Bononiae
1122 2499 1125 2502 >

120 2543 214 2582 4484
245 2544 284 2581 10
309 2543 372 2581 fol.

170 2602 474 2651 ALBERICUS,
488 2602 706 2643 Monachus
721 2605 951 2642 monasterii
970 2602 1092 2641 trium.

117 2663 302 2716 fontium,
329 2663 422 2703 Ord.
448 2664 746 2713 Cisterciensis,
768 2665 807 2702 in
835 2665 1003 2703 dioecesi
1019 2664 1094 2702 Ca—

120 2726 318 2764 taluncnsi
335 2754 344 2772 ‚
368 2725 474 2775 quod
497 2725 702 2764 conditum
727 2731 789 2764 est
819 2727 924 2764 circa
943 2725 1019 2764 An.
1048 2726 1091 2764 C.

123 2786 237 2828 4447.
257 2786 465 2827 Albericus
494 2787 578 2837 ipse
597 2787 729 2825 clarus
755 2787 860 2825 circa
883 2787 958 2825 An.
991 2787 1085 2825 4244

124 2851 163 2889 10
193 2860 272 2901 quo
297 2847 521 2889 Chronicon
535 2846 623 2898 ejus
643 2847 808 2893 desinit,
833 2849 1027 2898 incipiens
1047 2848 1095 2886 ab

123 2911 227 2952 Orbe
252 2910 427 2958 condito,
451 2910 683 2960 editumque
708 2909 757 2947 ab
781 2909 924 2947 illustri
944 2909 1097 2947 Leibni-

127 2975 181 3012 tio
212 2978 307 3012 tom.
328 2973 359 3011 [Ι
380 2972 654 3011 accessionum
694 2970 991 3017 historicarum,
1009 2971 1098 3019 Lip-

125 3037 206 3075 siae
228 3036 344 3084 46987
367 3035 401 3073 4.
421 3035 466 3073 10
486 3034 559 3072 hoc
579 3032 795 3080 Chronico,
817 3034 973 3082 practer
990 3030 1098 3080 Sige-

126 3099 285 3138 bertum
305 3101 346 3136 et
360 3095 597 3135 Anselmum
614 3094 948 3138 Geml)laccnseS‚
968 3093 1098 3141 Ilugo-

130 3171 222 3200 nem
246 3160 295 3200 de
339 3160 377 3199 S.
409 3159 585 3206 Victore,
623 3156 862 3207 Tu1·pinum,
908 3156 1095 3193 Ottoncm

126 3220 443 3273 Frising'ensem,
470 3220 693 3259 Guidonem
723 3217 771 3256 de
794 3215 1000 3264 Basochis,
1025 3215 1099 3253 lle-

126 3283 352 3332 linandum,
397 3282 642 3322 Gvilelmum
679 3278 1068 3319 Malmcsburiensem
1088 3304 1097 3323 ‚

132 3345 440 3396 Luitprandum,
483 3348 519 3382 et
558 3342 801 3388 Baldricuni7
826 3340 970 3378 citatur
1011 3348 1096 3387 pag.

1160 322 1227 360 344
1254 325 1293 359 ct
1317 321 1401 359 aliis
1425 321 1604 371 plui-ihus
1625 320 1720 358 locis
1746 319 1793 358 ab
1815 318 1928 356 Anno
1956 318 1994 355 44
2007 318 2054 354 63
2071 318 2119 355 ad

1160 387 1173 423 4
1186 384 1262 423 223
1286 385 1404 423 etiam
1422 383 1638 421 Albericus.
1663 381 1826 430 Confer⁷
1844 392 1945 431 quac
1970 384 2119 419 notavit

1161 446 1332 484 Jacobus
1348 446 1382 484 lc
1408 446 1514 493 [000Γ
1531 445 1568 482 10
1584 443 1823 495 Bibliotheca
1838 444 2119 482 llistoricorum

1158 508 1304 546 Galliae
1330 517 1437 545 num.
1464 506 1562 544 7403
1583 517 1667 555 pag.
1693 506 1769 544 355
1787 516 1869 554 seq.
1885 505 2122 554 Diligenteni

1160 571 1196 606 in
1213 567 1668 619 eclipsibusannotandis
1682 566 2122 605 observavitChilletius

1159 631 1208 670 de
1231 630 1419 669 Anastasi
1443 628 1651 667 Childerici
1676 640 1760 678 pag.
1786 628 1847 666 25.
1878 627 1973 665 Υ100
2002 629 2120 665 etiam

1161 693 1414 731 Muratorium
1433 695 1540 728 tomo
1555 690 1597 727 V.
1620 690 1860 739 Scriptorum
1881 690 2013 728 ltaliae
2035 701 2119 740 pag.

1163 754 1249 793 437.
1268 754 1447 791 Labbeus
1467 753 1504 789 in
1525 752 1711 801 Catalogo
1736 752 1842 789 MSS.
1864 762 1948 801 pag.
1975 752 2023 790 43
2041 763 2122 789 mo-

1163 819 1230 852 net
1259 814 1330 852 hoc
1354 813 1521 851 Alberici
1553 812 1772 850 Chronicon
1797 814 1891 850 utile
1931 824 2120 863 perquam

1162 887 1252 914 esse
1265 874 1492 925 digerendis
1518 874 1706 912 nobilium
1726 874 1870 912 Galliae
1894 883 1937 912 ac
1961 877 2123 913 (jerma-

1164 939 1250 976 0100
1272 937 1508 975 familiarum
1532 936 1791 985 genealogicis
1812 936 1966 974 tabulis.
2005 937 2123 974 Caro-

1163 999 1226 1038 lus
1248 998 1296 1036 de
1315 997 1435 1037 Visch
1460 998 1496 1035 in
1521 997 1760 1035 Bibliotheca
1783 996 1940 1035 Ordinis
1980 998 2124 1035 Cister-

1162 1060 1307 1098 ciensis
1349 1062 1520 1097 testatur
1565 1058 1731 1096 Alberici
1773 1056 1893 1107 hujus
1934 1058 2122 1108 poeticam

1162 1122 1312 1160 MStam
1336 1124 1472 1159 extare
1488 1118 1592 1170 apud
1616 1119 1892 1157 Dominicanos
1915 1119 2123 1161 Coloniae,

1163 1182 1401 1233 adponitquo
1445 1181 1516 1219 hoc
1554 1179 1642 1230 ejus
1673 1181 1845 1218 initium:
1875 1179 1999 1219 Multa
2044 1180 2125 1219 vire?

1163 1246 1325 1282 veteres.

1218 1305 1501 1344 ALBERICUS
1533 1306 1701 1352 Vcerus,
1722 1316 1772 1342 cx
1796 1304 1993 1345 Comitum
2023 1304 2125 1342 Oxo-

1165 1367 1361 1405 niensium
1384 1367 1545 1414 familia⁷
1569 1368 1672 1404 circa
1690 1365 1764 1404 An.
1790 1366 1832 1405 C.
1856 1366 1956 1404 ⁴2:50
1988 1366 2025 1403 in
2055 1367 2126 1404 Bo-

1163 1428 1298 1466 naclea
1322 1428 1412 1466 villa
1431 1430 1727 1466 Trenovantum
1743 1427 1873 1465 tribus
1892 1439 1914 1466 a
1936 1427 2022 1465 sano
2038 1428 2125 1465 Osi-

1163 1490 1255 1529 thae
1275 1490 1508 1528 milliaribus
1531 1489 1669 1528 dissita
1692 1490 1848 1540 scripsit
1882 1489 2055 1528 libellum
2079 1488 2125 1526 (le

1160 1563 1316 1602 yenere,
1332 1550 1414 1590 vita
1431 1554 1467 1589 et
1480 1549 1658 1589 coenobio
1668 1551 1713 1588 D.
1733 1550 1875 1597 Οεὶϊαθ,
1890 1561 2008 1599 quem
2024 1549 2124 1588 mul-

1163 1614 1215 1651 tis
1231 1612 1414 1652 laudibus
1430 1612 1542 1652 essert
1557 1613 1730 1651 Joannes
1744 1611 1939 1649 Lelandus
1948 1621 2030 1661 cap.
2047 1609 2122 1648 247
2153 1602 2156 1606 ’

1163 1686 1213 1713 ex
1228 1685 1353 1725 eoque
1370 1675 1439 1723 ait,
1464 1685 1507 1712 se
1530 1673 1713 1711 didicisse
1733 1672 1874 1711 bonam
1890 1676 2042 1722 partem
2057 1682 2125 1709 00-

1164 1737 1359 1786 tiquitatis
1395 1735 1690 1775 Ostrosaxonici
1729 1734 1893 1781 littoris,
1926 1744 1972 1771 ac
2007 1733 2123 1770 etiam

1162 1798 1375 1836 Boccaniae
1387 1828 1395 1846 ⁷
1409 1808 1487 1847 qua
1505 1797 1620 1835 vallis
1640 1795 1919 1834 AEilleburiana
1935 1793 2123 1832 subsidet.

1216 1858 1479 1907 ALBERIL'S,
1504 1859 1572 1908 qui
1596 1858 1700 1896 Petri
1726 1857 1968 1906 Neapolitani
1988 1855 2125 1894 Archi-

1162 1920 1475 1972 Episcopijussu
1491 1921 1594 1958 circa
1608 1918 1681 1957 An.
1707 1919 1748 1957 C.
1772 1918 1872 1956 4230
1894 1915 2049 1967 scripsit
2067 1915 2123 1954 υί-

1163 1987 1244 2021 tam
1263 1983 1303 2022 S.
1328 1981 1515 2032 Aspreni,
1540 1982 1625 2019 sive
1651 1977 1899 2029 Asprenati&
1920 1979 2051 2028 primi,
2075 1982 2117 2016 ut

1161 2044 1275 2094 ajunt
1286 2043 1522 2093 Napolitani7
1539 2039 2020 2091 temporibusApostolicis
2034 2039 2124 2089 Epi-

1165 2106 1289 2156 scopi,
1317 2104 1463 2142 editam
1493 2103 1541 2142 ab
1569 2102 1732 2152 Ughello
1759 2106 1864 2139 tomo
1893 2101 1956 2139 VI.
1992 2100 2123 2138 ltaliae.

1167 2178 1300 2206 sacrae
1315 2177 1401 2217 pag.
1414 2167 1428 2205 4
1439 2166 1461 2204 9
1477 2164 1658 2203 editionis
1669 2174 1793 2201 novae
1801 2163 1938 2201 Venet.
1951 2163 1964 2200 4
1975 2161 2016 2200 74
2027 2161 2049 2199 7
2062 2162 2122 2199 sol.

1220 2226 1566 2273 AIBERTANUS,
1601 2224 1856 2266 Caussidicus
1883 2224 2098 2261 Brixiensis
2115 2251 2124 2267 ,

1170 2291 1365 2331 Friderico
1397 2287 1618 2328 AEnobarbo
1654 2287 1826 2325 Brixiam
1850 2284 1924 2324 An.
1949 2285 1991 2324 C.
2026 2284 2124 2323 4162

1167 2353 1371 2393 obsidente
1385 2351 1542 2401 scripsit
1559 2349 1703 2387 librum
1722 2347 1768 2386 de
1782 2345 1959 2385 doctrina
1976 2343 2129 2383 (licendi

1165 2418 1203 2453 et
1223 2412 1388 2462 tacendi,
1410 2411 1532 2463 (leque
1550 2407 1766 2449 virtutibus
1788 2405 1993 2458 de'lzyemlis
2013 2409 2050 2444 et
2073 2405 2127 2443 υί-

1164 2475 1229 2515 tiis
1249 2473 1460 2527 fuyiendis.
1482 2471 1626 2512 Prodiit
1646 2470 1880 2509 Daventriae
1902 2468 2014 2506 4490.
2040 2467 2060 2503 4
2084 2470 2124 2503 et

1164 2538 1317 2588 Lipsiae
1354 2536 1468 2574 4494.
1491 2535 1512 2572 4
1550 2532 1726 2572 Meminit
1746 2535 1785 2568 et
1807 2530 1890 2568 libri
1910 2539 1932 2566 a
1956 2538 1998 2565 se
2021 2537 2127 2564 com-

1163 2599 1278 2649 positi
1294 2596 1340 2636 (ἶο
1352 2606 1487 2634 amore
1502 2598 1537 2633 et
1551 2592 1752 2632 dilectione
1766 2590 1862 2629 DEI
1873 2587 2124 2638 altorumque

1163 2669 1313 2706 rerum,
1335 2657 1457 2708 deque
1478 2654 1610 2707 forma
1634 2653 1738 2692 vitae
1760 2682 1767 2689 .

1218 2719 1239 2741 ἐξ
1267 2719 1426 2758 Librum
1452 2716 1500 2755 do
1529 2726 1663 2753 amore
1692 2717 1730 2751 ct
1761 2710 1961 2750 dilectione
1989 2709 2062 2747 Dei
2089 2713 2124 2747 et

1162 2778 1346 2831 prmcimi
1373 2777 1567 2816 scribebat
1596 2775 1836 2814 Albertanus
1873 2783 1974 2810 anno
2020 2771 2121 2810 1233

1168 2852 1259 2880 cum
1290 2850 1447 2878 carcere
1471 2837 1715 2875 detineretur
1749 2836 1965 2872 Cremonae
2001 2844 2022 2869 a
2046 2833 2128 2869 Fri-

1169 2902 1297 2941 dcrico
1315 2902 1346 2939 ll
1366 2901 1603 2949 Imperatore
1612 2897 1780 2935 Brixiam
1800 2900 1892 2934 tunc
1909 2893 2123 2932 0051001110.

1170 2966 1227 3003 lta
1250 2964 1392 3012 legitur
1413 2962 1449 2998 in
1473 2958 1723 2998 adnotatione
1760 2958 1836 2996 MS.
1873 2957 2022 2995 adiecta
2051 2957 2123 2994 Co-

1168 3025 1241 3064 dici
1264 3022 1513 3069 Taurincnsi,
1539 3023 1575 3059 in
1592 3032 1669 3070 quo
1690 3032 1788 3070 opus
1813 3018 1907 3057 illud
1924 3017 2123 3056 Albertani

1170 3088 1322 3137 legitur.
1348 3086 1390 3123 ln
1415 3084 1488 3123 alio
1512 3083 1744 3121 Taurinensi
1764 3081 1904 3120 Codice
1936 3079 2012 3116 762
2042 3089 2124 3116 ser—

1169 3152 1287 3187 vatur
1322 3147 1408 3185 eius
1447 3145 1542 3183 liber
1583 3143 1860 3181 consolationis
1880 3146 1918 3178 et
1942 3140 2121 3186 consilii,

1170 3220 1288 3259 quen]
1313 3207 1505 3246 scribebat
1529 3211 1573 3245 ut
1594 3206 1641 3243 ibi
1661 3205 1801 3251 leuiter
1816 3214 1880 3240 an.
1901 3202 2006 3244 1246
2023 3212 2126 3239 men-

1171 3268 1280 3310 sibus
1317 3268 1458 3321 aprilis
1482 3272 1517 3307 el
1540 3267 1646 3319 majc'.
1669 3267 1894 3305 Nevizanus
1932 3267 1970 3302 in
2008 3263 2121 3313 sylva

1172 3333 1335 3383 nuptiali
1366 3331 1427 3370 lib.
1451 3331 1581 3381 Vpag.
1613 3330 1661 3369 92
1696 3327 1787 3366 edit.
1824 3328 2003 3379 Lug-(luni
2034 3325 2121 3363 anni
