2500 3841
856 238 1355 280 EGINHARDUS

111 310 174 350 dis
195 309 358 350 Koeleri
368 309 595 349 dissertatio
611 309 660 349 dc
683 310 923 351 Bibliotheca
938 312 1066 352 Caroli

109 374 240 425 Magni
255 371 302 412 ad
318 370 532 423 Eginhardi
547 383 630 422 cap.
649 372 711 411 33.
725 373 867 424 prodiit
887 375 1065 414 Altdorfii

112 435 229 476 4727.
255 435 291 473 4.
316 433 555 473 Germanica
577 437 609 483 a)
648 437 832 475 versione
871 437 1065 488 Eginhar-

108 497 204 537 dum
222 495 385 536 donavit
402 497 571 536 Joannes
589 496 833 549 Auyustinus
848 499 1063 553 Eyenolfus

107 561 262 611 Lipsiae
287 559 401 599 4728.
425 560 487 599 42.

159 622 326 662 Caetera
347 622 564 673 Eginhardi
587 624 734 674 scripta
764 628 859 663 sunt
878 638 885 662 :
908 624 1062 676 Episto-

103 681 166 722 lae
175 684 291 723 LXII.
308 683 437 723 edit-ae
453 696 502 723 ex
520 685 661 725 Codice
683 687 791 726 MSto
809 688 1059 727 Laudunensi

102 746 152 785 ab
172 745 333 786 Andrea
360 747 415 786 du
437 747 596 786 Chesne
621 752 715 787 tom.
752 749 789 788 2.
824 751 1060 801 scriptorum

103 808 152 848 de
168 810 288 849 rebus
307 811 444 848 Franc.
470 822 556 861 pag.
582 811 672 849 695.
694 822 778 861 seq,
799 816 840 850 et
859 813 895 850 in
916 812 1061 851 Johan-

102 872 165 911 nis
189 872 435 911 Weinkensii
457 872 686 923 Eginhardo
723 873 923 913 vindicato
946 879 986 913 et
1019 875 1062 913 il-

101 934 283 984 lustrato,
304 935 552 974 Francofurti
575 934 689 975 4744.
716 936 779 974 fol.

151 997 209 1035 De
238 995 496 1036 translatione
525 998 596 1037 SS.
624 998 852 1049 Martyrum
891 995 1060 1037 Marcel-

98 1059 174 1099 lim·
185 1062 225 1098 et
237 1058 360 1109 Petri,
385 1072 555 1110 quorum
576 1061 652 1099 sub
671 1061 912 1100 Diocletiano
928 1065 968 1099 et
981 1062 1060 1099 Ma-

95 1123 269 1162 ximiano
292 1123 396 1161 circa
421 1122 585 1162 Annum
618 1123 706 1162 303.
739 1135 948 1175 passorum
973 1135 1058 1162 cor-

94 1197 190 1238 pora
222 1183 271 1225 ad
297 1184 507 1224 Abbatiam
539 1186 876 1236 Seligstadensem
905 1186 1058 1225 dioece-

95 1259 186 1288 seos
209 1249 383 1299 Mogunt.
417 1247 578 1286 Ordinis
602 1249 845 1288 Benedictin.
884 1261 934 1287 ex
958 1249 1055 1288 urbe

92 1313 216 1351 Roma
243 1312 348 1350 circa
372 1309 536 1350 Annum
565 1311 656 1360 826,
681 1310 855 1351 adducta
889 1323 978 1351 esse
1002 1312 1058 1350 fe—

94 1378 252 1423 runtur,
278 1371 376 1412 libri
395 1373 462 1413 IV.
486 1384 604 1425 prosa
628 1375 778 1425 scripti,
800 1386 900 1425 quos
936 1373 1058 1413 edidit

96 1437 239 1478 Surius
261 1437 299 1478 2.
323 1438 442 1487 Junii,
461 1437 568 1476 unde
589 1439 759 1488 repetita
780 1439 819 1476 in
834 1437 946 1477 Actis
962 1438 1061 1477 San-

97 1504 254 1540 ctorum
278 1504 374 1540 tom.
400 1502 435 1540 4.
459 1502 564 1540 ,Iunii
585 1511 673 1553 pag.
694 1502 783 1541 484.
807 1501 950 1540 collata
969 1512 1061 1540 cum

14 1564 18 1565 ⁷
93 1563 203 1602 MSto
230 1563 468 1613 Christinae,
492 1564 665 1614 Reginae
688 1564 921 1603 Svecorum.
959 1563 1064 1602 Con-

94 1626 259 1666 ferenda
281 1637 441 1678 quoque
465 1626 604 1666 eadem
629 1626 728 1665 Acta
754 1631 848 1665 tom.
875 1627 924 1665 VI
945 1657 953 1677 ,
974 1638 1060 1677 pag.

94 1691 131 1736 4,
156 1700 240 1740 seq.
264 1693 305 1727 et
329 1690 394 1740 qui
414 1689 533 1727 libros
551 1689 767 1739 Eginhardi
784 1693 956 1739 quatuor
975 1700 1060 1727 car-

92 1754 200 1791 mine
223 1753 333 1803 epieo
353 1752 523 1791 reddidit
552 1752 756 1791 Johannes
786 1751 1054 1803 Weinekens,

93 1814 341 1853 Francofurti
367 1813 468 1853 4744
487 1814 550 1852 fol.

144 1876 246 1915 Acta
288 1875 480 1928 Martyrii
526 1875 745 1915 eorundem
791 1877 1058 1926 Sanctorum,

92 1950 284 1990 expressa
307 1937 485 1977 carmine
514 1939 726 1987 trochaico,
759 1939 862 1989 quod
894 1940 1056 1990 incipit:

90 2001 198 2041 Erat
208 2000 366 2054 quidem
383 2000 590 2040 exorcista
613 2002 799 2052 (sanctus)
820 2003 963 2041 Petrus
987 2013 1055 2039 ηο-

89 2064 204 2104 mine.
231 2066 310 2104 Hoc
338 2065 424 2103 sine
449 2064 609 2102 nomine
635 2066 809 2103 auctoris
849 2066 889 2102 in
918 2065 1058 2104 eodem

87 2127 230 2169 Codice
254 2131 458 2178 repertum
487 2126 715 2178 Eginhardo
740 2127 881 2166 tribuit
897 2127 1058 2176 Sur-ius,

89 2202 140 2230 ex
168 2200 248 2241 quo
278 2189 384 2228 idem
408 2189 572 2229 offertur
594 2190 634 2227 in
662 2188 775 2228 Actis
815 2190 1058 2229 Sanctorum

91 2257 187 2292 tom.
215 2253 250 2291 4.
270 2253 378 2292 Junii
397 2263 487 2303 pag.
513 2250 603 2291 474.

143 2313 320 2355 Annales
343 2315 392 2354 ab
427 2315 542 2354 Anno
575 2313 645 2354 ’744
677 2313 727 2353 ad
765 2314 856 2353 829.
885 2315 954 2364 qui
984 2314 1060 2353 sub

93 2375 641 2418 ChroniciLaureshamensis
649 2377 808 2414 nomine
819 2376 1058 2426 quibusdam

89 2441 274 2490 veniunt,
298 2451 320 2479 a
340 2441 558 2489 Nuenario,
595 2440 762 2490 aliisque
786 2438 857 2477 sed
883 2439 969 2477 sine
990 2450 1059 2477 no-

90 2505 198 2542 mine
235 2504 410 2542 auctoris
442 2503 702 2542 editoscum
742 2500 970 2552 Eginhardo
1008 2501 1056 2540 de

88 2565 173 2604 vita
196 2565 324 2606 Caroli
346 2566 488 2616 Magni,
517 2577 659 2617 parum
701 2564 892 2615 probabili
922 2562 1056 2613 conje-

90 2631 206 2667 ctura
234 2626 285 2666 ad
312 2627 588 2677 Eginhardum
626 2632 820 2676 tanquam
850 2630 1055 2664 auctorem

0 2716 2 2731 .
90 2690 140 2729 ab
157 2689 316 2730 Andrea
340 2689 394 2729 du
432 2689 592 2730 Chesne
630 2689 792 2735 referri,
825 2691 960 2725 notare
991 2699 1054 2726 me

23 2794 28 2798 ,
92 2753 256 2792 memini
280 2763 401 2804 supra
429 2754 469 2791 in
493 2749 736 2792 ADEMARO
765 2754 793 2787 t.
826 2751 839 2788 4
864 2780 872 2797 ,
903 2761 940 2800 p.
972 2752 1032 2789 43.

14 2811 16 2818 ’
144 2814 402 2854 Breviarium
427 2811 773 2863 Chronoloqicum,
795 2813 881 2850 sive
904 2810 1056 2851 Abbre-

92 2876 215 2917 viatio
249 2875 438 2918 Chronici
457 2887 506 2915 ex
530 2874 667 2914 BEDA
690 2874 738 2913 ab
767 2873 870 2912 Orbe
899 2874 1055 2913 condito

149 3026 185 3067 a)
205 3025 427 3067 metaphrasis
442 3026 533 3057 vitae
550 3024 657 3056 Caroli
674 3026 785 3064 Magni
804 3024 956 3057 versibus
979 3028 1065 3057 Teu·

15 3079 20 3087 ¹
92 3078 217 3110 tonicis
232 3103 243 3116 ,
265 3075 324 3109 sed
358 3083 399 3107 ex
420 3074 485 3108 alio
508 3076 626 3105 Latino
650 3075 813 3113 scriptore
837 3082 939 3113 quam
962 3077 1068 3114 Egin-

92 3128 198 3160 bardo
219 3126 385 3158 adornata
410 3128 490 3156 ante
514 3131 622 3155 annos
641 3122 908 3163 quadringentos
923 3148 932 3161 ‚
954 3125 1015 3156 MS.
1033 3126 1066 3156 in

89 3177 296 3210 Bibliotheca
318 3176 480 3207 Caesarea
516 3178 599 3205 teste
624 3173 802 3204 Lambecio
840 3178 923 3204 tom.
948 3173 967 3203 Ξ.)
991 3181 1065 3213 pag.

88 3227 162 3261 585.
185 3235 253 3267 seq.
277 3230 310 3258 et
333 3227 368 3257 in
392 3224 599 3257 Bibliotheca
637 3223 788 3254 Gothana
818 3223 895 3255 vide
928 3225 1007 3256 Rev.
1029 3225 1066 3255 Ι).

88 3278 221 3310 Ernesti
245 3276 310 3308 Sal.
333 3275 492 3315 Cypriani
511 3274 706 3313 catalogum
727 3275 810 3303 MSS.
830 3281 905 3312 pag.
927 3271 998 3304 104.
1015 3282 1065 3314 sq.

100 3327 229 3359 Titulus
252 3326 331 3358 libri
347 3338 355 3357 ι
372 3325 450 3356 Daz
467 3324 516 3356 ist
533 3324 594 3356 der
610 3323 712 3355 Kuns
726 3323 834 3360 Kart,
851 3323 928 3355 dem
946 3323 1063 3355 dients

87 3378 191 3409 Rome
214 3376 306 3407 unde
339 3375 415 3408 Arl.

2011 242 2061 281 749
2073 245 2096 280 0

1139 311 1185 350 ad
1210 312 1370 351 Annum
1395 311 1548 350 Cili-isti
1570 311 1646 350 809
1672 323 1736 351 res
1751 313 1989 352 brevissime
2014 322 2102 365 per*

1139 384 1305 412 currens
1328 385 1372 412 ac
1412 375 1710 425 perstringens,
1735 386 1854 426 quam
1877 387 1926 415 ex
1956 375 2100 415 Codies·

1138 436 1330 474 Caesareo
1368 435 1489 474 edidit
1528 436 1762 476 Lambeeius
1809 442 1902 476 tom.
1930 439 1975 485 2,
2014 450 2101 489 pag.

1139 498 1336 536 3915-398.
1358 503 1479 548 atque
1502 497 1728 548 Eginhardo
1757 498 1948 550 deinceps
1972 500 2102 539 vindi-

1136 571 1225 598 eare
1245 565 1411 599 conatur
1435 562 1693 610 argumentis,
1716 562 1863 611 quibus
1885 574 1955 613 pro
1979 567 2098 614 captu

1136 633 1207 660 suo
1225 624 1288 661 vel
1305 622 1454 661 tribuet
1469 624 1638 673 quisque
1660 624 1723 661 vel
1740 623 1950 675 denegabit
1967 624 2098 663 fidem.

1187 684 1434 723 RODOLPHl
1458 685 1636 723 Monac-lii
1661 684 1707 723 de
1725 685 1931 725 miraculis
1949 689 1990 727 S.
2013 686 2102 725 Ale-

1133 746 1299 795 oeanclri.
1325 748 1364 785 S.
1385 747 1598 785 Felicitatis
1619 747 1699 794 filii,
1730 747 1827 785 liber
1850 761 1872 787 a
1907 751 1953 787 M.
1979 750 2100 800 Egiri-

1134 809 1256 847 hardo
1284 808 1504 857 absolutus,
1535 820 1625 847 cum
1657 808 1838 858 ejusdem
1882 811 2097 861 Eginhardi

1133 869 1313 922 Epistola
1335 869 1390 908 ad
1410 869 1670 909 Sunclroltum
1703 871 1986 921 Presbyterum
2021 876 2100 913 MS.

1132 934 1237 985 apud
1268 933 1499 972 Federicurn
1526 934 1700 980 Pactum,
1727 933 1909 983 Lugduni
1933 936 2102 973 Batavo-

1133 1008 1223 1035 rum
1253 1000 1389 1034 tantae
1411 996 1677 1045 antiquitatis,
1707 1000 1751 1033 ut
1772 997 1904 1046 ipsum
1924 997 2100 1036 MEGINae

1130 1058 1295 1106 HART1‚
1324 1059 1390 1108 (ita
1410 1059 1516 1097 enim
1545 1070 1691 1097 nomen
1715 1060 1904 1109 exprimit
1929 1060 1966 1097 in
1989 1060 2103 1098 sche-

1131 1121 1206 1171 dio,
1241 1120 1347 1171 quod
1384 1121 1603 1171 publicavit
1635 1121 1708 1159 hoc
1745 1123 1827 1172 ipso
1865 1121 1941 1161 An.
1972 1122 2101 1170 4734.)

1129 1183 1422 1234 autographum
1444 1194 1533 1221 esse
1558 1188 1598 1222 et
1618 1184 1754 1222 seculo
1783 1185 1853 1222 IX.
1882 1190 2096 1224 exaratum

1132 1258 1212 1285 non
1242 1246 1412 1285 dubitet.

1184 1309 1365 1359 Diploma
1394 1308 1619 1348 donationis
1644 1310 1716 1348 loci
1742 1311 1780 1348 in
1805 1311 1921 1360 sylva
1944 1310 2103 1350 Odona-

1130 1371 1276 1420 Walda,
1300 1372 1375 1411 An.
1395 1373 1472 1411 845
1495 1384 1516 1411 a
1538 1373 1793 1412 LUDOVICO
1818 1374 1882 1412 Pio
1907 1373 1956 1411 ad
1982 1374 2098 1424 Egin-

1134 1434 1301 1473 hardum
1327 1439 1460 1473 exstat
1485 1435 1589 1486 apud
1627 1435 1853 1474 Reuberum
1889 1437 1925 1473 in
1951 1436 2104 1486 praesa-

1136 1499 1267 1535 tione:
1294 1500 1335 1536 et
1359 1497 1399 1534 in
1422 1496 1534 1535 Actis
1559 1498 1796 1536 Sanctorum
1821 1502 1920 1536 tom.
1940 1498 2098 1537 sl.Junii

1137 1572 1225 1612 pag.
1254 1559 1343 1599 477.

1180 1623 1616 1674 DeperditaEginhardi
1627 1627 1722 1662 sunt
1741 1623 1837 1661 liber
1847 1621 1894 1661 cle
1909 1622 2094 1665 adventu,

1135 1684 1324 1735 moribus.
1361 1684 1472 1725 bellis
1501 1689 1539 1724 et
1573 1685 1820 1738 superstione
1862 1686 2097 1733 Saoeonum,

1134 1761 1184 1787 ex
1203 1760 1283 1799 quo
1308 1749 1529 1799 fragmenta
1553 1748 1748 1798 quaedam
1769 1747 1874 1798 apud
1894 1747 2094 1787 Adamum

1129 1813 1391 1850 Bremensem
1417 1811 1484 1849 lib.
1504 1813 1540 1850 4.
1564 1811 1657 1850 hist.
1678 1812 1934 1862 EccleS.eap.
1959 1812 1995 1849 6.
2013 1822 2098 1861 seq.

1193 1874 1366 1912 Libellus
1386 1873 1432 1912 cle
1464 1873 1592 1913 Cruce
1627 1872 1836 1912 adoranda
1870 1873 1917 1912 ad
1943 1875 2097 1924 Lupum

1137 1938 1445 1985 Feri-ariensem,
1466 1938 1534 1987 qui
1553 1936 1732 1986 Epistola
1748 1940 1889 1987 quarta
1908 1936 1955 1975 ad
1979 1937 2100 1987 Egin-

1138 2000 1321 2046 hardum7
1332 1997 1518 2048 libellum,
1530 1998 1724 2049 inquit‚cle
1733 1997 1942 2044 adoranda
1954 1998 2096 2041 Cruee.

1138 2074 1221 2101 meo
1232 2061 1386 2113 judicio
1410 2059 1679 2109 utilissimum„
1705 2072 1822 2112 quem
1847 2072 1928 2099 meo
1951 2060 2098 2099 nomini

1137 2123 1363 2172 dedicastis,
1388 2126 1434 2161 ut
1448 2134 1530 2175 par
1551 2121 1640 2174 fuit,
1660 2122 1873 2178 ampleoeas
1897 2134 2001 2162 sum.

1230 2237 1436 2278 Indiculas
1459 2249 1608 2285 eorum,
1635 2237 1689 2276 ad
1711 2249 1809 2290 quos
1833 2243 1999 2278 exstant

1347 2300 1650 2340 EGINHARDI
1670 2300 1883 2352 Epistola-«3.

1184 2426 1218 2465 Λ
1240 2427 1362 2464 misso
1387 2427 1604 2465 Dominico.
1628 2427 1689 2466 22.

1184 2488 1425 2527 Amalhario.
1447 2489 1483 2527 3.

1184 2551 1369 2602 Ansgiso.
1400 2554 1434 2590 4.

1184 2613 1384 2652 Blidthrut
1408 2615 1542 2651 sorori.
1567 2614 1627 2652 45:

1183 2677 1321 2727 Magno
1345 2677 1510 2714 Domino
1535 2685 1679 2713 servus
1701 2675 1892 2715 modicus.
1920 2677 1982 2715 42.

1183 2738 1387 2776 Dominae.
1422 2738 1484 2775 40.

1184 2799 1350 2850 Egilolfo
1370 2803 1410 2838 et
1430 2799 1660 2838 Humberto.
1687 2800 1724 2838 6.

1181 2862 1392 2912 Episcopo.
1417 2863 1480 2901 34.

1181 2923 1419 2963 Eremberto
1474 2924 1730 2965 vicedomino
1779 2933 1820 2965 et
1877 2926 2089 2967 Luithardo

1129 2986 1263 3037 presb.
1285 2987 1347 3025 42.

1184 3049 1257 3088 Ev.
1279 3049 1319 3088 S.
1341 3050 1380 3088 S.
1404 3050 1467 3089 26.

1185 3112 1229 3150 G.
1263 3112 1405 3150 Comiti
1449 3117 1569 3162 atque
1601 3114 1817 3164 Optiinati.
1850 3115 1923 3160 4³5,
1956 3115 1996 3153 N.
2023 3118 2086 3155 W.

1134 3179 1175 3213 et
1203 3174 1246 3213 G.
1279 3175 1342 3212 61.

1186 3236 1362 3275 Geboino
1393 3237 1548 3276 Comiti.
1580 3239 1614 3276 9.

1185 3299 1416 3338 Gerwardo.
1448 3301 1510 3339 44.

1186 3362 1380 3401 Gozberto
1410 3362 1562 3402 Abbati.
1592 3364 1628 3401 2.
