2500 4009
368 218 444 255 376

367 298 530 326 versum
551 299 600 325 ex
622 284 880 323 instructione
901 282 949 318 33
971 281 1019 318 ad
1041 282 1207 327 vestigia
1222 282 1320 319 MSti

365 350 520 390 Codicis
558 345 759 386 contendit
799 344 831 388 a)
873 341 1087 391 legendum
1117 353 1206 381 esse
1239 343 1319 380 sic:

368 414 516 450 Intrate
557 405 715 447 stabula
758 402 972 453 sylvestres
1015 403 1069 441 ad
1105 403 1323 454 praesepia

364 473 481 512 tauri.
498 470 555 509 ,td
573 475 747 516 tempora
766 465 911 503 saeculi
932 465 1097 504 secundi
1121 468 1324 517 vergentis

364 537 448 572 sive
473 529 692 570 desinentis
717 527 822 565 hunc
848 527 1082 577 scriptorem
1111 528 1230 580 refert
1256 529 1324 567 Se—

364 594 570 634 bastianus
615 587 758 637 Pauli,
798 589 976 627 Clericus
1014 590 1243 639 Regularis,
1282 591 1319 627 in

361 656 639 696 dissertatione
665 651 799 690 ltaliee
824 651 929 689 edita
950 652 1107 702 Neapoli
1131 652 1259 700 4744,
1283 653 1320 690 8.

361 721 408 757 de
431 718 535 768 poesi
559 716 627 754 SS.
651 716 813 752 Patrurn
833 713 1054 751 Gaecorum
1073 715 1323 753 Latinorum-

360 794 436 831 que
460 781 496 816 in
520 777 658 828 primis
673 775 876 814 Ecclesiae
893 774 1043 812 Christi
1065 777 1211 814 saeculi
1232 787 1319 827 pag.

361 844 448 881 180.
479 842 635 878 Primus
664 836 998 876 Commodianum
1029 849 1050 873 e.
1078 838 1210 876 Jacobi
1243 839 1322 876 Sir-

360 902 492 942 mondi
530 899 754 951 apographo
792 899 825 946 b)
870 898 1086 937 admodum
1130 899 1320 938 mendoso

357 966 479 1004 edidit
502 964 687 1003 Nicolaus
715 961 933 1011 ingratius,
966 961 1069 999 Tulli
1100 962 1321 1000 Leucorum

356 1027 461 1079 apud
487 1027 527 1065 S.
550 1023 746 1074 Bolgrand
771 1027 811 1060 et
840 1023 874 1060 J.
909 1023 1169 1061 Laurentium
1195 1023 1323 1072 'sypo-

358 1089 530 1139 ,eraphos
553 1088 693 1137 Regios
720 1085 848 1130 1650,
876 1085 910 1121 4.
936 1083 1080 1122 additis
1107 1085 1210 1121 notis
1233 1095 1323 1122 eru-

356 1151 465 1188 ditis.
493 1148 643 1188 Deinde
676 1146 882 1195 subjectus
907 1150 969 1183 est
993 1145 1041 1183 ad
1065 1146 1213 1183 calcem
1245 1145 1325 1195 Cy-

357 1214 508 1264 priani,
539 1210 724 1257 Minucii,
755 1207 919 1246 Arnobii
949 1212 989 1245 et
1017 1207 1110 1246 Julii
1142 1208 1323 1257 firmici,

355 1274 536 1324 ejusdem
567 1271 722 1321 ltigaltii
748 1274 788 1307 et
814 1269 910 1308 Phil.
951 1270 1071 1307 Priori
1110 1280 1205 1307 cura
1239 1269 1325 1307 illu—

355 1337 470 1373 strati
496 1333 729 1384 prodIerunt
751 1332 910 1369 Parisiis
934 1331 1062 1375 1666,
1088 1330 1151 1368 fol.
1175 1330 1323 1368 Deinde

357 1397 516 1435 omissis
542 1394 696 1444 Itigaltii
729 1394 833 1431 notis
864 1397 958 1430 tom.
990 1393 1150 1431 XXVII.
1183 1392 1324 1430 Biblio-

357 1460 493 1497 thecae
518 1459 681 1495 Patrum
707 1454 832 1505 Lugd.
858 1454 919 1493 Ab
948 1465 994 1492 eo
1025 1458 1205 1504 tempore
1229 1465 1321 1491 cum

354 1521 508 1570 Itigaltii
553 1516 1000 1564 animadversionibus,
1045 1516 1322 1565 Dodwellique

355 1583 656 1627 dissertatione.
674 1584 713 1617 et
731 1579 975 1629 praefatione
993 1580 1038 1616 l).
1054 1578 1210 1616 lIenrici
1229 1578 1324 1615 Leo-

356 1644 496 1683 nhardi
521 1640 860 1681 Schurtzlleischii
893 1652 1062 1679 recusus
1092 1644 1154 1678 est
1180 1641 1323 1678 Witte—

355 1708 472 1755 berge
496 1706 624 1751 ⁴705,
649 1705 684 1741 4.
711 1703 1044 1753 Supplementum
1072 1706 1254 1739 notarum
1283 1702 1320 1738 in

356 1770 466 1807 illum
489 1769 723 1817 scriptorem
744 1777 793 1803 ex
810 1764 955 1803 Ezech.
977 1764 1204 1814 spanhemii
1223 1762 1317 1800 Bibl.

353 1842 443 1869 cum
463 1829 609 1868 laudati
627 1826 965 1867 Schurtzsseischii
986 1826 1177 1875 glossario
1198 1829 1238 1861 et
1259 1825 1317 1861 in-

351 1893 437 1930 dice
467 1891 681 1941 separatim
720 1899 916 1927 excusum
951 1892 1014 1925 est
1044 1886 1315 1936 Wittebergae

356 1956 473 2000 ¹709,
492 1954 527 1990 li.
552 1952 759 1990 I’osteriori
782 1961 877 1988 suae
897 1950 1049 1989 Minutii
1072 1949 1213 1987 Felicis
1234 1948 1315 1986 edi-

351 2019 443 2054 tioni
471 2013 801 2054 Commodianum
832 2024 990 2062 quoqne
1015 2013 1130 2049 novis
1160 2012 1244 2049 suis
1273 2014 1314 2048 et

353 2078 504 2126 Rigaltii
527 2077 630 2113 notis
656 2075 898 2112 illustratum
921 2073 1128 2122 subjunxit
1152 2073 1214 2108 vir
1234 2072 1314 2110 cla-

353 2139 535 2175 rissimus
551 2137 722 2173 Joannes
738 2135 883 2173 Davies
901 2166 911 2182 ,
931 2134 1155 2183 Cantabrig.
1183 2132 1278 2171 ΠΜ
1302 2162 1310 2179 ,

352 2202 387 2237 8.
414 2200 472 2237 Ex
497 2200 604 2236 MSto
624 2197 765 2236 Codice
788 2199 826 2233 S.
849 2196 979 2233 Albini
1006 2194 1311 2243 Andegavensis

355 2261 436 2297 loca
457 2258 651 2308 quaedam
672 2257 859 2295 emendat
880 2257 1065 2295 baluzius
1086 2255 1132 2294 ad
1150 2256 1314 2306 Cypria-

356 2333 450 2359 num
476 2332 561 2370 pag.
589 2319 676 2357 454.
703 2319 791 2356 4523.
819 2319 906 2356 4:38.

408 2384 558 2431 Dignus
587 2385 648 2419 cst
678 2381 766 2430 pius
793 2380 854 2417 hic
877 2385 915 2416 ct
943 2380 1029 2417 cho
1054 2379 1207 2418 CHristi
1232 2379 1313 2428 ple-

355 2455 430 2482 nus
460 2444 654 2492 scriptor,
686 2442 778 2479 licet
806 2446 890 2478 arte
921 2440 1056 2488 rudis,
1092 2441 1157 2490 qui
1192 2441 1312 2478 etiam

354 2510 439 2556 post
464 2504 616 2553 Itigaltii
641 2508 681 2540 et
706 2504 851 2541 Davisii
880 2503 1122 2552 praeclaram
1151 2512 1311 2552 operam

352 2581 372 2605 a
403 2569 486 2604 viro
516 2565 687 2616 quodam
725 2565 840 2603 docto
875 2565 1050 2614 penitius
1083 2564 1312 2602 excutiatur

353 2634 471 2678 atque
503 2628 736 2666 illustretur.

407 2693 459 2729 bo
499 2689 734 2729 COMI‘L'TO
772 2689 1051 2727 Ecclesiastico
1095 2688 1310 2738 scriptores

355 2753 469 2790 medii
495 2753 581 2790 aevi
603 2755 697 2789 sunt
716 2756 872 2802 praeter
892 2751 1024 2789 ANON
1035 2751 1168 2789 YMOs
1191 2760 1311 2799 quos-

355 2814 443 2851 ‹lnrn
466 2844 474 2861 ,
521 2815 652 2851 Blim
676 2844 684 2863 ,
736 2812 783 2851 dc
836 2823 914 2862 quo
961 2823 1082 2862 supra
1134 2810 1312 2849 DIONY-

358 2877 491 2922 situs„
542 2876 675 2914 Abbas
716 2876 944 2921 Romanus,
981 2872 1308 2920 GAttLANnUS,

356 2939 438 2973 >ive
468 2937 771 2976 GERLANDtJS
801 2936 1091 2985 Lotharingus7
1130 2934 1311 2973 IIELI'E-

410 3077 441 3105 a)
468 3068 660 3100 sirmondus
703 3069 967 3107 legn21121rr1ee
1007 3067 1155 3097 stabiles
1196 3071 1317 3098 vestra

352 3119 538 3156 praesepia
564 3119 673 3150 tauri.
699 3121 734 3148 ln
759 3117 956 3157 Apographo
979 3123 1068 3149 erat.-
1090 3119 1227 3148 Intrate
1242 3121 1318 3150 sta-

357 3164 439 3194 bilis
463 3168 622 3198 silvestri
646 3169 692 3198 ad
719 3168 911 3207 praesepia
938 3168 1048 3198 Μιινὶ.

415 3214 449 3252 i»)
474 3217 619 3247 Meminit
638 3219 707 3256 ejus
725 3217 834 3248 adhuc
852 3216 968 3247 inediti
989 3221 1019 3247 ct
1040 3217 1109 3249 loca
1125 3217 1190 3249 duo
1206 3225 1321 3249 emen-

354 3261 409 3292 dat
428 3263 593 3296 Gilbcrtus
630 3268 826 3297 Gaulniinus
850 3267 889 3297 ad
913 3267 1128 3297 Eustathiutn
1151 3267 1192 3298 de
1217 3269 1321 3298 Isme-

356 3314 429 3342 niac
456 3316 484 3342 et
511 3315 651 3346 Ismenes
676 3317 844 3347 artioribus
869 3324 941 3355 pag.
972 3316 1029 3355 17,
1055 3326 1125 3356 seq.

1187 209 1550 250 COMPUTO

1395 282 1571 331 RICUS,
1595 282 1733 322 Abbas
1758 285 1973 337 Anglicus,
1999 298 2119 338 quem
2144 286 2252 326 dedit
2274 289 2369 326 Ber-

1400 343 1583 382 nhardus
1607 346 1749 386 Pezius
1772 351 1880 386 tomo
1903 348 1961 398 II,
1990 353 2102 400 parte
2125 349 2161 388 2.
2187 347 2368 387 Anocdo-

1400 408 1552 443 torum:
1589 405 1918 458 LAMBERTUS‚
1947 409 2259 458 MATTHAEUS,
2288 410 2368 449 Ma-

1401 468 1526 517 gister
1572 468 1858 509 NIGRELLUS
1880 498 1888 518 ‚
1931 469 2165 510 RABAMJS
2206 473 2369 510 Maurus

1402 530 1595 580 vulgatus
1616 542 1637 569 a
1657 531 1818 570 Baluzio
1835 536 1929 570 tom.
1948 534 1976 571 I.
1992 533 2205 572 Miscellan.
2222 534 2366 572 Petrus

1399 590 1447 629 cle
1486 593 1781 632 ROSEMIEIM
1798 623 1806 643 ‚
1844 594 2143 634 WICPERTUS
2175 599 2215 634 et
2244 594 2368 635 WIE-

1396 653 1639 704 ltAMMUS,
1678 654 1726 693 de
1761 655 1906 705 quibus
1944 655 2128 695 laudatus
2156 658 2297 696 Pezius
2327 657 2366 694 in

1398 715 1681 754 dissertatione
1720 718 1919 768 Isagogica
1954 717 2003 755 ad
2039 722 2193 757 tomum
2225 729 2368 758 secun-

1403 777 1500 815 dum
1524 776 1822 816 Anecdotorum
1847 789 1933 828 pag.
1959 779 2096 827 XXV,
2121 790 2203 830 seq.

1451 839 1470 860 *
1510 838 1703 876 Libellum
1741 840 1862 889 ignoti
1901 839 2111 878 cuiusdam
2159 842 2364 892 scriptoris

1398 900 1664 937 vetustissimi
1694 928 1701 947 ,
1742 903 1863 949 atque
1905 899 2075 939 arbitror
2115 899 2200 940 Afri
2249 907 2366 941 vetu-

1398 966 1458 998 sto
1497 961 1643 999 saeculi
1681 961 1781 998 VIII.
1812 961 1890 1000 MS.
1926 961 2020 1001 Cod.
2058 963 2362 1002 membranaceo

1398 1027 1612 1073 exceptum
1637 1021 1761 1060 habeo
1782 1022 1887 1073 apud
1909 1033 1973 1061 me
1989 1021 2150 1061 editioni
2167 1027 2364 1074 paratum.

1397 1085 1554 1122 Memini
1571 1084 1691 1122 huius
1711 1085 1748 1122 in
1771 1096 1859 1123 meo
1881 1085 2206 1123 commentariolo
2226 1084 2275 1124 de
2296 1096 2365 1123 ve-

1400 1147 1624 1184 tustissimo
1651 1147 1821 1184 Lucensi
1846 1145 1989 1186 Codice
2024 1150 2201 1197 tempore
2236 1146 2363 1187 Caroli

1400 1209 1533 1259 Magni
1553 1209 1702 1259 scripto
1720 1208 1885 1259 legendo
1907 1209 1944 1246 in
1966 1208 2363 1247 t.XLV.collectionis

1401 1271 1678 1321 opuscolorum
1701 1272 1738 1308 P.
1758 1271 1960 1322 Calogera.
1986 1269 2190 1309 Scribebat
2219 1269 2363 1310 author

1399 1344 1460 1370 an.
1478 1333 1579 1371 XIV.
1604 1333 1806 1371 Genserici
1830 1334 1977 1384 Regis,
2002 1332 2149 1372 Christi
2176 1331 2264 1370 445.

1452 1396 1525 1433 Est
1545 1395 1664 1433 etiam
1688 1394 1737 1433 de
1758 1394 1898 1433 eodem
1915 1398 2103 1445 computo
2123 1393 2280 1432 libellus
2295 1392 2363 1432 Al-

1399 1462 1459 1495 ter
1483 1467 1709 1506 anonymus
1732 1457 1915 1495 Venetiis
1938 1455 2072 1495 editus
2095 1453 2168 1494 An.
2196 1455 2297 1494 4549
2321 1454 2359 1493 h.

1399 1519 1502 1557 tituli
1521 1518 1739 1569 Compatus
1760 1529 1885 1557 novus
1904 1521 1942 1556 et
1955 1516 2263 1556 Ecclesiasticus
2284 1520 2360 1556 etc.

1396 1581 1567 1632 Regulus
1591 1581 1780 1619 carminis
1806 1579 1959 1631 legibus
1988 1579 2213 1630 adscriptas
2250 1578 2361 1617 exhi-

1398 1644 1486 1691 bet,
1511 1643 1658 1692 quibus
1686 1643 2021 1680 commentarium
2046 1651 2163 1692 prosa
2185 1641 2360 1679 oratione

1396 1704 1541 1742 adiciit.
2153 1718 2156 1722 ·

1451 1765 1766 1811 CONANTIUS,
1791 1764 1840 1803 de
1866 1776 1944 1815 quo
1968 1765 2066 1804 haec
2095 1764 2360 1815 Ildephonsus

1392 1827 1440 1865 de
1466 1827 1506 1866 S.
1529 1828 1573 1866 E.
1599 1838 1684 1877 cap.
1708 1827 1776 1865 XI.
1809 1825 2028 1866 Conantius
2051 1829 2147 1877 post
2166 1825 2358 1866 Murilam

1392 1890 1486 1939 <qui
1509 1888 1684 1928 Concilio
1705 1888 1895 1927 Toletano
1919 1889 1952 1937 a)
1978 1889 2044 1927 111.
2067 1887 2142 1927 An.
2165 1889 2241 1927 589
2267 1888 2360 1927 sub—

1389 1951 1565 2002 scripsit)
1589 1949 1792 1988 Ecclesiae
1814 1948 2046 1988 Palentinae
2062 1949 2098 1999 b)
2117 1949 2248 1989 sedem
2264 1949 2358 1989 ade-

1381 2015 1477 2062 ptus
1500 2015 1584 2061 est,
1605 2011 1705 2061 (An.
1732 2011 1835 2060 609)
1856 2010 1922 2049 vir
1945 2014 2026 2050 tam
2044 2010 2220 2062 pondere
2243 2023 2353 2050 men-

1388 2073 1436 2111 tis
1465 2084 1586 2123 quam
1615 2070 1844 2110 habitudine
1874 2072 2020 2123 speciei
2047 2072 2190 2124 yravz's
2205 2103 2217 2122 ,
2247 2085 2353 2111 com-

1386 2133 1499 2171 muni
1527 2133 1677 2184 eloquio
1711 2132 1914 2184 facundus
1949 2137 1986 2171 et
2014 2133 2184 2184 yravis,
2221 2133 2356 2173 Eccle-

1387 2195 1645 2234 siasticorum
1684 2193 1913 2247 officiorum
1942 2193 2152 2233 ordinibus
2181 2194 2354 2234 intentus

1387 2260 1422 2293 el
1453 2255 1661 2306 providus.
1699 2255 1802 2293 Nam
1844 2254 2035 2295 melodias
2076 2255 2185 2294 sonis
2229 2255 2354 2294 multa

1387 2318 1539 2357 noviter
1569 2316 1712 2365 edidit,
1744 2318 1831 2355 sive
1863 2321 1908 2356 ut
1938 2317 2122 2357 Nicolaus
2154 2317 2354 2357 Antonius

1388 2385 1482 2418 tom.
1501 2381 1528 2417 l.
1548 2379 1813 2417 Bibliothecae
1833 2380 1985 2417 veteris
2000 2380 2196 2430 Hispanae
2219 2392 2257 2431 p.
2277 2381 2354 2420 238

1388 2443 1483 2480 haec
1506 2441 1627 2479 verba
1648 2441 1813 2491 exponit
1831 2470 1839 2490 ,
1856 2440 1904 2478 ad
1925 2440 2209 2480 Ecclesiastica
2228 2441 2356 2481 officia

1388 2505 1574 2542 formavit
1598 2503 1772 2552 hymnos
1802 2502 1890 2540 sive
1912 2502 1989 2541 alia
2019 2506 2147 2542 metra
2169 2508 2239 2542 aut
2267 2514 2357 2554 pro-

1386 2579 1455 2612 sa,
1479 2576 1605 2615 eaque
1645 2565 1810 2603 musicis
1849 2563 2056 2615 adoptavit
2086 2564 2284 2614 modulis,
2310 2569 2355 2604 ut

1387 2630 1423 2665 in
1449 2628 1629 2665 Ecclesia
1653 2629 1906 2664 canerentur.
1935 2625 2169 2664 Gratianum
2192 2636 2349 2678 quoque

1385 2687 1558 2727 libellum
1587 2687 1634 2726 cle
1674 2686 1848 2725 omnium
1891 2685 2074 2726 decenter
2117 2686 2352 2738 conscripsit

1379 2750 1625 2802 proprietate
1656 2747 1912 2788 Psalmoram
1927 2780 1938 2798 ,
1965 2749 2052 2787 sive
2076 2759 2218 2800 preces
2241 2752 2354 2800 apta-

1386 2817 1446 2850 tas
1472 2812 1637 2862 psalmis
1663 2811 1834 2860 singulis
1855 2815 1895 2849 et
1915 2810 2105 2860 hymnis,
2126 2811 2192 2861 qui
2220 2811 2258 2848 in
2278 2810 2354 2850 Ec-

1385 2876 1502 2913 clesia
1538 2873 1861 2911 decantarentur.
1896 2871 2008 2912 Vioeit
2042 2871 2084 2910 in
2115 2871 2353 2923 Pontificatu

1384 2935 1556 2987 amplias
1585 2933 1752 2984 triyinta
1780 2944 1906 2972 annos
1935 2934 1994 2983 c),
2024 2931 2246 2984 diynusque
2281 2931 2352 2971 tza-

1441 3067 1474 3106 a)
1502 3067 1640 3106 Agvirre
1663 3069 1688 3097 t.
1712 3066 1752 3096 ΙΙ.
1778 3065 2009 3096 conciliorum
2029 3064 2209 3103 Hispaniae
2225 3071 2258 3103 ρ.
2279 3063 2354 3095 538.

1442 3117 1477 3155 h)
1503 3119 1573 3147 Non
1600 3114 1831 3151 Valentinae,
1861 3117 1897 3144 ut
1920 3120 2096 3152 perperam
2121 3113 2156 3144 in
2185 3111 2356 3152 prioribus

1380 3166 1507 3197 concil.
1532 3166 1625 3204 Hisp.
1648 3162 1871 3195 editionibus.

1442 3215 1474 3254 c)
1496 3214 1544 3246 Ab
1569 3217 1664 3245 Anno
1685 3212 1746 3244 60)
1769 3210 1809 3242 ad
1834 3211 1908 3242 650.
1923 3210 2128 3249 Subscripsit.
2143 3208 2199 3241 hic
2215 3210 2350 3242 Conan-

1383 3267 1447 3296 tius
1483 3264 1652 3295 Toletanis
1687 3259 1847 3293 conciliis
1870 3262 1933 3291 An.
1955 3258 2040 3297 610,
2064 3258 2150 3297 655,
2174 3258 2246 3290 658.
2276 3260 2355 3292 Vide

1383 3314 1554 3346 Nicolaum
1579 3312 1761 3343 Antonium
1795 3310 1867 3340 loco
1892 3308 2026 3341 laudato
2043 3332 2053 3347 ‚
2078 3308 2166 3348 apud
2193 3316 2298 3348 quem
2327 3313 2353 3342 ι.
