2500 4009
440 253 517 292 372

488 327 523 363 ὅ.
551 322 743 375 Epistulae
763 319 934 370 quinque
951 327 1038 366 pag.
1053 318 1117 354 24.
1143 317 1171 354 Ι.
1195 321 1236 354 et
1251 317 1314 355 IV.
1339 316 1388 355 ad

434 387 673 426 Bonisaciuin
699 385 886 430 quartum
912 381 1082 431 Papam,
1108 380 1155 417 ΙΙ.
1179 378 1227 418 ad
1252 379 1390 417 Patres

433 447 578 497 synodi
600 445 820 482 Gallicanae
845 453 966 492 super
990 442 1225 491 quaestione
1249 441 1298 479 de
1322 442 1391 479 Pa-

433 508 812 553 sehaxcongregatae
835 534 843 551 ⁷
869 504 932 541 111.
963 503 1013 541 ad
1043 504 1267 554 Discipulos
1296 513 1390 541 suos

432 576 467 605 vt
494 566 726 613 Monachos,
752 570 792 603 et
815 565 862 602 V.
884 564 932 603 ad
957 566 1192 615 Gregorium
1217 565 1390 616 primum

431 633 597 680 Papam.
624 628 759 666 itidem
791 627 839 665 de
871 627 1074 666 l‘aschate.
1106 628 1242 666 Merito
1272 627 1391 666 hasco

428 691 626 741 Epistol-as
650 691 782 737 magni
807 690 897 728 facit
917 690 1164 728 Mabillonius
1190 691 1227 727 in
1253 690 1392 727 itinere

431 753 563 791 italico
587 764 674 803 pag.
700 753 803 801 ⁶216,
829 764 912 802 seq.

483 817 517 852 6.
543 816 577 862 a)
605 814 812 853 Carmina.
843 813 891 851 α’.
923 812 1207 852 Acrostichum
1239 812 1395 853 Colum-

430 876 558 914 lmnus
595 874 778 914 IIwiaIdo
814 886 899 925 pag.
927 875 989 913 33.
1014 876 1179 925 Incipit:
1222 873 1394 914 Casibus

430 938 649 976 innumeris
665 937 1073 988 decurrunttempora
1092 936 1208 974 vitae.
1220 934 1276 981 β’.
1294 936 1395 975 Car-

431 1012 517 1038 men
539 999 594 1038 ad
615 998 800 1039 Setlzum.
829 1000 866 1035 in
907 1010 984 1048 quo
1010 999 1238 1037 detestatur
1267 999 1394 1038 avari-

428 1064 538 1100 tiam.
563 1062 729 1111 Incipit:
769 1059 934 1111 Sztsce'pc
972 1059 1086 1099 Sethe
1111 1059 1247 1099 libens.
1277 1060 1393 1110 Apud

427 1125 640 1169 Georgium
679 1123 902 1161 Fabricium
928 1124 965 1160 in
991 1124 1117 1172 poetis
1156 1123 1392 1161 Christianis

427 1198 500 1237 pag
524 1185 612 1223 779.
640 1185 843 1223 Canisium
870 1189 965 1222 tom.
1009 1186 1051 1232 1,
1089 1196 1148 1235 pa.
1181 1184 1270 1222 779.
1294 1185 1394 1224 Mes-

428 1248 683 1298 singhamum
709 1257 800 1297 pag.
831 1246 918 1285 411.
945 1247 1055 1285 Υἰηο.
1082 1247 1272 1285 Barralim
1297 1251 1390 1285 tom.

428 1311 486 1358 11,
511 1321 595 1359 pag.
628 1309 698 1347 113
721 1313 761 1346 et
793 1309 1001 1346 Usserium
1032 1320 1119 1359 pag.
1147 1311 1188 1348 11
1222 1309 1389 1359 legitur:

426 1371 591 1421 Suscipe
606 1368 790 1408 Hunalde
812 1367 1004 1407 libensAt
1014 1370 1117 1420 apud
1135 1369 1390 1409 Sirmondum

427 1433 476 1471 ad
499 1433 649 1471 calcem
672 1432 842 1481 Eugenii
865 1431 1042 1471 Toletani
1068 1462 1076 1481 ‚
1101 1433 1208 1471 Paris
1227 1461 1235 1479 ,
1262 1433 1363 1471 1619
1382 1462 1390 1481 ,

429 1495 476 1541 87
501 1499 541 1532 et
564 1499 658 1532 tom.
684 1495 742 1541 11,
780 1494 958 1544 Operum
984 1505 1072 1545 pag.
1111 1496 1201 1533 908.
1227 1495 1392 1545 Suscipe

428 1567 574 1607 quaeso
605 1554 738 1593 libens.
780 1554 831 1598 γ’.
868 1555 932 1594 Ad
965 1555 1191 1604 Fedolinm,
1229 1566 1391 1594 carmen

428 1617 626 1656 Adonium
652 1629 738 1667 pag.
771 1617 834 1655 3¹4.
861 1618 1028 1666 Incipit:
1067 1616 1210 1668 Accipe
1244 1628 1392 1669 quaeso

430 1691 531 1717 nunc
556 1677 730 1729 bipedali
748 1677 905 1716 condita
924 1690 1048 1718 versu
1064 1710 1074 1727 ,
1101 1679 1149 1717 ad
1174 1679 1291 1729 cujus
1315 1680 1392 1718 cal-

428 1753 515 1779 cem
551 1752 677 1779 annos
719 1742 873 1779 LXXII.
907 1742 1050 1779 aetatis
1087 1752 1184 1779 suae
1220 1741 1390 1779 indicat:

430 1803 543 1840 Nunc
562 1801 617 1839 acl
642 1801 886 1853 Olympiadis
909 1807 968 1840 ter
993 1813 1106 1840 senos
1129 1802 1311 1841 venimus
1333 1814 1405 1840 an-

429 1875 508 1902 nos.
533 1862 576 1901 5‘.
598 1864 862 1914 Epe‘gyramma
886 1863 932 1902 (Ie
952 1863 1130 1902 muliere.
1155 1862 1197 1904 ε’.
1217 1864 1403 1902 Monosti-

428 1925 500 1963 cha
526 1938 612 1976 pag.
651 1927 701 1964 35
727 1927 888 1976 incipit:
914 1926 1022 1964 Haec
1041 1929 1259 1977 praecepta
1290 1924 1395 1976 leqat

427 1986 562 2026 devote
586 1991 623 2025 et
646 1986 808 2038 impleat
828 1991 932 2026 actu.
959 1988 1062 2027 Haec
1099 1990 1277 2027 carmina
1302 1986 1396 2036 jun-

430 2051 524 2086 ctim
546 2049 669 2086 edidit
694 2051 851 2099 notisq3
880 2050 1095 2088 illustravit
1119 2049 1334 2087 (ioldastus
1355 2051 1391 2086 in

434 2112 693 2158 pau-annotivis
718 2111 922 2148 veteribus
948 2122 1031 2159 pag.
1064 2110 1112 2147 17
1130 2138 1138 2151 ,
1172 2122 1255 2159 seq.
1280 2112 1395 2148 Insu—

434 2171 492 2207 lae
522 2172 644 2208 1601.
679 2172 711 2208 4.
747 2172 859 2209 Nolis
887 2173 971 2208 suis
998 2172 1194 2209 illustrata
1231 2172 1393 2208 exhibet

433 2232 549 2267 etiam
577 2232 637 2267 vir
661 2230 801 2270 doetus
838 2232 1089 2270 Christianus
1127 2233 1320 2270 Daumius
1344 2231 1392 2269 ad

431 2292 578 2329 calcem
596 2292 863 2330 bistichorum
880 2294 1053 2330 Catonis.
1074 2294 1256 2343 Cygneae
1271 2293 1390 2339 1672,

431 2356 467 2391 8.
493 2353 678 2391 iididorat
719 2355 927 2402 L'sseriuS,
969 2356 1087 2393 etiarn
1130 2356 1167 2392 in
1202 2354 1392 2405 Epistolis

431 2415 646 2453 liihcrnicis
671 2426 760 2465 pag.
794 2418 865 2462 10,
893 2428 974 2466 seq.
1014 2415 1083 2454 scd
1110 2416 1289 2466 exceptis
1312 2417 1391 2454 Mo-

430 2476 619 2513 nostichis
651 2481 689 2513 et
714 2478 1022 2527 Epigrammate.
1047 2477 1292 2516 Monosticha
1321 2489 1389 2515 ex-

428 2542 535 2574 stant
558 2549 716 2587 quoquc
739 2539 843 2588 apud
869 2540 1073 2578 Canisiuni
1106 2543 1199 2576 tom.
1226 2539 1268 2587 1,
1306 2538 1388 2576 edi-

428 2600 542 2636 tionis
567 2610 693 2638 novac
718 2612 803 2651 pag.
830 2601 905 2639 7753
930 2606 969 2638 et
996 2601 1084 2639 inde
1111 2602 1148 2638 in
1172 2600 1384 2638 Bibliothe-

426 2662 483 2698 ‹-is
499 2662 655 2699 Patrum
673 2662 900 2701 Coloniensi
917 2668 957 2700 et
977 2664 1206 2709 Parisiensi,
1221 2667 1262 2700 et
1277 2662 1380 2712 apud

428 2723 760 2771 Messinghamum
779 2736 864 2775 pag.
886 2726 962 2763 408
984 2727 1102 2774 inque
1127 2725 1173 2762 iis
1197 2724 1310 2774 plura
1335 2725 1386 2762 si-

428 2785 530 2821 milia
557 2785 736 2824 distichis
762 2787 949 2833 Catonis⁷
977 2798 1077 2836 quae
1097 2785 1388 2826 OCTAVIAM)

425 2848 594 2896 cuipiam
621 2849 796 2886 Romano
825 2848 1042 2887 (loldastus
1072 2848 1221 2887 tribuit.
1259 2849 1391 2887 Mono-

427 2908 550 2945 <in-h.»
576 2914 710 2946 autem
736 2910 874 2947 eadem
903 2910 1199 2949 sui>ALCc1M
1228 2911 1387 2948 nornine

429 2971 613 3015 iaz-'untur
639 2972 674 3008 in
697 2971 786 3020 'ejus
805 2972 1000 3021 Operibus
1021 2984 1107 3022 pag.
1130 2971 1391 3011 si715.etsu1›

426 3031 678 3070 -xi.i›iilimii
705 3032 808 3071 edita
831 3045 852 3071 a
878 3034 1076 3082 iis-irione,
1103 3037 1147 3071 ut
1171 3033 1252 3071 dixi
1270 3044 1389 3083 supra

474 3092 508 3128 7.
537 3093 751 3144 lfhystlzmns
776 3094 822 3132 (le
846 3094 1022 3133 cam'cacc
1043 3098 1080 3132 et
1094 3094 1259 3133 miseria
1279 3094 1388 3135 ,vitae

426 3154 604 3193 mortalis
629 3168 716 3205 pag.
742 3158 811 3206 36,
837 3168 921 3206 seq.
943 3157 1105 3205 Incipit:
1125 3155 1297 3195 Mundus
1316 3155 1387 3194 istc

480 3307 494 3325 ,ἰ
536 3302 733 3341 polyc-arpii<
764 3307 919 3343 Loyserus
959 3306 1037 3336 hist.
1079 3310 1251 3344 poctarum
1284 3306 1383 3336 medii

421 3349 492 3375 ami
519 3357 577 3385 paz
622 3351 699 3387 157,
728 3362 739 3380 s
767 3362 798 3390 q.

1261 247 1599 288 COLUMBI

1464 318 1612 357 transit
1623 323 1660 358 et
1672 321 1843 372 quotidie
1862 322 2070 372 decrescit,
2089 323 2222 363 editus
2245 325 2420 375 primum

1463 381 1512 420 ab
1530 382 1687 421 Usserio
1705 384 1743 421 in
1759 384 1948 435 Epistolis
1970 386 2189 425 Hibernicis
2206 398 2242 437 p.
2268 387 2290 425 9
2308 415 2317 434 ,
2335 397 2423 437 seq.

1518 443 1828 484 Constantinum
1847 445 2083 496 Cajetanum
2103 448 2280 487 voluisse
2297 448 2335 487 S.
2351 448 2426 487 Co-

1464 505 1641 545 lumbani
1676 509 1824 559 scripta
1859 509 1962 548 notis
1990 515 2030 549 et
2058 512 2307 562 argumentis
2337 511 2423 550 illu-

1465 571 1590 607 strata
1609 568 1744 618 edere,
1769 572 1923 609 notavit
1942 571 2111 612 Allatius
2132 574 2169 610 in
2192 572 2332 623 apibus
2354 573 2427 611 Ur-

1465 630 1579 669 banis
1602 642 1692 682 pag.
1713 631 1776 671 74.

1519 692 1805 733 Desiderantur
1828 695 2064 734 Columbani
2097 695 2215 735 Liber
2250 694 2426 736 Psalmo-

1467 764 1560 791 rum
1589 755 1675 792 sive
1699 756 1946 804 llymnorum
1964 787 1973 805 ,
2012 769 2131 808 quem
2156 758 2315 797 elimato
2345 768 2429 796 ser-

1469 826 1584 854 mone
1604 815 1652 854 ab
1675 815 1927 855 adolescente
1944 817 2074 857 adhuc
2091 821 2284 870 scriptum
2305 823 2429 857 testa-

1467 883 1533 917 tur
1558 878 1789 927 Sigebertus
1812 879 2112 918 Gemblacensis
2136 882 2263 932 capite
2283 880 2332 918 60
2356 892 2429 920 un-

1467 940 1515 978 de
1545 940 1790 978 Trithemius
1813 945 1948 990 posset
1977 941 2103 979 videri
2134 942 2275 982 fecisse
2316 942 2427 983 Com-

1467 1001 1756 1041 mentariorum
1784 1000 1931 1040 librum
1957 1002 1998 1041 in
2018 1005 2140 1042 totum
2161 1003 2399 1043 Psalterium
2414 1034 2427 1053 ,

1468 1076 1587 1115 quem
1613 1075 1634 1102 a
1659 1064 1903 1103 Columbano
1924 1064 2095 1114 eleganti
2111 1065 2216 1116 stylo
2233 1066 2427 1116 scriptum

1466 1129 1520 1166 ait
1539 1138 1622 1177 cap.
1645 1126 1721 1165 223
1743 1125 1813 1165 sed
1829 1127 2088 1177 expositionis
2102 1127 2336 1167 Columbani
2359 1138 2427 1166 su-

1467 1201 1537 1240 per
1575 1199 1714 1227 omnes
1744 1189 1922 1228 Psalmos
1960 1189 2146 1228 meminit
2174 1190 2294 1228 etiarn
2324 1189 2428 1241 apud

1466 1251 1700 1290 Goldastum
1722 1252 1758 1288 in
1779 1252 2041 1301 paraeneticis
2056 1263 2142 1303 pag.
2164 1250 2227 1292 72.
2248 1252 2431 1291 Hartmo-

1467 1319 1556 1360 tus,
1582 1314 1650 1363 qui
1675 1312 1807 1352 Abbas
1838 1313 1876 1351 S.
1907 1313 2008 1351 Galli
2038 1313 2113 1352 fuit
2134 1314 2238 1352 circa
2267 1312 2430 1352 Annum

1466 1376 1541 1413 880
1567 1377 1670 1413 inter
1698 1375 1817 1413 libros
1838 1375 1877 1412 in
1901 1375 2144 1414 Bibliotheca
2167 1376 2206 1415 S.
2229 1375 2331 1415 Galli
2355 1386 2427 1414 suo

1467 1443 1644 1488 tempore
1669 1441 1910 1476 asservatos.
1928 1435 2046 1476 Liber
2071 1441 2210 1476 contra
2229 1436 2404 1477 Arianos
2419 1469 2429 1486 ‚

1467 1501 1516 1539 de
1541 1511 1620 1550 quo
1643 1502 1766 1538 Jonas
1791 1501 1828 1538 in
1860 1501 1943 1539 vita
1965 1510 2051 1550 cap.
2076 1500 2126 1540 29
2151 1504 2191 1539 et
2220 1500 2432 1540 Columba-

1467 1574 1543 1601 nus
1570 1564 1651 1612 ipse
1679 1562 1857 1612 Epistola
1884 1563 1922 1600 1.
1949 1562 2093 1602 Confer
2115 1562 2325 1601 Mabillonii
2356 1562 2430 1599 iter

1467 1624 1647 1662 Italicum
1671 1635 1757 1674 pag.
1784 1623 1886 1670 216,
1926 1634 2009 1673 seq.
2049 1622 2257 1663 Adversus
2285 1625 2427 1674 Reqem

1465 1684 1693 1723 adulterum
1707 1717 1717 1733 ,
1740 1685 1845 1736 quod
1870 1689 2064 1724 memorat
2086 1686 2230 1725 Baleus
2253 1685 2355 1724 XIV.
2375 1685 2424 1724 12

1466 1747 1512 1785 ad
1550 1747 1838 1786 Theodoricum
1867 1748 2015 1798 Regem
2044 1746 2275 1786 Austrasiae
2304 1748 2431 1798 respi-

1477 1810 1556 1857 cit,
1593 1820 1713 1859 quem
1737 1809 1786 1847 ob
1810 1809 2141 1848 consuetudinem
2166 1819 2259 1848 cum
2282 1810 2434 1848 Brune-

1477 1871 1581 1909 hilde
1601 1882 1623 1909 a
1647 1871 1890 1910 Columbano
1911 1875 1951 1909 et
1973 1881 2105 1910 coram
2124 1875 2165 1909 et
2187 1881 2258 1921 per
2280 1871 2433 1910 litteras

1470 1934 1622 1972 sortiter
1645 1933 1935 1984 reprehensum
1969 1932 2090 1971 refert
2112 1933 2234 1971 Jonas
2265 1933 2306 1970 in
2344 1931 2431 1983 ejus

1469 1997 1551 2033 vita
1572 1996 1701 2045 capite
1728 1995 1790 2033 18.

1524 2055 1805 2106 ΟΙινίεΐορῘιονί
1834 2057 2055 2095 COLUMBI
2092 2057 2344 2102 Genuensis‚
2383 2056 2432 2094 ab

1468 2117 1542 2156 An.
1571 2118 1673 2156 1192
1699 2122 1885 2167 suscepta
1911 2119 2134 2168 navigatio,
2169 2129 2247 2168 qua
2276 2117 2431 2157 duabus

1468 2182 1639 2230 primum
1661 2191 1680 2217 a
1708 2180 1811 2227 Rege
1832 2180 2050 2229 iviispaniar.
2081 2179 2327 2218 Ferdinando
2362 2179 2432 2217 de—

1469 2242 1558 2281 inde
1582 2243 1701 2280 XVII.
1740 2241 1944 2280 liburnicis
1967 2241 2142 2291 acceptis
2166 2251 2250 2279 rem
2287 2241 2336 2280 ab
2364 2241 2433 2280 ho-

1468 2305 1619 2342 minum
1646 2302 1834 2342 memoria
1859 2303 2033 2341 maxima
2067 2305 2130 2341 est
2165 2302 2344 2354 orditus⁷
2369 2304 2429 2340 vi-

1465 2376 1609 2415 amque
1626 2365 1675 2403 ad
1691 2375 1841 2403 novum
1862 2365 2008 2403 Orbem
2024 2365 2244 2416 Europaeis
2261 2366 2429 2416 aperuit,

1467 2429 1602 2466 Latine
1626 2427 1824 2477 descripta
1843 2427 1987 2477 legitur
2004 2427 2041 2464 in
2060 2427 2234 2466 Simonis
2251 2426 2424 2476 Grynaei

1465 2501 1567 2528 novo
1591 2489 1720 2539 Orbe,
1745 2488 1923 2527 Basileae
1939 2489 2061 2537 ⁴532,
2086 2488 2149 2527 fol.
2170 2484 2260 2539 pag.
2277 2488 2340 2527 90.
2357 2489 2430 2526 La-
2498 2504 2500 2516 ι

1462 2554 1543 2592 tine
1568 2553 1689 2590 vertit
1726 2563 1775 2589 ex
1813 2551 2025 2601 Hispanico
2049 2549 2326 2600 Archangelus
2349 2551 2430 2589 Ma-
2499 2582 2500 2585 ,

1458 2615 1690 2664 drignanus.
1715 2611 1842 2663 liujus
1863 2612 2044 2651 Columbi
2066 2621 2213 2650 nomen
2237 2612 2277 2649 in
2301 2610 2427 2650 Abra-

1460 2677 1564 2714 hami
1590 2675 1771 2713 Perissoli
1797 2673 1936 2713 Judaei
1960 2673 2169 2711 itineribus
2192 2671 2353 2721 Mundi,
2373 2671 2421 2712 A.

1466 2738 1567 2776 1536
1589 2737 1802 2787 expositis,
1820 2737 1872 2774 ita
1893 2734 2079 2773 scribitur
2094 2745 2182 2785 pag.
2201 2731 2292 2773 117.
2310 2732 2425 2773 Chri-

1463 2797 1593 2837 stoaal
1621 2796 1806 2838 Columbi
1834 2794 2044 2835 Genuensi.
2083 2796 2213 2835 Vitam
2244 2795 2425 2835 Columbi

1466 2861 1635 2912 prodidit
1654 2860 1852 2900 Antonius
1868 2859 2006 2898 Gallus
2024 2871 2030 2896 :
2055 2857 2173 2909 digno
2196 2856 2319 2907 elogio
2338 2867 2426 2906 pro—

1466 2928 1630 2963 secutus
1659 2928 1721 2962 est
1754 2923 1923 2962 Ubertus
1951 2920 2099 2960 Folieta
2128 2920 2168 2958 in
2201 2917 2320 2966 libro,
2345 2929 2424 2967 quo

1465 2987 1591 3025 claros
1622 2986 1785 3035 Ligures
1809 2984 1842 3030 a)
1871 2982 2099 3022 celebravit.
2137 2981 2296 3019 Iconem
2331 2989 2423 3017 aere

1464 3047 1628 3099 pulchre
1650 3056 1881 3096 expressam
1912 3043 2022 3082 dedit
2041 3043 2202 3081 Isaacus
2220 3039 2423 3079 Bullartus

1464 3115 1558 3148 tom.
1584 3109 1615 3147 11
1635 3138 1643 3157 ,
1667 3106 1902 3146 Academiae
1929 3105 2193 3144 Scientiarum
2217 3113 2305 3153 pag.
2328 3103 2418 3142 265.

1519 3171 1605 3222 (79.
1624 3171 1678 3208 De
1699 3167 1889 3208 Columbo
1909 3165 2070 3205 vidend.
2090 3163 2177 3205 Vita
2198 3161 2242 3202 di
2259 3161 2326 3203 Cr.
2347 3163 2420 3203 Co-

1510 3354 1544 3391 a)
1568 3356 1602 3384 Τ.
1626 3355 1651 3384 i.
1675 3352 1834 3384 Thesauri
1862 3348 1977 3380 ltaliae
2000 3349 2180 3380 Graeviani
2207 3358 2242 3389 p.
2260 3347 2335 3386 770,
2349 3355 2418 3387 seq.
