2500 4009
430 194 504 233 1¹¹⁴

480 266 559 305 Nic.
585 266 771 303 Iteusneri
793 261 1135 311 hodoeporicorum
1161 259 1245 296 sive.
1270 259 1381 297 itine—

428 340 514 366 rum
532 329 652 365 totius
670 327 746 363 sere
762 324 874 361 Orbis
890 322 975 360 libri
997 322 1075 359 t'll.
1092 321 1207 359 Basil.
1229 321 1325 360 ¹580
1343 321 1378 359 8.

479 390 630 438 Georgii
655 386 784 425 Sabini
811 386 883 422 iter
912 383 1089 421 Italicum
1112 387 1205 421 tom.
1230 383 1261 422 V
1284 382 1380 422 deli-

425 454 571 489 ciarum
607 453 806 498 poetarum
830 445 1153 484 Germanicorum
1190 455 1276 495 pag.
1301 445 1377 484 950

427 514 501 549 975
524 512 621 551 itin
647 508 999 558 peregrinationem
1019 506 1203 546 stanislai
1219 517 1241 545 a
1257 507 1377 545 Lasco

424 586 506 624 pag.
536 572 627 610 ¹037
654 582 735 620 seq.

471 634 660 671 ,lobannis
697 632 867 671 Secundi
904 633 1098 670 itineraria
1128 632 1226 679 tria,
1252 631 1377 681 Belgi-

420 708 533 733 cam.
557 695 748 733 Gallicum
772 700 809 733 et
840 694 1089 745 Hispanicum
1110 723 1117 734 .
1138 693 1280 732 edente
1304 694 1377 732 Da-

423 758 521 795 niele
545 758 726 802 Heinsio,
753 756 872 805 Lugd.
899 758 980 795 Bat.
1010 756 1109 795 1618
1129 756 1164 794 8.

478 822 493 839 *
518 818 629 857 Adde
653 818 807 857 Arsenii
831 818 1034 857 Elassonis
1056 818 1236 868 Episcopi
1259 818 1375 855 ltine-

421 883 564 920 rarium
591 881 812 919 llieremiae
838 881 867 919 ll
894 879 1135 931 patrIarcliae
1164 881 1304 930 Cptani
1336 881 1373 917 in

419 944 669 992 Bloseoviam,
685 943 747 982 ubi
772 947 811 981 et
831 942 1120 981 Patriarehatus
1137 942 1372 980 Moscovitici

423 1006 615 1043 institutio
654 1010 845 1044 narratur.
886 1004 1105 1053 Vulgarunt
1139 1003 1371 1054 opusculum

423 1066 514 1105 illud
538 1068 609 1105 viri
639 1067 865 1110 clarissimi.
891 1067 956 1117 qui
977 1066 1205 1115 Catalogum
1236 1065 1373 1103 Biblio-

421 1128 475 1166 th.
501 1130 605 1167 tiss.
636 1129 830 1168 Athenaei
859 1129 1112 1167 Taurinensis
1153 1127 1309 1166 edidere
1344 1130 1370 1164 t.

423 1191 462 1229 l.
495 1192 581 1229 4:33.

471 1251 701 1304 ;.-lr·nulphi)
714 1253 884 1291 Libellus
904 1252 952 1290 de
968 1253 1045 1291 situ
1062 1252 1374 1290 terraellieroso-

423 1314 654 1363 lymitanae:
672 1316 791 1354 Extat
809 1316 844 1353 in
856 1316 930 1353 MS.
947 1313 1039 1352 (lod.
1058 1315 1157 1351 291).
1174 1312 1371 1352 Yauclerc.

421 1377 666 1415 §renisam-on
692 1377 785 1415 Bibl.
806 1378 911 1415 MSS.
934 1388 1019 1426 pag.
1046 1376 1159 1414 4302.

475 1438 706 1477 Borma-dus
741 1438 951 1476 monachus
986 1438 1191 1487 scripsisse
1217 1435 1374 1475 videtur

425 1502 671 1539 Itinerarium
689 1512 806 1539 suum
826 1500 1208 1538 Ilierosolimitanum
1222 1529 1230 1543 ‚
1255 1511 1276 1536 e
1296 1510 1373 1548 quo

427 1563 611 1601 nonnulla
628 1563 692 1600 dat
715 1562 919 1602 Albericus
936 1563 972 1599 in
989 1561 1170 1599 chronico
1183 1561 1230 1599 ad
1248 1573 1280 1599 a.
1299 1562 1373 1599 970

428 1627 519 1662 item
546 1624 592 1662 ad
617 1636 763 1662 annum
796 1625 892 1663 ¹012
919 1626 954 1662 P.
983 1625 1119 1661 Pezins
1137 1624 1172 1660 in
1191 1623 1376 1661 disserta-

428 1688 532 1723 tione
559 1687 748 1732 isagogica
775 1687 811 1723 in
837 1687 1005 1736 primum
1031 1690 1181 1723 torpunt
1201 1684 1378 1722 Anecdo—

428 1754 554 1785 torum
580 1748 712 1785 scribit
737 1752 871 1785 extare
898 1750 933 1784 in
952 1746 1128 1785 Bibliotli.
1152 1746 1379 1783 Wassofon-

428 1814 533 1847 tana.
558 1811 622 1859 qui
648 1810 832 1846 Bavariae
857 1809 966 1847 locus
986 1813 1072 1854 est7
1097 1806 1272 1845 codicem
1293 1818 1379 1844 sae-

424 1871 499 1907 ‹·nli
528 1871 602 1910 lx,
630 1871 666 1907 in
693 1882 770 1919 quo
794 1870 948 1908 libellus
972 1869 1136 1908 Eudoxii
1162 1869 1318 1907 Diaconi
1335 1867 1381 1907 cle

426 1930 518 1969 locis
538 1931 702 1979 sanctis,
728 1930 798 1969 ubi
823 1931 1011 1970 Dominus
1042 1929 1213 1982 pedibus
1243 1929 1382 1969 ambu-

425 1993 532 2031 lavit.

475 2056 528 2093 l›‹·
548 2055 664 2093 claris
689 2055 923 2094 ANTONIIS
945 2059 1104 2093 exstant
1124 2054 1209 2092 libri
1231 2055 1281 2092 Ill
1302 2052 1381 2091 An-

423 2115 517 2152 tonii
537 2115 728 2163 &aridei-i,
753 2117 938 2154 Canonici
966 2116 1161 2166 lprensis:
1190 2116 1295 2165 typis
1313 2126 1380 2153 ex-

423 2177 555 2225 scripti
575 2177 884 2216 Lovaniensibus
903 2177 1000 2216 1627
1021 2175 1102 2225 4.“’,
1119 2176 1380 2227 quorumpri-

424 2249 508 2275 nens
543 2237 732 2275 Antonios
764 2244 804 2275 et
841 2239 1060 2277 Antoninos
1097 2240 1379 2277 sanctimoniae

422 2301 526 2337 vitae
553 2299 916 2345 ‹rlaros,see1cri(lies
953 2301 1127 2339 illustres
1163 2300 1376 2351 dignitate,

423 2361 561 2399 tertius
590 2361 764 2400 doctrina
789 2367 827 2399 et
851 2364 1008 2412 scriptis
1035 2362 1235 2409 celebres,
1257 2367 1376 2412 atque

422 2425 457 2459 in
489 2422 549 2460 nis
572 2425 688 2460 etiarn
714 2423 760 2461 ad
787 2425 1013 2462 institutum
1039 2435 1171 2462 meum
1197 2428 1378 2474 spectan-

420 2490 480 2521 tes
503 2487 774 2535 persequitur.
799 2497 898 2535 qnos
933 2497 1144 2536 excerpere
1176 2490 1216 2523 et
1247 2486 1379 2523 obser-

420 2548 522 2583 vatis
559 2546 645 2596 ejus
683 2558 793 2593 mea,
818 2548 993 2597 aliosque
1030 2549 1147 2586 etiam
1183 2547 1374 2586 Antonios

419 2608 631 2657 adjungere
647 2609 812 2658 juvabit.

472 2670 651 2708 ,tx'soxl
661 2671 718 2707 [js
731 2670 822 2709 Ord.
839 2671 1095 2710 Praedicator.
1115 2673 1152 2710 in
1165 2672 1370 2719 Tlieologia

418 2732 598 2776 Magister
621 2734 775 2782 scripsit
795 2731 1058 2772 conclusiones
1082 2733 1278 2784 quasdam
1292 2744 1369 2784 per

417 2791 622 2831 schismate
645 2798 738 2832 tunc
777 2796 877 2832 inter
913 2795 1011 2833 duos
1046 2796 1252 2834 Pontifices
1281 2806 1369 2833 ver-

420 2861 545 2902 sante,
570 2860 607 2892 et
633 2867 700 2905 pro
738 2856 800 2894 illo
839 2857 1025 2905 sedando.
1051 2869 1246 2908 quaerens
1270 2857 1365 2908 quid

420 2916 517 2953 Iacto
539 2929 636 2967 opus
661 2919 728 2964 sit,
755 2924 947 2969 negatque
972 2921 1075 2958 viam
1101 2922 1364 2959 renunciatio-

419 2978 477 3014 nis
496 2984 732 3029 spontaneae
749 2981 796 3018 ab
817 2985 979 3030 utroque
994 2982 1148 3021 aemulo
1164 2987 1367 3032 praestan-

421 3039 490 3075 dae
514 3052 597 3078 eain
623 3052 727 3089 esse,
752 3053 851 3091 quae
875 3042 1036 3081 duceret
1059 3043 1106 3082 ad
1132 3056 1267 3096 pacem
1289 3045 1365 3083 Ec-

419 3102 568 3140 clesiae.
609 3104 804 3154 Scriptum
847 3103 933 3154 ejus
973 3107 1137 3144 inseruit
1173 3105 1361 3157 Aegidius

421 3162 628 3202 bellanti-ra
652 3167 771 3203 JCtns
798 3167 832 3203 in
869 3178 940 3205 suo
964 3171 1132 3206 tractatu
1157 3169 1359 3207 occasione

420 3223 592 3261 eiusdem
630 3226 860 3266 Seliismatis
901 3228 1026 3276 edito,
1066 3235 1106 3268 ct
1143 3231 1244 3269 inter
1272 3229 1359 3280 ejus

419 3284 575 3323 consilia
594 3286 746 3327 inserte.
760 3289 818 3328 An
841 3301 932 3329 vero
952 3296 1142 3332 tractatus
1167 3292 1239 3333 istc
1254 3291 1360 3343 typis

1228 174 1617 228 ,txrox‘ius

1454 259 1635 311 prodierit
1658 258 1784 299 adbuc
1810 260 1952 311 ignoro.
1979 261 2142 301 Vivebat
2158 263 2232 303 sub
2247 265 2397 305 exitum

1453 323 1598 362 saeculi
1619 323 1718 362 XIV.

1503 383 1753 424 ANTONIUS
1779 383 1826 424 de
1851 384 2012 424 Ancona
2039 386 2196 436 ltaliae,
2217 386 2408 439 Augusti-

1451 449 1616 496 manus,
1638 448 1811 498 Scriptor
1834 447 2112 497 Quaestionum
2132 449 2171 487 in
2190 448 2405 501 Epistulam

1449 507 1596 547 Jacobi.

1501 571 1748 610 ANTONIUS
1777 570 2013 619 ANDREAE,
2039 571 2197 611 Ordinis
2225 573 2406 613 Fratrum

1448 635 1638 672 Minorum
1655 633 1858 681 Itegnlaris
1873 633 2160 676 observantiae,
2173 633 2406 685 Aragonius‚

1448 697 1552 733 Seoti
1568 695 1612 733 Α.
1634 696 1733 733 1308
1749 694 1922 733 defuncti
1939 694 2172 745 discipulus,
2191 694 2408 746 Dulcifluus

1446 761 1729 805 cognomento,
1759 756 1807 794 de
1841 767 1918 805 quo
1954 759 2109 806 praeter
2140 756 2408 808 Waddingum

1447 820 1524 858 Nic.
1542 818 1738 857 Antonius
1758 822 1852 855 tom.
1869 818 1900 856 ll
1919 817 2012 856 Bibl.
2031 819 2178 857 veteris
2193 819 2299 870 Hisp.
2320 829 2405 870 pag.

1447 882 1508 919 97.
1534 882 1691 931 scripsit
1708 882 1746 918 in
1763 881 1848 919 XII.
1873 879 2231 930 Metaphysicoruin
2254 879 2404 920 Aristo-

1447 945 1535 982 telis
1551 943 1669 982 libros
1679 942 1956 990 Quaestiones,
1973 941 2100 981 editas
2115 938 2271 982 Parisiis
2287 943 2402 983 4495.

1447 1007 1571 1044 Yenet
1606 1006 1720 1044 1513.
1748 1006 1790 1043 In
1811 1003 1929 1043 libros
1948 1004 2046 1043 VIII.
2070 1003 2348 1054 Physicorum:
2366 1006 2405 1043 in

1447 1069 1508 1107 lib.
1535 1067 1855 1118 perihermenias.
1889 1066 2152 1112 Quaestiones
2176 1077 2248 1106 sex
2265 1068 2410 1118 princi-

1446 1132 1597 1181 piorum
1625 1129 1725 1167 Guil.
1765 1128 1964 1168 Porretani
2001 1138 2122 1179 super
2147 1132 2233 1168 arte
2267 1129 2405 1168 veteri.

1445 1193 1481 1231 h.
1499 1205 1532 1230 e..
1551 1193 1588 1230 in
1606 1193 1808 1241 Isagogem
1821 1189 2022 1241 Porphyrii
2039 1189 2407 1231 etPraedicamenta

1444 1259 1484 1292 et.
1507 1253 1917 1304 Postpraedicamenta
1935 1251 2160 1291 Aristotelis
2182 1256 2222 1291 et
2240 1251 2289 1292 de
2308 1251 2408 1292 divi-

1445 1316 1620 1354 sionibus
1644 1315 1777 1353 Boiitii.
1811 1314 1948 1352 Venet.
1983 1313 2110 1364 4480,
2136 1313 2264 1361 4509,
2290 1312 2405 1355 1517.

1445 1379 1487 1416 ln
1511 1377 1627 1416 libros
1647 1380 1816 1426 quatuor
1838 1376 2134 1415 Sententiarum
2149 1406 2160 1424 ,
2182 1375 2285 1426 quod
2306 1386 2406 1427 opus

1445 1445 1544 1490 post.
1570 1451 1589 1477 a
1616 1441 1654 1477 F.
1680 1439 1910 1478 Constantio
1943 1438 2120 1477 Sarnano
2156 1437 2305 1477 editum
2342 1443 2406 1478 est

1446 1503 1621 1540 Venetiis
1637 1531 1645 1545 ,
1663 1503 1701 1539 in
1726 1501 1788 1539 fol.
1816 1499 1916 1540 4572
1935 1529 1943 1549 ,
1962 1498 2076 1539 1578.
2101 1499 2206 1539 Obiit
2227 1498 2408 1540 Andreas

1448 1565 1549 1602 circa
1575 1562 1648 1602 An.
1675 1565 1719 1602 D.
1745 1563 1858 1601 ⁴:320.

1502 1624 1522 1648 ⁹⁶
1546 1627 1704 1664 Praeter
1719 1625 1836 1663 libros
1852 1624 1913 1662 hic
1930 1623 2120 1663 indicatos
2136 1625 2292 1675 scripsit
2307 1625 2408 1675 pari-

1450 1692 1510 1725 ter
1533 1691 1744 1725 tractatum
1767 1685 1813 1724 de
1835 1684 2058 1736 sylloqismo
2082 1684 2405 1735 demonstrativo,

1450 1753 1490 1786 et
1513 1747 1559 1785 de
1581 1746 1803 1799 sylloyismo
1842 1745 1978 1797 topice,
2001 1757 2102 1797 quae
2143 1757 2262 1798 opera
2289 1748 2406 1787 simul

1457 1810 1586 1847 omnia
1612 1820 1689 1848 una
1712 1819 1804 1847 cum
1830 1807 2181 1858 praecedenUhus,
2204 1819 2347 1860 nempe
2368 1808 2410 1848 in

1456 1870 1575 1911 lz'bros
1607 1869 1940 1922 perihermenias,
1965 1868 2006 1908 in
2029 1868 2248 1909 Gilbcrtum
2267 1871 2409 1910 Porre-

1455 1937 1591 1972 tanum
1613 1936 1651 1971 et
1677 1932 1718 1971 in
1752 1930 1958 1970 Boethium
1995 1931 2118 1971 habeo
2154 1943 2205 1972 ex
2238 1933 2407 1972 editione

1455 1995 1690 2033 Bononiensi
1706 1995 1880 2033 mimi
1911 2005 1960 2032 ex
1985 1995 2225 2034 correctione
2240 1995 2343 2034 Petri
2358 1995 2407 2034 dc

1456 2057 1570 2095 Senis
1592 2055 1739 2094 ordinis
1764 2056 1971 2093 minorum.
1992 2055 2052 2094 Ex
2072 2066 2188 2106 opere
2212 2054 2258 2095 de
2280 2054 2409 2096 tribus

1450 2117 1659 2168 principiis
1683 2116 1774 2155 Ant.
1812 2116 1992 2155 Andreae
2026 2117 2222 2167 quaedam
2242 2117 2406 2158 adduxit

1455 2181 1580 2218 Lucas
1599 2178 1647 2217 dc
1672 2181 1799 2228 Burgo
1826 2180 1863 2216 S.
1882 2178 2059 2228 Sepulcri
2085 2179 2121 2216 in
2147 2190 2218 2218 sua
2237 2178 2408 2218 Aritme-.

1455 2243 1528 2279 tica
1552 2241 1698 2290 dequo
1734 2244 1938 2291 postremo
1977 2250 2093 2290 opere
2122 2240 2333 2280 Fabricius.
2361 2241 2407 2280 V.

1455 2302 1754 2341 LEONARDUS
1777 2302 1954 2340 Pisanus.

1503 2364 1751 2404 ANTONIUS
1765 2375 1790 2401 α
1805 2364 1843 2402 S.
1860 2361 2024 2413 Αηῃεῖο,
2040 2363 2252 2402 Patavinus
2266 2363 2406 2412 Jews,

1451 2426 1621 2465 decessit
1637 2426 1708 2465 An.
1727 2427 1792 2465 1-11
1806 2428 1839 2465 1.
1857 2426 2008 2475 Scripta
2022 2423 2108 2475 ejus
2125 2425 2232 2464 nulla
2247 2426 2407 2465 memini

1452 2489 1597 2527 referri.

1502 2549 1750 2589 ANTONIUS
1766 2548 1935 2589 ARENA
1955 2580 1963 2598 ‚
1979 2548 2231 2588 l‘rovincialis
2253 2547 2302 2588 de
2317 2550 2410 2588 Bra-

1446 2612 1678 2662 gardissima
1698 2612 1790 2651 villa
1814 2612 1861 2650 de
1884 2612 2053 2661 Soleris,
2074 2611 2232 2665 scripsit
2249 2610 2299 2650 ad
2314 2621 2408 2650 suos

1445 2685 1734 2724 compagnones
1762 2674 2010 2721 studiantes‚
2035 2673 2102 2723 qui
2126 2676 2222 2711 sunt
2249 2671 2298 2710 de
2317 2682 2404 2723 per-

1445 2746 1539 2773 sona
1564 2736 1726 2774 triantes
1743 2765 1751 2784 ,
1772 2736 1911 2775 bassas
1931 2735 2076 2777 dansas
2096 2735 2135 2774 iu
2150 2733 2293 2785 galanti
2313 2733 2402 2772 stilo

1442 2797 1666 2848 bisognatas
1684 2827 1692 2846 ‚
1712 2809 1803 2837 cum
1827 2809 1968 2849 guerra
1990 2798 2187 2844 Romana,
2207 2798 2335 2834 totum
2351 2793 2402 2833 ad

1441 2859 1599 2906 long-rum
1625 2862 1709 2899 sine
1726 2862 1882 2911 require.
1897 2891 1908 2909 ,
1925 2863 1967 2898 et-
1988 2869 2082 2898 cum
2099 2867 2238 2909 guerra
2257 2856 2405 2907 Neapo-

1439 2921 1557 2959 litana
1576 2951 1583 2970 ,
1598 2926 1743 2961 etcum
1761 2921 1941 2960 revoluta
1958 2918 2158 2959 Genuensi
2174 2946 2184 2966 ,
2205 2920 2245 2956 et
2263 2927 2403 2967 guerra

1438 2981 1728 3031 Aventonenst,
1752 2987 1793 3021 et
1815 2983 2021 3033 epistolam
2047 2979 2097 3019 ad
2130 2978 2402 3018 salotissimam

1437 3056 1591 3093 garsam
1613 3056 1681 3096 pro
1701 3043 1895 3095 passando
1915 3043 1951 3081 lo
1973 3046 2152 3092 tempus.
2176 3039 2290 3079 Liber
2309 3039 2404 3077 scri-

1435 3110 1527 3156 ptus
1550 3107 1599 3146 ab
1621 3111 1757 3146 autore
1773 3102 2066 3154 studiosojuris
2087 3101 2311 3150 Avenione,
2326 3099 2399 3140 An.

1435 3169 1533 3207 4519
1559 3168 1740 3207 versibus
1763 3167 1947 3217 elegiacis
1964 3195 1973 3214 ,
1988 3163 2225 3203 dictionibus
2248 3163 2397 3202 Latinis

1432 3234 1472 3268 et
1488 3230 1608 3269 Gallis
1624 3229 1782 3269 ridicule
1796 3224 2226 3279 permixtusAEjusdem
2241 3235 2340 3277 opus
2349 3223 2398 3264 de

1432 3292 1532 3332 bello
1552 3290 1793 3332 Massiliensi.
1818 3289 1923 3328 Haec
1943 3286 2159 3329 Sanderus.
