2500 3841
908 229 1254 269 DONNtzO

81 309 174 344 neto
206 313 323 353 opere
361 301 410 340 de
445 300 623 348 balneis,
652 302 766 340 1554.
793 303 828 338 in
862 302 922 340 fol.
954 313 1041 352 pag.

139 397 146 404 .
178 377 220 404 se
254 396 261 402 .

83 368 154 448 90*
183 377 351 474 chripsit
378 427 537 473 praeter
571 422 669 461 haec
698 434 721 462 a
751 424 911 462 nemine
935 422 1041 473 quod

79 488 202 526 sciam
221 485 437 523 indicatum
470 484 679 534 bucusque
704 485 942 535 opusculum
969 485 1041 522 hoc

79 549 196 587 titulo
217 561 224 586 :
245 546 388 586 Modus
415 545 577 585 vivendi
595 549 766 597 tempore
785 545 1046 597 pestilentiali

80 609 320 662 compositus
343 620 422 659 per
445 610 490 647 R.
521 608 761 659 Maqistrum
787 609 977 646 Jocninem
997 607 1044 646 de

79 671 229 712 Doridis
248 670 295 710 de
326 670 508 722 0r0t091·0
537 669 708 709 illustris
732 672 778 708 D.
807 670 930 708 Ducis
964 671 1044 708 ,lle-

76 733 318 774 dzolanensis
331 732 600 773 venerabilem
610 733 807 771 Medicum
825 732 879 771 ad
897 732 1044 771 instan-

76 796 173 836 tiam
192 799 229 835 et
244 795 543 848 requisitionem
560 794 733 847 episcopi
747 797 801 833 Pa
802 794 954 845 piensis
972 795 1045 832 Ha-

72 860 192 899 betur
207 860 247 897 in
267 859 346 897 MS.
371 858 514 897 Codice
536 857 795 896 Riccardiano
816 856 913 895 Vide
934 857 1042 894 Lami

75 921 311 971 catalogum
340 921 438 959 Bibl.
459 920 637 959 Riccard.
673 931 761 970 pag.
795 919 882 958 1167.

127 982 346 1022 DONMZO
360 1014 371 1032 ‚
394 994 536 1034 supra,
557 982 793 1021 DOMNIZO.

126 1045 295 1084 DONUS
314 1047 342 1084 Ι.
372 1047 597 1096 Episcopus
618 1047 822 1083 Romanus
846 1045 894 1082 ab
925 1043 1041 1082 Anno

74 1106 165 1146 677.
190 1107 374 1146 Octobris
407 1108 442 1145 4.
473 1106 523 1145 ad
548 1107 637 1145 679.
667 1106 899 1145 Decembris
926 1105 989 1144 26.
1019 1116 1041 1142 a

72 1169 340 1221 Papebrochio
364 1168 542 1208 creditur
565 1173 704 1208 auctor
728 1179 819 1207 esse
841 1165 1046 1220 Epitaplu'i

72 1233 211 1283 scripti
231 1232 271 1269 in
290 1230 515 1270 Honorium
537 1231 691 1281 Papam
711 1230 949 1270 defunctum
964 1230 1040 1269 An.

77 1295 167 1334 638.
189 1293 297 1344 quod
313 1296 450 1332 exstat
470 1304 510 1330 ln
529 1292 688 1331 Gruteri
711 1293 1043 1344 Inscriptionibus

73 1369 112 1408 p.
127 1356 316 1396 MCLXV.
336 1366 448 1394 num.
469 1356 532 1394 Μ.
550 1354 674 1405 igitur
690 1356 726 1392 in
744 1366 867 1394 versu
883 1355 1040 1394 ultimo:

72 1417 187 1469 Quod
202 1417 341 1457 Patris
360 1416 507 1456 eoeimii
526 1417 602 1456 sim
622 1419 758 1456 Bonus
774 1416 858 1468 ipse
877 1427 1040 1465 memor⁷

71 1492 148 1520 non
169 1481 302 1532 legere
321 1480 438 1532 jubet
459 1481 593 1518 Bonus
608 1510 618 1527 ‚
648 1478 720 1518 sed
752 1480 901 1518 Donus.
941 1479 1039 1518 Vide

22 1568 25 1569 ν
67 1543 336 1595 Propylaeum
360 1542 411 1582 ad
449 1542 549 1581 Acta
573 1542 812 1581 Sanctorum
836 1540 924 1591 Maji
950 1553 1039 1592 pag.

69 1605 132 1645 97.
157 1606 322 1656 Leyseri
346 1605 553 1643 historiam
574 1605 786 1642 Poetarum
809 1603 927 1642 medii
949 1605 1036 1643 aevi

74 1679 164 1719 pag.
195 1666 286 1707 487.
307 1668 396 1707 ⁴95.

125 1727 316 1768 Nicotaus
352 1729 676 1778 DORBELLUS,
716 1729 817 1768 infra
836 1758 843 1777 ,
871 1728 921 1767 de
955 1728 1039 1767 OR-

73 1792 268 1831 BELLIS.

124 1853 413 1894 DORCATIUS
435 1865 514 1892 non
537 1858 658 1893 notus
681 1854 778 1892 mihi
794 1854 870 1891 nisi
895 1865 944 1891 ex
969 1855 1040 1892 lsi-

74 1916 170 1955 doro
193 1915 417 1966 Hispalensi
437 1946 446 1964 ,
470 1917 538 1966 qui
558 1915 607 1954 de
632 1917 835 1954 notatione
868 1917 1041 1955 nominis

72 1979 176 2030 pilae
212 1977 418 2017 disserens
452 1979 549 2017 libro
582 1980 692 2017 XIX.
716 1978 925 2027 Originum
953 1989 1040 2029 cap.

72 2041 146 2080 ult.
167 2040 242 2079 hos
265 2039 354 2090 ejus
374 2041 597 2079 versiculos
620 2040 807 2078 adducit:

109 2113 180 2142 Neu
196 2113 233 2142 tu
251 2118 352 2150 parce
369 2110 455 2150 pilos
474 2112 608 2142 vivaces
627 2111 770 2142 condere
788 2111 878 2142 cervi
891 2133 902 2147 ,

112 2161 217 2193 Uncia
238 2159 348 2192 donec
364 2160 429 2191 erit
444 2161 614 2199 geminam
631 2159 848 2200 superaddita
865 2159 999 2198 libram,

128 2218 319 2260 Matthias
341 2219 530 2259 DORING
549 2251 558 2271 ,
579 2231 702 2271 supra
726 2231 812 2270 pag.
839 2220 928 2258 459.
957 2230 1040 2270 seq.

75 2282 311 2322 DOERING.

129 2346 276 2384 Petrus
293 2342 598 2384 DORLANDUS
613 2345 850 2392 Diestensis,
871 2343 1043 2382 Carthu-

75 2409 242 2455 sianuS‚
283 2407 393 2445 Prior
432 2406 469 2443 in
513 2406 735 2444 Zelemensi
771 2406 810 2444 S.
849 2405 1042 2443 Johannis

75 2469 310 2517 Carthusia,
353 2467 459 2518 apud
500 2468 764 2506 Diestemium
803 2467 1041 2505 Brabantiae

75 2530 266 2582 oppidum
303 2531 340 2568 in
372 2529 544 2568 dioecesi
569 2528 801 2567 Neodicensi
828 2528 1044 2566 defunctus

74 2591 152 2632 An.
164 2594 179 2632 1
190 2591 279 2632 507.
292 2592 461 2642 Scripsit
474 2589 700 2630 Chronicon
711 2589 1043 2637 Carthusz'anum,

77 2656 164 2694 sive
190 2654 370 2694 Coronae
394 2652 441 2692 de
471 2652 574 2692 Viris
602 2650 869 2691 Carthusz'ani
883 2650 1044 2689 Ordinis

78 2715 307 2756 illustribus
331 2714 455 2755 libros
485 2715 570 2755 VII.
608 2713 658 2753 ad
693 2714 916 2752 Johannem
956 2713 1044 2751 Del-

78 2780 219 2832 phum,
234 2779 471 2819 Carthusiae
487 2777 750 2816 Lovaniensis
764 2776 951 2813 Priorem.
965 2775 1044 2813 Hos

79 2840 307 2892 subjunctis
328 2842 458 2888 notis,
479 2841 567 2878 sive
595 2837 928 2877 elucidationibus
963 2837 1046 2876 cdi-

79 2902 137 2942 dit
173 2902 408 2942 Theodorus
444 2901 660 2949 Petraeus‘,
700 2901 937 2950 Campensis
961 2900 1046 2938 alu-

80 2975 213 3005 mnus.
244 2965 430 3004 Coloniae
467 2964 582 3003 4608.
608 2964 645 3000 8.
674 2960 822 3001 Violam
853 2961 1012 2999 animae
1030 2992 1042 3010 ,

80 3026 245 3076 dialogis
267 3026 349 3066 Vll.
371 3036 542 3076 quorum
560 3036 631 3062 sex
652 3024 803 3074 priores
824 3023 1041 3062 abbreviati

30 3085 36 3093 '
81 3101 131 3128 ex
145 3088 355 3139 Theologia
373 3088 544 3127 naturali
566 3085 828 3125 RAYMFNDI
849 3082 1042 3132 Scbunde,

138 3264 172 3303 a)
197 3267 233 3296 ln
256 3265 472 3305 Dialogorum
496 3265 603 3304 prima
628 3263 689 3294 liae
714 3263 862 3293 editione
887 3260 1044 3293 Dorlandi

79 3321 203 3345 nomen
227 3322 294 3345 non
319 3315 480 3346 invenio:
515 3313 575 3345 sed
598 3313 797 3344 tribuuntur
819 3313 848 3342 ei
873 3319 891 3341 a
917 3311 1048 3342 valerio

78 3361 169 3394 Andr
182 3371 220 3395 ea
245 3373 319 3404 pag.
345 3364 406 3395 75ss
429 3368 462 3395 et
487 3372 504 3394 a
529 3364 690 3394 Swoertio
723 3369 786 3401 pag
824 3360 896 3391 613.

2003 230 2081 269 475

1119 303 1315 352 septimus
1340 301 1386 340 de
1406 301 1606 353 mysteriis
1627 300 1834 340 Passionis
1871 301 2036 341 CHristi
2062 314 2082 339 a

1118 363 1314 401 Dorlando
1326 363 1499 402 additus.
1517 364 1642 401 Toleti
1662 364 1774 402 1506.
1795 364 1815 401 4
1833 365 1865 413 a)
1882 368 1922 402 ct
1939 363 2082 402 deinde.

1118 426 1376 475 Antwerpiae
1415 427 1530 464 4533.
1572 426 1686 464 ⁴543.
1731 425 1851 477 Lugd.
1893 427 2009 465 4568.
2026 414 2085 463 'ct

1117 489 1263 525 omisso
1301 489 1470 537 septimo
1506 488 1657 526 dialowo
1697 488 1833 526 Colon.
1866 487 1981 527 4700.
2020 488 2084 527 212.

1118 550 1173 587 De
1203 550 1287 588 Vita
1310 552 1350 588 S.
1383 548 1521 587 Annae
1556 550 1675 588 libros
1710 552 1913 600 quinque,
1938 550 2082 588 Antw.

1120 611 1327 650 21617.f01.
1365 611 1570 661 Dialogum
1609 611 1656 649 de
1693 611 1787 649 vitio
1818 611 2083 664 proprietatis

1119 672 1428 720 Monacliorum,
1450 674 1607 710 Lovanii
1636 674 1751 712 4513.
1781 675 1814 711 4„
1837 674 2085 726 Easplicatio-

1119 747 1206 773 nem
1228 734 1435 785 mysticam
1460 733 1619 772 liabitas
1645 735 1944 774 Cartlnisiensis
1960 769 1970 785 ,
1995 737 2085 774 ibid.

1120 799 1188 836 455¹
1203 798 1236 835 ff.
1261 798 1297 834 8.
1320 797 1550 834 Tractatum
1578 796 1624 833 de
1647 795 1776 834 tribus
1799 798 2088 836 Cartliusiano-

1119 870 1212 896 rum
1248 857 1363 897 votis.
1409 858 1589 907 llialogos
1628 857 1674 895 de
1704 857 1862 897 duabus
1896 860 1999 898 l'iis:
2031 862 2086 898 De

1112 920 1419 972 perseverantia
1453 919 1707 958 Novitiorum
1725 935 1735 958 .·
1776 921 1830 957 De
1869 921 2083 960 stabilitate

1116 981 1400 1021 Monaclzorum
1418 996 1424 1020 :
1445 983 1498 1019 De
1519 981 1691 1020 remedio
1707 982 1860 1019 amoris
1883 982 2082 1033 ‹li-alogum

1117 1047 1337 1096 practicam
1357 1049 1395 1083 et
1413 1045 1646 1084 theoricum.
1663 1046 1719 1082 De
1735 1056 1851 1095 opere
1875 1046 2027 1084 amoris
2050 1050 2086 1084 et

1110 1107 1299 1158 passione
1321 1106 1493 1146 CHristi.
1519 1108 1575 1145 De
1600 1118 1697 1146 vera
1714 1107 1906 1145 cunicitia.
1932 1108 1987 1146 De
2011 1120 2084 1147 eac-

1117 1169 1255 1208 tremis
1293 1169 1493 1208 hominum
1529 1168 1839 1208 calamitatibus.
1871 1171 1927 1208 De
1962 1171 2089 1209 domi—

1116 1236 1214 1270 natu
1240 1232 1445 1275 Vitiorum.
1471 1233 1528 1270 De
1551 1231 1758 1270 (lonu'natu
1788 1232 1997 1270 Virtutum.
2030 1234 2086 1272 De

1115 1307 1215 1334 vera
1231 1294 1622 1346 hominisssSapientia.
1641 1295 1696 1333 De
1712 1306 1810 1333 vera
1828 1293 2084 1334 beatitztdine.

1116 1359 1173 1396 De
1206 1357 1324 1396 laude
1354 1361 1393 1396 et
1417 1357 1601 1396 claritate
1638 1369 1761 1396 verae
1796 1357 1994 1396 Justi'tiae.
2030 1358 2084 1396 De

1115 1431 1216 1458 vera
1234 1419 1456 1470 patientia,
1482 1431 1538 1457 ωε
1563 1418 1842 1470 Clzrysostomo
1879 1419 1928 1457 ad
1959 1420 2088 1469 Stagi-

1115 1484 1219 1521 rium
1245 1482 1494 1520 Monachum.
1520 1482 1703 1532 Dialogos
1730 1481 1833 1519 inter
1857 1481 2088 1532 Sapientem

1115 1548 1152 1583 et
1166 1543 1381 1583 [nsulsum.
1392 1546 1502 1583 Inter
1515 1545 1778 1582 Diestemium
1797 1549 1837 1581 et
1854 1545 2084 1582 Servatium

1114 1606 1160 1645 de
1184 1606 1400 1657 coqnitione
1423 1606 1498 1644 sui.
1524 1608 1632 1645 [nter
1653 1606 1865 1644 CHristum
1892 1611 1932 1644 ct
1963 1608 2084 1645 Fran-

1113 1671 1265 1708 ciscum
1284 1699 1291 1713 ,
1318 1681 1442 1720 super
1467 1668 1673 1709 Charitate
1686 1700 1696 1717 7
1710 1668 1997 1719 procuratrice
2017 1670 2090 1708 Sa-

1114 1729 1208 1769 lutis
1243 1735 1418 1769 nostrae.
1458 1732 1513 1769 De
1550 1730 1717 1779 unione,
1757 1730 1804 1769 de
1846 1730 2090 1769 institutione

1118 1793 1256 1844 optimi
1280 1793 1473 1841 Pastoris,
1500 1792 1741 1833 Collationes
1763 1793 1809 1831 de
1833 1793 1978 1832 Militia
2011 1793 2091 1845 spi-

1116 1855 1284 1905 rituali,
1310 1860 1350 1894 et
1370 1858 1580 1895 Sermones
1605 1856 1678 1894 III.
1719 1856 1768 1894 de
1807 1856 1947 1894 eodem
1973 1867 2091 1905 argu-

1117 1924 1263 1957 mento.
1286 1920 1341 1957 De
1361 1918 1622 1957 Sacerdotum
1647 1917 1850 1968 di'ssnitate.
1874 1916 2088 1969 Speculum

1117 1980 1317 2020 humanae
1343 1980 1461 2019 Vitae.
1484 1979 1728 2019 Psalterium
1754 1979 1925 2029 Viryinis
1947 1979 2089 2030 Deipa-

1116 2056 1200 2083 rae.
1237 2045 1349 2082 Duas
1382 2044 1561 2083 Coronas
1600 2045 1796 2082 Rosaceas
1830 2043 1874 2080 B.
1899 2041 2080 2087 Mariae,

1115 2109 1293 2146 carmine
1318 2107 1487 2144 heroico.
1513 2104 1707 2143 Diadema
1731 2106 1770 2142 S.
1792 2103 1943 2145 Annae,
1962 2115 2085 2141 versu

1117 2171 1300 2219 elegiaco
1328 2169 1383 2206 De
1403 2171 1549 2219 septem
1574 2168 1616 2205 B.
1648 2166 1805 2205 Mariae
1833 2165 1995 2217 qludiis.
2031 2166 2087 2203 De

1114 2230 1371 2283 fraternitate
1407 2229 1693 2281 compassionis
1731 2227 1917 2280 ejusdem.
1953 2228 2010 2265 De
2047 2228 2086 2266 S.

1121 2292 1266 2332 Ursula
1288 2298 1328 2331 et
1350 2293 1553 2331 sodalibus
1591 2291 1692 2342 ejus.
1719 2292 1774 2329 De
1803 2292 1842 2330 S.
1883 2288 2088 2335 Caecilia,

1117 2368 1188 2394 cur
1213 2356 1399 2394 Phoenici
1422 2358 1677 2405 comparetur
1692 2385 1702 2401 ‚
1728 2354 1785 2391 De
1811 2354 1962 2391 sanctis
1981 2383 1992 2399 ,
2015 2353 2089 2391 Ro-

1117 2430 1234 2456 mano
1260 2418 1383 2456 milite
1404 2422 1444 2455 et
1463 2419 1653 2466 Martyre:
1682 2417 1736 2453 Dc
1771 2416 2004 2453 inventione
2045 2419 2086 2451 et

1119 2481 1303 2530 passione
1327 2481 1366 2517 S.
1396 2478 1608 2517 Laurentii
1642 2478 1838 2527 Martyris.
1878 2477 2088 2515 Sermones

1120 2541 1166 2579 de
1196 2542 1237 2580 S.
1268 2540 1497 2579 Laurentio.
1523 2541 1578 2578 De
1621 2541 1661 2578 S.
1709 2538 1908 2577 Vincentio
1938 2538 2090 2574 Ferra-

1120 2603 1267 2651 riensi‚
1297 2602 1459 2640 Ordinis
1498 2601 1834 2640 Praedicatorum.
1874 2601 1928 2637 De
1965 2600 2088 2636 variis

1120 2666 1160 2704 S.
1190 2664 1352 2702 Antonii
1378 2664 1543 2701 Abbatis
1573 2662 1877 2700 tentationibus.
1908 2662 1964 2698 Dc
2002 2662 2087 2698 vita

1119 2732 1157 2765 ct
1182 2727 1487 2766 conversatione
1509 2725 1553 2762 B.
1580 2723 1827 2763 Catharinae
1850 2724 2024 2773 Virginis
2047 2727 2088 2761 et

1118 2789 1303 2838 Martyris
1318 2818 1328 2835 ,
1350 2786 1454 2825 etde
1478 2787 1664 2836 passione.
1686 2785 1868 2834 ejusdem
1888 2797 1936 2822 ex
1952 2786 2086 2836 Bapti-

1120 2855 1182 2889 sta
1222 2852 1460 2893 Mantuano‚
1499 2848 1728 2887 Carmelita.
1770 2848 1826 2885 De
1856 2846 2020 2886 Actibus
2051 2851 2089 2885 et

1120 2910 1306 2950 laudibus
1330 2912 1370 2950 S.
1394 2909 1558 2948 Joannis
1592 2910 1768 2960 Apostoli
1792 2914 1832 2947 et
1870 2910 2084 2959 Evangeli-

1119 2978 1219 3013 stac.
1241 2972 1438 3023 Quomodo
1459 2975 1598 3011 sancta
1619 2969 1768 3020 Reliqio
1793 2971 1847 3010 sit
1875 2971 2054 3010 instituta
2072 3004 2082 3020 ,

1118 3039 1310 3086 corrupta
1325 3039 1362 3073 et
1374 3034 1605 3087 reformata.
1621 3035 1780 3072 Librum
1799 3032 2088 3085 Epistularum.

1117 3100 1327 3138 Sermones
1346 3109 1395 3136 ex
1421 3097 1674 3135 sermonibus
1706 3095 1843 3134 Leonis
1876 3097 2001 3146 Papae
2038 3095 2085 3134 de

1110 3159 1299 3211 passione
1321 3159 1524 3197 DOMINI.
1558 3160 1766 3197 Sermones
1787 3158 1834 3195 (le
1859 3161 2030 3209 tempore
2050 3162 2088 3196 et

1115 3222 1276 3261 sanctis.
1304 3221 1513 3259 Orationes
1542 3220 1598 3258 ad
1627 3222 1697 3259 SS.
1738 3219 1978 3257 'I'rinitate›n.
2018 3219 2086 3258 Di—

1116 3283 1383 3335 sputationem
1404 3284 1500 3321 Jesu
1519 3281 1781 3321 duodecennis
1798 3293 1888 3320 eum
1909 3282 2087 3320 Doctori-

1119 3345 1191 3384 bus
1216 3346 1255 3384 in
1277 3343 1427 3396 templo.
1453 3345 1507 3382 De
1524 3356 1628 3395 pane
1653 3343 1863 3396 salutifero
1893 3344 2012 3382 Vitae.
2031 3346 2086 3381 De
