2500 3841
906 234 1348 275 PROVERBIA

200 311 382 348 Manuum
404 306 552 342 labores
568 308 770 351 praestant
791 305 967 343 honores.

201 366 279 411 Qui
298 365 435 400 bonum
455 365 636 408 operatur
650 389 658 405 ,
676 371 699 397 a
717 361 818 399 ΒΕΘ
832 363 1089 398 benedicatur.

197 421 311 457 Beati
320 419 435 466 pedes
446 419 513 466 qui
529 418 691 454 visitant
708 419 948 465 infirmorum
966 420 1089 456 aedes.

195 477 287 513 Cum
307 477 383 514 Deo
403 475 600 510 ambulare
622 479 676 511 est
694 475 867 511 animam
887 476 1053 512 salvare.

125 532 173 568 85
200 533 278 578 Qui
301 532 446 577 miqrat
472 531 523 565 ad
550 533 744 566 aeternam
763 532 908 573 sedem,
936 541 1016 567 non
1034 532 1090 578 of-

259 589 382 636 fendit
395 589 544 634 pedem.

194 645 380 692 Iniquum
396 647 451 680 est
465 644 508 679 ob
530 644 747 691 beneficium
767 645 923 680 reddere
941 644 1089 690 suppli-

243 701 360 737 cium.

195 757 273 801 Qui
290 757 418 792 reddit
435 757 579 793 malum
605 766 677 804 pro
697 757 806 801 bono,
830 756 1017 802 indiqnus
1036 760 1089 793 est

244 813 359 848 dono.

193 868 302 903 Bono
322 868 476 904 vincere
497 869 602 904 mala
622 869 672 903 ad
694 869 838 904 caelum
855 872 908 904 est
928 868 1047 904 scala.

192 924 331 962 Mundi
350 928 560 959 contemtus
581 934 604 959 a
622 925 700 960 Deo
727 929 780 960 est
802 925 995 960 inventus.

123 981 170 1016 90
197 981 274 1025 Qui
291 984 397 1016 amat
425 981 609 1016 mundum
632 984 887 1026 praesentem,
919 978 1091 1026 sequitur

242 1046 323 1071 rem
343 1036 567 1082 fuqientem.

193 1092 330 1131 Melius
341 1096 396 1128 est
405 1103 615 1138 supernum
627 1093 735 1129 consi
738 1093 834 1128 lium
852 1101 965 1139 quam
976 1091 1091 1138 hujus

241 1149 343 1184 vitae
363 1149 582 1185 auxilium.

195 1204 342 1240 Pulcra
363 1207 462 1239 tenet
482 1205 588 1240 atria
609 1214 778 1249 superna
791 1204 941 1250 patria.

197 1259 333 1295 Tendit
350 1259 458 1304 filius
478 1263 512 1294 et
532 1260 658 1305 frater
670 1260 738 1306 qui
748 1263 855 1296 vocat
866 1260 955 1296 illos
962 1263 1089 1306 paler.

199 1314 304 1351 Auro
324 1315 480 1350 caelesti
497 1320 587 1351 sunt
608 1325 754 1361 semper
770 1316 914 1362 qaudia
932 1316 1035 1362 festi.

122 1371 169 1406 95
197 1371 299 1416 Quid
317 1370 423 1417 fuqis
442 1381 494 1407 ese
521 1371 604 1415 ill0,
624 1372 691 1417 qui
709 1371 853 1407 claudit
870 1374 1006 1408 cuncta
1019 1381 1095 1417 pu-

241 1426 336 1472 qillo
363 1424 382 1461 2²

194 1481 226 1519 Ο
246 1481 470 1529 quicumque
481 1482 577 1518 velis
597 1485 758 1519 mentem
770 1485 999 1531 eon-junqere
1009 1493 1094 1520 cae-

247 1538 312 1574 lis.

195 1594 280 1639 Qua
294 1594 465 1630 resident
477 1594 581 1641 justi
603 1598 703 1631 serto
715 1595 932 1642 palmisque
943 1595 1095 1631 venusti
1109 1596 1115 1600 ’

193 1650 336 1687 Mundi
352 1659 488 1695 sperne
517 1651 646 1686 minas
663 1676 675 1693 ‚
705 1654 739 1686 et
763 1661 824 1687 res
840 1652 933 1697 pede
964 1651 1093 1698 subiqe

241 1706 419 1743 blandas.

193 1760 387 1809 Superbia
402 1760 513 1798 dicit:
528 1762 576 1797 In
587 1762 732 1798 cunctis
744 1763 921 1808 operibus
933 1763 1006 1798 tibi
1016 1772 1094 1797 uon

240 1817 469 1864 aequabitur
489 1818 607 1854 ullus.

127 1873 197 1909 100
222 1873 405 1909 Humilis:
426 1873 616 1909 Putridus
638 1884 674 1909 es
696 1875 850 1917 vermis,
872 1875 966 1921 quid
983 1874 1092 1910 homo

243 1929 434 1964 moriture
454 1929 629 1974 superbis
649 1927 668 1963 ἱ)

194 1984 328 2021 Inanis
347 1985 476 2032 gloria
495 1997 505 2019 :
528 1986 605 2020 Fac
617 1988 779 2031 propter
806 1985 952 2032 famam
977 1995 1094 2032 quae-

245 2052 401 2088 cumque
417 2046 524 2087 potes
543 2042 641 2077 bona
661 2052 789 2077 coram
814 2041 1047 2078 hominibus.

199 2096 339 2134 Timor
350 2097 450 2134 DEI:
464 2098 563 2144 Opta
577 2098 698 2134 celari
717 2098 814 2133 bona
825 2108 990 2146 quaeque
1000 2099 1095 2135 soles

247 2154 418 2199 operari.

199 2208 429 2256 Hypocrisis
446 2222 454 2244 z
484 2209 671 2246 Exterius
702 2213 834 2245 sancto
871 2214 904 2245 te
933 2211 1097 2257 confor-

247 2274 354 2300 mare
375 2264 535 2301 studeto.

199 2320 376 2367 Religio:
400 2321 474 2358 Vae
494 2321 595 2367 foris
615 2321 771 2364 albatis,
783 2323 925 2369 quivos
938 2324 1097 2359 tumulis

245 2376 457 2412 simulatis.

132 2441 201 2475 105
227 2440 516 2476 inobedientia:
539 2442 643 2486 Quid
659 2442 776 2488 saciat
789 2452 840 2483 se,
860 2443 927 2489 qui
935 2444 1095 2480 mullum

248 2496 368 2531 vilior
384 2500 441 2532 est
462 2501 508 2532 te.

201 2551 426 2596 SubJ‘ectio:
451 2552 635 2598 Quisquis
668 2562 733 2588 vos
753 2554 930 2598 spernit,
961 2555 1097 2592 DEUS

249 2608 379 2654 inquit
397 2635 405 2651 ,
426 2617 483 2642 me
504 2618 647 2654 quoque
673 2609 838 2653 spernit.

203 2663 358 2701 Invidia
376 2676 384 2698 ε
402 2663 480 2699 Cur
496 2673 724 2710 quocumque
738 2665 849 2700 modo
867 2675 945 2700 non
958 2666 992 2701 is
1008 2666 1094 2702 sub-

251 2719 386 2755 limior
406 2718 476 2753 illo
489 2716 508 2753 ἱ)

203 2774 506 2822 congratulatio
522 2787 529 2808 :
543 2774 744 2820 Conqaude
757 2775 893 2821 fratri,
906 2776 964 2822 ser
975 2787 1100 2822 opem-

252 2841 320 2878 que
333 2830 570 2876 proficienti.

204 2887 346 2924 Odium
367 2900 374 2921 :
399 2886 577 2932 Qualiter
592 2886 692 2922 hunc
706 2887 792 2933 quis
809 2891 926 2932 amat,
945 2889 1099 2936 sibiqui

249 2943 471 2980 contrarius
491 2946 604 2978 extet
623 2941 642 2976 '2

134 2999 203 3036 110
227 2997 432 3036 Charitas:
455 2998 572 3035 Verus
598 3008 707 3034 amor
735 3000 890 3045 fratris,
908 3000 1032 3037 brevis
1044 3005 1097 3037 est

250 3055 423 3100 impletio
445 3055 553 3100 quis.

204 3110 409 3148 Detractio
432 3123 440 3145 ι
474 3111 570 3155 Quis
605 3111 736 3146 toleret
753 3108 772 3144 ¹?
802 3110 915 3146 sileat
946 3111 1098 3147 veniam

251 3166 351 3214 quod
363 3169 560 3211 perpetrat
578 3166 660 3201 ille.

203 3222 312 3261 Justa
333 3221 537 3268 correptio
560 3235 568 3256 ε
592 3222 742 3258 Occulte
764 3231 970 3269 numquam
991 3222 1097 3259 debes

254 3275 527 3323 reprehendere
547 3287 784 3324 quemquam.

2040 231 2118 270 415

1229 304 1288 341 Ira
1310 318 1318 340 :
1341 305 1418 341 Cur
1438 314 1515 340 uon
1535 304 1689 340 obsistis
1706 330 1715 348 ,
1738 312 1821 339 cum
1839 302 1931 350 quid
1945 301 2032 348 fieri
2049 301 2122 336 tibi

1277 370 1354 396 non
1373 361 1433 396 vis
1453 358 1473 395 ‘l

1231 416 1451 453 Patientia:
1475 416 1579 462 Quid
1599 426 1678 451 non
1693 425 1767 461 pro
1793 415 1959 451 CHristo
1988 413 2122 448 toleres

1275 483 1346 518 pro
1364 476 1397 508 te
1418 473 1606 518 crucifixo
1619 470 1638 506 ἶ)

1158 528 1228 565 115
1254 528 1459 565 Protervia
1480 541 1487 563 :
1514 529 1692 565 Peccanti
1711 537 1859 573 semper
1876 527 1932 562 sis
1950 526 2071 561 durus
2092 528 2124 559 et

1276 595 1400 630 asper.

1226 640 1483 677 Mansuetudo
1507 654 1513 675 :
1537 640 1659 685 Arque
1675 665 1688 682 ,
1709 650 1818 686 coqe,
1848 650 1964 686 roqa,
1998 643 2125 678 Timo-

1274 696 1354 732 thee
1374 723 1383 740 ,
1410 697 1603 741 saqaciter
1629 696 1722 731 ista.

1227 751 1367 787 Timor
1388 753 1559 787 mentis:
1581 751 1660 787 Scit
1677 752 1813 790 DEUS
1829 753 1907 798 ipse
1928 755 2022 800 quid
2049 758 2125 798 est,

1275 807 1384 842 nullo
1401 807 1444 841 de
1458 806 1590 853 judice
1609 816 1735 842 cures.

1227 862 1474 898 Satissaeti0:
1498 862 1741 907 Suspiciosus
1763 864 1863 907 eris,
1886 866 2010 901 sinon
2027 867 2126 902 deli-

1278 921 1337 953 cta
1357 918 1512 964 fateris.

1229 973 1431 1010 Tristitia:
1464 975 1546 1019 Quo
1575 974 1740 1020 qaudere
1767 979 1872 1020 potes
1909 977 1976 1023 qui
2004 980 2127 1023 qratis

1278 1033 1333 1066 tot
1352 1030 1456 1066 mala
1470 1031 1624 1076 perfers
1644 1029 1662 1065 ?

1161 1084 1229 1121 120
1255 1085 1676 1134 Gaudiunispirituale
1692 1101 1698 1121 :
1716 1088 1913 1123 Curmodo
1924 1091 2127 1126 contristat
2163 1105 2171 1116 ν

1277 1143 1375 1189 quod
1393 1154 1472 1179 non
1492 1143 1566 1179 tibi
1583 1144 1728 1190 qaudia
1747 1148 1922 1189 praestat
1941 1143 1960 1179 ἱ)

1228 1199 1387 1245 Torpor
1405 1199 1469 1235 vel
1492 1200 1670 1246 ignavia:
1686 1200 1779 1238 Visu
1793 1202 1969 1246 privaris
1988 1203 2024 1238 si
2039 1213 2130 1238 con-

1282 1256 1389 1291 tinue
1411 1256 1655 1303 lacrymaris.

1231 1311 1398 1347 Virtutis
1426 1313 1688 1349 exercitatio:
1729 1315 1832 1352 Mors
1860 1315 1966 1350 venit
1994 1316 2130 1361 absque

1277 1378 1406 1412 mora,
1430 1372 1472 1404 tu
1491 1373 1596 1404 nocte
1618 1370 1749 1416 dieque
1772 1370 1919 1406 labora.

1234 1423 1420 1471 Vagatio:
1444 1426 1526 1461 Hoc
1547 1425 1694 1461 discede
1714 1426 1808 1469 loco,
1833 1427 1936 1462 locus
1956 1427 2022 1462 ille
2043 1427 2130 1463 bea-

1280 1481 1359 1516 tior
1379 1481 1467 1516 isto.

1232 1535 1457 1572 Stabilitas:
1479 1537 1569 1573 Cum
1583 1538 1635 1573 sit
1652 1538 1788 1584 ubique
1807 1539 1953 1583 DEUS,
1972 1549 2130 1575 maneas

1278 1592 1415 1639 ubique
1435 1594 1597 1640 quietus.

1161 1648 1230 1684 125
1257 1648 1491 1694 Desperatio
1511 1662 1518 1684 :
1542 1650 1627 1686 Non
1647 1660 1779 1696 surqes
1799 1651 1961 1695 penitus
1985 1652 2133 1697 peccati

1278 1705 1375 1740 mole
1395 1709 1595 1750 qravatus.

1231 1760 1322 1807 Spei
1343 1760 1485 1797 fiducia
1506 1775 1514 1796 ε
1537 1762 1641 1798 Dant
1668 1762 1743 1798 tibi
1770 1772 1872 1808 spem
1891 1763 2024 1798 veniae
2043 1774 2129 1808 pcc-

1279 1820 1364 1852 cata
1383 1819 1546 1853 remissa
1567 1818 1729 1855 Mariae.

1231 1871 1462 1918 Cupiditas:
1483 1873 1703 1919 Multiplica
1722 1874 1874 1919 foenus,
1895 1884 1962 1909 nec
1982 1875 2132 1909 mendi-

1278 1929 1382 1965 cabis
1403 1939 1555 1975 eqenus.

1231 1985 1363 2022 Mundi
1387 1989 1612 2022 contemtus
1631 1999 1637 2020 :
1663 1986 1857 2031 Quantum
1878 1988 1937 2023 vis
1961 1986 2100 2023 habeas
2118 2016 2126 2031 ,

1281 2042 1341 2076 nil
1359 2041 1451 2077 hinc
1470 2042 1656 2077 moriture
1676 2046 1869 2087 reportas.

1234 2096 1476 2133 obduratio:
1512 2098 1618 2135 Unde
1645 2102 1729 2134 tuos
1750 2099 1897 2143 pascis,
1921 2102 1987 2134 tua
2017 2101 2052 2135 si
2073 2100 2132 2135 di-

1284 2154 1434 2200 sperqis
1447 2151 1466 2188 ?

1168 2210 1236 2246 130
1257 2209 1545 2246 Misericordia:
1570 2210 1614 2248 Si
1634 2210 1728 2256 quid
1748 2209 1858 2247 habes
1880 2211 2042 2255 tribuas,
2065 2215 2131 2247 tua

1279 2266 1333 2302 sit
1351 2266 1424 2301 tibi
1451 2266 1559 2312 larqa
1579 2267 1773 2302 voluntas.

1234 2321 1385 2367 Fraus,
1415 2322 1592 2358 furtum:
1621 2323 1708 2359 Non
1737 2326 1790 2358 est
1817 2324 1916 2369 qaod
1943 2324 2091 2359 tribuas
2114 2327 2128 2358 ἱ)

1283 2378 1389 2424 furto
1409 2379 1469 2414 vel
1489 2379 1629 2425 fraude
1650 2379 1844 2426 requiras.

1235 2434 1468 2471 Innocentia
1488 2448 1496 2469 ε
1521 2437 1701 2471 Praestat
1719 2435 1829 2470 nulla
1851 2435 1942 2470 dari
1963 2445 2075 2481 quam
2095 2440 2128 2470 te

1279 2498 1417 2544 fraude
1436 2499 1583 2545 furari.

1234 2554 1406 2591 Fallacia
1429 2559 1468 2590 et
1488 2554 1742 2590 mendacium
1761 2554 1872 2590 dicit:
1887 2554 2026 2599 Perfice
2054 2555 2132 2602 sal-

1282 2610 1393 2645 lendo
1418 2611 1516 2656 quod
1534 2621 1613 2645 non
1632 2612 1692 2646 vis
1712 2620 1803 2645 vera
1823 2611 2019 2656 loquendo.

1236 2664 1391 2700 Veritas
1410 2678 1418 2699 :
1439 2664 1490 2702 Os
1511 2666 1609 2711 quod
1630 2666 1826 2709 mentitur,
1851 2666 2004 2700 animae
2029 2676 2132 2702 mors

1282 2731 1358 2757 esse
1372 2721 1577 2766 probatur.

1170 2777 1236 2813 135
1262 2775 1421 2812 Ventris
1449 2776 1673 2822 ingluvies:
1698 2776 1726 2812 A
1763 2776 1906 2821 factore
1934 2778 2037 2812 datis
2064 2788 2132 2814 cur

1283 2843 1362 2867 non
1393 2832 1515 2877 epulis
1537 2832 1727 2867 satiaris?

1237 2888 1480 2924 Parsimonia
1502 2887 1705 2923 ciborum:
1724 2889 1845 2924 Parce
1856 2888 2062 2935 quibusque
2080 2890 2134 2925 ci—

1284 2944 1355 2988 bis,
1372 2953 1508 2990 peraes
1529 2955 1573 2979 ne
1594 2955 1678 2980 cum
1697 2945 1918 2982 Sodomitis.

1237 3000 1371 3046 Inepta
1392 2999 1540 3036 laetitia
1562 3013 1569 3034 :
1592 3001 1668 3035 Fac
1701 3001 1823 3036 socios
1857 3001 2021 3046 qoudere
2050 3005 2133 3037 tuos

1282 3056 1476 3102 risumque
1501 3065 1665 3092 movere.

1235 3110 1458 3146 Moderatus
1480 3121 1662 3147 maeror:
1691 3112 1796 3148 L'ncle
1814 3113 1886 3147 tibi
1904 3113 2022 3157 risus,
2050 3123 2131 3148 cum

1283 3167 1337 3202 sis
1358 3168 1474 3202 me'ser
1494 3166 1555 3202 hic
1569 3168 1801 3213 peregrinus
1815 3165 1833 3202 ?

1236 3221 1555 3268 Multiloquium:
1588 3224 1655 3259 Est
1676 3223 1736 3259 nil
1750 3224 1986 3271 peccatiper
2001 3224 2133 3270 pluri--

1283 3286 1344 3312 ma
1367 3277 1401 3313 si
1420 3276 1517 3313 bona
1538 3278 1634 3323 fari.
