<?xml version="1.0" encoding="UTF-8"?>
<!DOCTYPE html PUBLIC "-//W3C//DTD XHTML 1.0 Transitional//EN"
    "http://www.w3.org/TR/xhtml1/DTD/xhtml1-transitional.dtd">
<html xmlns="http://www.w3.org/1999/xhtml" xml:lang="en" lang="en">
 <head>
  <title>
</title>
<meta http-equiv="Content-Type" content="text/html;charset=utf-8" />
  <meta name='ocr-system' content='tesseract 3.04.00' />
  <meta name='ocr-capabilities' content='ocr_page ocr_carea ocr_par ocr_line ocrx_word'/>
</head>
<body>
  <div class='ocr_page' id='page_1' title='image "./bibliothecalatin01fabruoft_0350.png"; bbox 0 0 2500 4009; ppageno 0'>
   <div class='ocr_carea' id='block_1_1' title="bbox 359 223 1341 3339">
    <p class='ocr_par' dir='ltr' id='par_1_1' title="bbox 376 223 1341 647">
     <span class='ocr_line' id='line_1_1' title="bbox 381 223 462 261; baseline 0 0"><span class='ocrx_word' id='word_1_1' title='bbox 381 223 462 261; x_wconf 73' lang='lat'>312</span> 
     </span>
     <span class='ocr_line' id='line_1_2' title="bbox 380 275 1341 342; baseline -0.011 -11"><span class='ocrx_word' id='word_1_2' title='bbox 380 298 417 332; x_wconf 84' lang='lat' dir='ltr'>et</span> <span class='ocrx_word' id='word_1_3' title='bbox 436 291 580 342; x_wconf 69' lang='lat' dir='ltr'>vigyinti</span> <span class='ocrx_word' id='word_1_4' title='bbox 594 288 760 329; x_wconf 78' lang='lat' dir='ltr'>incibato</span> <span class='ocrx_word' id='word_1_5' title='bbox 778 291 814 325; x_wconf 85' lang='lat' dir='ltr'>et</span> <span class='ocrx_word' id='word_1_6' title='bbox 833 283 936 323; x_wconf 81' lang='lat' dir='ltr'>nullo</span> <span class='ocrx_word' id='word_1_7' title='bbox 959 284 1063 322; x_wconf 81' lang='lat' dir='ltr'>intus</span> <span class='ocrx_word' id='word_1_8' title='bbox 1079 275 1232 335; x_wconf 79' lang='lat' dir='ltr'>liquore</span> <span class='ocrx_word' id='word_1_9' title='bbox 1255 281 1341 334; x_wconf 80' lang='lat' dir='ltr'>suf-</span> 
     </span>
     <span class='ocr_line' id='line_1_3' title="bbox 376 344 1338 406; baseline -0.01 -14"><span class='ocrx_word' id='word_1_10' title='bbox 376 355 477 406; x_wconf 76' lang='lat' dir='ltr'>fusa.</span> <span class='ocrx_word' id='word_1_11' title='bbox 503 353 692 391; x_wconf 85' lang='lat' dir='ltr'>Johannis</span> <span class='ocrx_word' id='word_1_12' title='bbox 717 347 863 387; x_wconf 88' lang='lat' dir='ltr'>Labinii</span> <span class='ocrx_word' id='word_1_13' title='bbox 900 344 1097 395; x_wconf 76' lang='lat' dir='ltr'>quaedam</span> <span class='ocrx_word' id='word_1_14' title='bbox 1135 344 1338 394; x_wconf 83' lang='lat' dir='ltr'>Epistolae</span> 
     </span>
     <span class='ocr_line' id='line_1_4' title="bbox 378 405 1337 458; baseline -0.014 -3"><span class='ocrx_word' id='word_1_15' title='bbox 378 416 428 455; x_wconf 86' lang='lat' dir='ltr'>ad</span> <span class='ocrx_word' id='word_1_16' title='bbox 463 415 655 453; x_wconf 76' lang='lat' dir='ltr'>Bovillum</span> <span class='ocrx_word' id='word_1_17' title='bbox 691 411 877 458; x_wconf 75' lang='lat' dir='ltr'>leguntur</span> <span class='ocrx_word' id='word_1_18' title='bbox 912 417 998 457; x_wconf 75' lang='lat' dir='ltr'>pag.</span> <span class='ocrx_word' id='word_1_19' title='bbox 1020 406 1070 444; x_wconf 73' lang='lat'>74</span> <span class='ocrx_word' id='word_1_20' title='bbox 1094 405 1146 444; x_wconf 75' lang='lat'>75</span> <span class='ocrx_word' id='word_1_21' title='bbox 1168 406 1207 444; x_wconf 90' lang='lat' dir='ltr'>b.</span> <span class='ocrx_word' id='word_1_22' title='bbox 1229 405 1279 445; x_wconf 81' lang='lat'>73</span> <span class='ocrx_word' id='word_1_23' title='bbox 1300 406 1337 444; x_wconf 88' lang='lat' dir='ltr'>b.</span> 
     </span>
     <span class='ocr_line' id='line_1_5' title="bbox 376 464 1341 516; baseline -0.009 -2"><span class='ocrx_word' id='word_1_24' title='bbox 376 478 434 515; x_wconf 86' lang='lat' dir='ltr'>De</span> <span class='ocrx_word' id='word_1_25' title='bbox 456 476 628 513; x_wconf 81' lang='lat' dir='ltr'>colorum</span> <span class='ocrx_word' id='word_1_26' title='bbox 656 469 790 507; x_wconf 86' lang='lat' dir='ltr'>ordine</span> <span class='ocrx_word' id='word_1_27' title='bbox 827 469 866 504; x_wconf 89' lang='lat' dir='ltr'>in</span> <span class='ocrx_word' id='word_1_28' title='bbox 890 464 1015 505; x_wconf 82' lang='lat' dir='ltr'>cauda</span> <span class='ocrx_word' id='word_1_29' title='bbox 1051 468 1237 516; x_wconf 79' lang='lat' dir='ltr'>pavonis,</span> <span class='ocrx_word' id='word_1_30' title='bbox 1261 467 1341 505; x_wconf 88' lang='lat' dir='ltr'>ele-</span> 
     </span>
     <span class='ocr_line' id='line_1_6' title="bbox 379 528 1337 583; baseline -0.01 -7"><span class='ocrx_word' id='word_1_31' title='bbox 379 542 512 576; x_wconf 86' lang='lat' dir='ltr'>menta</span> <span class='ocrx_word' id='word_1_32' title='bbox 534 530 703 583; x_wconf 62' lang='lat' dir='ltr'>Quatuor</span> <span class='ocrx_word' id='word_1_33' title='bbox 722 530 979 567; x_wconf 75' lang='lat' dir='ltr'><strong>referentium</strong></span> <span class='ocrx_word' id='word_1_34' title='bbox 997 557 1005 575; x_wconf 86' lang='lat'>‚</span> <span class='ocrx_word' id='word_1_35' title='bbox 1023 528 1202 577; x_wconf 77' lang='lat' dir='ltr'>jucunda</span> <span class='ocrx_word' id='word_1_36' title='bbox 1225 532 1337 578; x_wconf 91' lang='lat' dir='ltr'>sunt,</span> 
     </span>
     <span class='ocr_line' id='line_1_7' title="bbox 376 590 1155 647; baseline -0.009 -12"><span class='ocrx_word' id='word_1_37' title='bbox 376 607 476 647; x_wconf 79' lang='lat' dir='ltr'>quae</span> <span class='ocrx_word' id='word_1_38' title='bbox 500 593 659 632; x_wconf 75' lang='lat' dir='ltr'>disserit</span> <span class='ocrx_word' id='word_1_39' title='bbox 683 590 858 628; x_wconf 88' lang='lat' dir='ltr'>Bovillus</span> <span class='ocrx_word' id='word_1_40' title='bbox 882 601 971 640; x_wconf 83' lang='lat' dir='ltr'>pag.</span> <span class='ocrx_word' id='word_1_41' title='bbox 995 591 1155 629; x_wconf 82' lang='lat' dir='ltr'>LXXX.</span> 
     </span>
    </p>

    <p class='ocr_par' dir='ltr' id='par_1_2' title="bbox 373 651 1339 770">
     <span class='ocr_line' id='line_1_8' title="bbox 429 651 1339 703; baseline -0.004 -8"><span class='ocrx_word' id='word_1_42' title='bbox 429 654 724 695; x_wconf 77' lang='lat' dir='ltr'>Samarobriuae</span> <span class='ocrx_word' id='word_1_43' title='bbox 761 651 835 690; x_wconf 76' lang='lat' dir='ltr'>An.</span> <span class='ocrx_word' id='word_1_44' title='bbox 861 652 977 691; x_wconf 68' lang='lat'>4520.</span> <span class='ocrx_word' id='word_1_45' title='bbox 1015 651 1250 703; x_wconf 82' lang='lat' dir='ltr'>Suppulatio</span> <span class='ocrx_word' id='word_1_46' title='bbox 1278 663 1339 692; x_wconf 88' lang='lat' dir='ltr'>se-</span> 
     </span>
     <span class='ocr_line' id='line_1_9' title="bbox 373 711 1334 770; baseline -0.004 -14"><span class='ocrx_word' id='word_1_47' title='bbox 373 723 475 770; x_wconf 74' lang='lat' dir='ltr'>ptem</span> <span class='ocrx_word' id='word_1_48' title='bbox 493 718 672 754; x_wconf 84' lang='lat' dir='ltr'>aetatum</span> <span class='ocrx_word' id='word_1_49' title='bbox 686 711 841 761; x_wconf 55' lang='lat' dir='ltr'>aliendi,</span> <span class='ocrx_word' id='word_1_50' title='bbox 861 714 948 751; x_wconf 90' lang='lat' dir='ltr'>sive</span> <span class='ocrx_word' id='word_1_51' title='bbox 965 712 1187 752; x_wconf 79' lang='lat' dir='ltr'>Cbronicon</span> <span class='ocrx_word' id='word_1_52' title='bbox 1204 713 1334 753; x_wconf 83' lang='lat' dir='ltr'>breve.</span> 
     </span>
    </p>

    <p class='ocr_par' dir='ltr' id='par_1_3' title="bbox 371 774 1337 884">
     <span class='ocr_line' id='line_1_10' title="bbox 426 774 1337 827; baseline -0.003 -10"><span class='ocrx_word' id='word_1_53' title='bbox 426 778 583 817; x_wconf 87' lang='lat' dir='ltr'>Parisiis</span> <span class='ocrx_word' id='word_1_54' title='bbox 605 776 699 815; x_wconf 72' lang='grc'>1521</span> <span class='ocrx_word' id='word_1_55' title='bbox 723 774 1004 826; x_wconf 82' lang='lat' dir='ltr'>Responsiones</span> <span class='ocrx_word' id='word_1_56' title='bbox 1020 774 1074 813; x_wconf 75' lang='lat' dir='ltr'>acl</span> <span class='ocrx_word' id='word_1_57' title='bbox 1088 775 1142 814; x_wconf 87' lang='lat' dir='ltr'>IX</span> <span class='ocrx_word' id='word_1_58' title='bbox 1153 776 1337 827; x_wconf 82' lang='lat' dir='ltr'>quaesita</span> 
     </span>
     <span class='ocr_line' id='line_1_11' title="bbox 371 836 1334 884; baseline -0.005 -4"><span class='ocrx_word' id='word_1_59' title='bbox 371 838 528 880; x_wconf 73' lang='lat' dir='ltr'>Xicolai</span> <span class='ocrx_word' id='word_1_60' title='bbox 551 837 677 877; x_wconf 64' lang='lat' dir='ltr'>Parii</span> <span class='ocrx_word' id='word_1_61' title='bbox 697 837 910 884; x_wconf 62' lang='lat' dir='ltr'>Balearic-i,</span> <span class='ocrx_word' id='word_1_62' title='bbox 939 837 1025 875; x_wconf 89' lang='lat' dir='ltr'>sive</span> <span class='ocrx_word' id='word_1_63' title='bbox 1054 836 1334 884; x_wconf 83' lang='lat' dir='ltr'>Majoricensis.</span> 
     </span>
    </p>

    <p class='ocr_par' dir='ltr' id='par_1_4' title="bbox 424 897 1330 941">
     <span class='ocr_line' id='line_1_12' title="bbox 424 897 1330 941; baseline -0.004 0"><span class='ocrx_word' id='word_1_64' title='bbox 424 900 748 941; x_wconf 77' lang='lat' dir='ltr'>Commentarius</span> <span class='ocrx_word' id='word_1_65' title='bbox 769 899 805 936; x_wconf 88' lang='lat' dir='ltr'>in</span> <span class='ocrx_word' id='word_1_66' title='bbox 829 897 1055 936; x_wconf 84' lang='lat' dir='ltr'>Orationem</span> <span class='ocrx_word' id='word_1_67' title='bbox 1074 898 1330 937; x_wconf 85' lang='lat' dir='ltr'>Dominicam.</span> 
     </span>
    </p>

    <p class='ocr_par' dir='ltr' id='par_1_5' title="bbox 367 959 1331 1128">
     <span class='ocr_line' id='line_1_13' title="bbox 424 959 1331 1013; baseline -0.004 -11"><span class='ocrx_word' id='word_1_68' title='bbox 424 963 604 1013; x_wconf 23' lang='lat' dir='ltr'>Dialossqi,</span> <span class='ocrx_word' id='word_1_69' title='bbox 633 962 649 1000; x_wconf 90' lang='grc'>1</span> <span class='ocrx_word' id='word_1_70' title='bbox 674 960 720 999; x_wconf 82' lang='lat' dir='ltr'>de</span> <span class='ocrx_word' id='word_1_71' title='bbox 743 959 900 998; x_wconf 86' lang='lat' dir='ltr'>animae</span> <span class='ocrx_word' id='word_1_72' title='bbox 924 959 1240 1009; x_wconf 67' lang='lat' dir='ltr'>immortalitate,</span> <span class='ocrx_word' id='word_1_73' title='bbox 1260 962 1286 1001; x_wconf 70' lang='lat'><strong><em>2</em></strong></span> <span class='ocrx_word' id='word_1_74' title='bbox 1305 960 1331 998; x_wconf 82' lang='lat'><em>5</em></span> 
     </span>
     <span class='ocr_line' id='line_1_14' title="bbox 367 1020 1329 1071; baseline -0.006 -6"><span class='ocrx_word' id='word_1_75' title='bbox 367 1027 416 1065; x_wconf 80' lang='lat' dir='ltr'>‹Ie</span> <span class='ocrx_word' id='word_1_76' title='bbox 444 1023 756 1071; x_wconf 79' lang='lat' dir='ltr'>resurrectione,</span> <span class='ocrx_word' id='word_1_77' title='bbox 780 1027 819 1061; x_wconf 85' lang='lat' dir='ltr'>et</span> <span class='ocrx_word' id='word_1_78' title='bbox 843 1022 869 1060; x_wconf 72' lang='lat'><strong><em>4</em></strong></span> <span class='ocrx_word' id='word_1_79' title='bbox 905 1020 952 1059; x_wconf 86' lang='lat' dir='ltr'>de</span> <span class='ocrx_word' id='word_1_80' title='bbox 986 1021 1126 1060; x_wconf 81' lang='lat' dir='ltr'>Mundi</span> <span class='ocrx_word' id='word_1_81' title='bbox 1159 1021 1329 1061; x_wconf 63' lang='lat' dir='ltr'>eaectdio.</span> 
     </span>
     <span class='ocr_line' id='line_1_15' title="bbox 371 1085 716 1128; baseline -0.017 0"><span class='ocrx_word' id='word_1_82' title='bbox 371 1089 531 1128; x_wconf 76' lang='lat' dir='ltr'>Parisiis</span> <span class='ocrx_word' id='word_1_83' title='bbox 557 1086 650 1125; x_wconf 51' lang='lat'>1¹:55¹</span> <span class='ocrx_word' id='word_1_84' title='bbox 681 1085 716 1122; x_wconf 78' lang='lat'>4.</span> 
     </span>
    </p>

    <p class='ocr_par' dir='ltr' id='par_1_6' title="bbox 362 1143 1335 2297">
     <span class='ocr_line' id='line_1_16' title="bbox 422 1143 1335 1199; baseline -0.005 -12"><span class='ocrx_word' id='word_1_85' title='bbox 422 1148 704 1199; x_wconf 67' lang='lat' dir='ltr'>Quaestionum</span> <span class='ocrx_word' id='word_1_86' title='bbox 750 1143 1070 1195; x_wconf 69' lang='lat' dir='ltr'>leeoloyicarum</span> <span class='ocrx_word' id='word_1_87' title='bbox 1104 1143 1219 1183; x_wconf 72' lang='lat' dir='ltr'>Libri</span> <span class='ocrx_word' id='word_1_88' title='bbox 1261 1145 1335 1184; x_wconf 91' lang='lat' dir='ltr'>VII</span> 
     </span>
     <span class='ocr_line' id='line_1_17' title="bbox 368 1206 1332 1259; baseline -0.005 -8"><span class='ocrx_word' id='word_1_89' title='bbox 368 1212 549 1251; x_wconf 79' lang='lat' dir='ltr'>centenis</span> <span class='ocrx_word' id='word_1_90' title='bbox 569 1208 710 1259; x_wconf 79' lang='lat' dir='ltr'>singuli</span> <span class='ocrx_word' id='word_1_91' title='bbox 734 1206 1048 1256; x_wconf 79' lang='lat' dir='ltr'>quaestionibus.</span> <span class='ocrx_word' id='word_1_92' title='bbox 1060 1207 1218 1245; x_wconf 83' lang='lat' dir='ltr'>Parisiis</span> <span class='ocrx_word' id='word_1_93' title='bbox 1231 1208 1297 1246; x_wconf 80' lang='grc'>151</span> <span class='ocrx_word' id='word_1_94' title='bbox 1310 1209 1332 1245; x_wconf 81' lang='grc'>3</span> 
     </span>
     <span class='ocr_line' id='line_1_18' title="bbox 368 1268 1328 1318; baseline -0.006 -5"><span class='ocrx_word' id='word_1_95' title='bbox 368 1275 428 1313; x_wconf 81' lang='lat' dir='ltr'>fol.</span> <span class='ocrx_word' id='word_1_96' title='bbox 457 1273 567 1310; x_wconf 83' lang='lat' dir='ltr'>Liber</span> <span class='ocrx_word' id='word_1_97' title='bbox 594 1271 630 1318; x_wconf 74' lang='grc'>1)</span> <span class='ocrx_word' id='word_1_98' title='bbox 656 1269 705 1307; x_wconf 83' lang='lat' dir='ltr'>de</span> <span class='ocrx_word' id='word_1_99' title='bbox 734 1268 847 1308; x_wconf 75' lang='grc' dir='ltr'><strong>ΠΕΟ.</strong></span> <span class='ocrx_word' id='word_1_100' title='bbox 874 1268 918 1315; x_wconf 74' lang='lat'>2)</span> <span class='ocrx_word' id='word_1_101' title='bbox 941 1268 989 1306; x_wconf 90' lang='lat' dir='ltr'>de</span> <span class='ocrx_word' id='word_1_102' title='bbox 1013 1269 1212 1307; x_wconf 79' lang='lat' dir='ltr'>creatione</span> <span class='ocrx_word' id='word_1_103' title='bbox 1246 1268 1328 1307; x_wconf 85' lang='lat' dir='ltr'>An-</span> 
     </span>
     <span class='ocr_line' id='line_1_19' title="bbox 365 1331 1328 1383; baseline -0.006 -10"><span class='ocrx_word' id='word_1_104' title='bbox 365 1337 556 1383; x_wconf 58' lang='lat' dir='ltr'>gelorum.</span> <span class='ocrx_word' id='word_1_105' title='bbox 581 1334 621 1380; x_wconf 88' lang='lat'><strong>3</strong></span> <span class='ocrx_word' id='word_1_106' title='bbox 647 1331 696 1369; x_wconf 92' lang='lat' dir='ltr'>de</span> <span class='ocrx_word' id='word_1_107' title='bbox 730 1331 929 1369; x_wconf 86' lang='lat' dir='ltr'>creatione</span> <span class='ocrx_word' id='word_1_108' title='bbox 965 1331 1154 1368; x_wconf 88' lang='lat' dir='ltr'>materiae</span> <span class='ocrx_word' id='word_1_109' title='bbox 1178 1334 1218 1368; x_wconf 93' lang='lat' dir='ltr'>et</span> <span class='ocrx_word' id='word_1_110' title='bbox 1241 1332 1328 1368; x_wconf 88' lang='lat' dir='ltr'>uni-</span> 
     </span>
     <span class='ocr_line' id='line_1_20' title="bbox 362 1382 1328 1443; baseline -0.003 -11"><span class='ocrx_word' id='word_1_111' title='bbox 362 1382 484 1435; x_wconf 49' lang='lat' dir='ltr'>rersi.</span> <span class='ocrx_word' id='word_1_112' title='bbox 510 1397 548 1439; x_wconf 59' lang='lat'>4)</span> <span class='ocrx_word' id='word_1_113' title='bbox 580 1394 629 1432; x_wconf 85' lang='lat' dir='ltr'>de</span> <span class='ocrx_word' id='word_1_114' title='bbox 663 1393 881 1443; x_wconf 85' lang='lat' dir='ltr'>voluptatis</span> <span class='ocrx_word' id='word_1_115' title='bbox 911 1391 1092 1442; x_wconf 78' lang='lat' dir='ltr'>paradiso</span> <span class='ocrx_word' id='word_1_116' title='bbox 1131 1396 1171 1429; x_wconf 91' lang='lat' dir='ltr'>et</span> <span class='ocrx_word' id='word_1_117' title='bbox 1210 1393 1328 1430; x_wconf 87' lang='lat' dir='ltr'>exilio</span> 
     </span>
     <span class='ocr_line' id='line_1_21' title="bbox 363 1453 1324 1509; baseline -0.004 -15"><span class='ocrx_word' id='word_1_118' title='bbox 363 1458 707 1509; x_wconf 76' lang='lat' dir='ltr'>protoplastorum.</span> <span class='ocrx_word' id='word_1_119' title='bbox 725 1455 765 1502; x_wconf 74' lang='lat'>5)</span> <span class='ocrx_word' id='word_1_120' title='bbox 781 1454 829 1492; x_wconf 89' lang='lat' dir='ltr'>de</span> <span class='ocrx_word' id='word_1_121' title='bbox 846 1453 1022 1501; x_wconf 80' lang='lat' dir='ltr'>Diluvio,</span> <span class='ocrx_word' id='word_1_122' title='bbox 1041 1454 1174 1503; x_wconf 82' lang='lat' dir='ltr'>regnis</span> <span class='ocrx_word' id='word_1_123' title='bbox 1190 1453 1324 1491; x_wconf 83' lang='lat' dir='ltr'>Mundi</span> 
     </span>
     <span class='ocr_line' id='line_1_22' title="bbox 363 1514 1330 1564; baseline -0.005 -8"><span class='ocrx_word' id='word_1_124' title='bbox 363 1524 403 1556; x_wconf 80' lang='lat' dir='ltr'>et</span> <span class='ocrx_word' id='word_1_125' title='bbox 426 1519 623 1557; x_wconf 78' lang='lat' dir='ltr'>humanae</span> <span class='ocrx_word' id='word_1_126' title='bbox 653 1516 800 1554; x_wconf 84' lang='lat' dir='ltr'>mentis</span> <span class='ocrx_word' id='word_1_127' title='bbox 823 1515 1051 1553; x_wconf 88' lang='lat' dir='ltr'>notionibus</span> <span class='ocrx_word' id='word_1_128' title='bbox 1075 1519 1196 1564; x_wconf 85' lang='lat' dir='ltr'>atque</span> <span class='ocrx_word' id='word_1_129' title='bbox 1221 1514 1330 1553; x_wconf 84' lang='lat' dir='ltr'>habi-</span> 
     </span>
     <span class='ocr_line' id='line_1_23' title="bbox 364 1575 1327 1627; baseline -0.003 -11"><span class='ocrx_word' id='word_1_130' title='bbox 364 1581 481 1619; x_wconf 85' lang='lat' dir='ltr'>tibus.</span> <span class='ocrx_word' id='word_1_131' title='bbox 508 1580 545 1627; x_wconf 48' lang='lat'>6)</span> <span class='ocrx_word' id='word_1_132' title='bbox 570 1578 618 1616; x_wconf 90' lang='lat' dir='ltr'>de</span> <span class='ocrx_word' id='word_1_133' title='bbox 638 1578 765 1615; x_wconf 87' lang='lat' dir='ltr'>veteri</span> <span class='ocrx_word' id='word_1_134' title='bbox 786 1578 1042 1614; x_wconf 87' lang='lat' dir='ltr'>Testamento</span> <span class='ocrx_word' id='word_1_135' title='bbox 1061 1575 1110 1614; x_wconf 89' lang='lat' dir='ltr'>ab</span> <span class='ocrx_word' id='word_1_136' title='bbox 1129 1576 1327 1614; x_wconf 80' lang='lat' dir='ltr'>Abraham</span> 
     </span>
     <span class='ocr_line' id='line_1_24' title="bbox 365 1636 1325 1686; baseline -0.003 -8"><span class='ocrx_word' id='word_1_137' title='bbox 365 1641 413 1678; x_wconf 86' lang='lat' dir='ltr'>ad</span> <span class='ocrx_word' id='word_1_138' title='bbox 449 1641 661 1679; x_wconf 87' lang='lat' dir='ltr'>Cllristum</span> <span class='ocrx_word' id='word_1_139' title='bbox 695 1643 736 1675; x_wconf 86' lang='lat' dir='ltr'>et</span> <span class='ocrx_word' id='word_1_140' title='bbox 772 1636 821 1675; x_wconf 90' lang='lat' dir='ltr'>de</span> <span class='ocrx_word' id='word_1_141' title='bbox 844 1637 1112 1675; x_wconf 85' lang='lat' dir='ltr'>Hebraeorum</span> <span class='ocrx_word' id='word_1_142' title='bbox 1137 1642 1259 1676; x_wconf 89' lang='lat' dir='ltr'>statu.</span> <span class='ocrx_word' id='word_1_143' title='bbox 1284 1639 1325 1686; x_wconf 76' lang='lat'>7)</span> 
     </span>
     <span class='ocr_line' id='line_1_25' title="bbox 363 1698 1328 1745; baseline -0.003 -6"><span class='ocrx_word' id='word_1_144' title='bbox 363 1701 411 1739; x_wconf 84' lang='lat' dir='ltr'>de</span> <span class='ocrx_word' id='word_1_145' title='bbox 430 1701 542 1739; x_wconf 68' lang='lat' dir='ltr'>Verbi</span> <span class='ocrx_word' id='word_1_146' title='bbox 561 1699 849 1745; x_wconf 82' lang='lat' dir='ltr'>incarnatione,</span> <span class='ocrx_word' id='word_1_147' title='bbox 864 1698 1020 1736; x_wconf 89' lang='lat' dir='ltr'>CHristi</span> <span class='ocrx_word' id='word_1_148' title='bbox 1039 1699 1076 1735; x_wconf 94' lang='lat' dir='ltr'>in</span> <span class='ocrx_word' id='word_1_149' title='bbox 1098 1700 1215 1736; x_wconf 85' lang='lat' dir='ltr'>terris</span> <span class='ocrx_word' id='word_1_150' title='bbox 1236 1710 1328 1736; x_wconf 89' lang='lat' dir='ltr'>con-</span> 
     </span>
     <span class='ocr_line' id='line_1_26' title="bbox 365 1759 1331 1809; baseline -0.003 -9"><span class='ocrx_word' id='word_1_151' title='bbox 365 1763 589 1800; x_wconf 84' lang='lat' dir='ltr'>versatione</span> <span class='ocrx_word' id='word_1_152' title='bbox 606 1765 645 1799; x_wconf 84' lang='lat' dir='ltr'>et</span> <span class='ocrx_word' id='word_1_153' title='bbox 666 1762 874 1809; x_wconf 84' lang='lat' dir='ltr'>utriusque</span> <span class='ocrx_word' id='word_1_154' title='bbox 896 1760 1139 1797; x_wconf 87' lang='lat' dir='ltr'>Testamenti</span> <span class='ocrx_word' id='word_1_155' title='bbox 1161 1759 1331 1798; x_wconf 83' lang='lat' dir='ltr'>Concor-</span> 
     </span>
     <span class='ocr_line' id='line_1_27' title="bbox 367 1819 1329 1871; baseline -0.004 -10"><span class='ocrx_word' id='word_1_156' title='bbox 367 1824 441 1861; x_wconf 87' lang='lat' dir='ltr'>dia.</span> <span class='ocrx_word' id='word_1_157' title='bbox 464 1825 531 1861; x_wconf 88' lang='lat' dir='ltr'>llis</span> <span class='ocrx_word' id='word_1_158' title='bbox 552 1821 817 1871; x_wconf 84' lang='lat' dir='ltr'>subjiciuntur</span> <span class='ocrx_word' id='word_1_159' title='bbox 840 1819 999 1870; x_wconf 69' lang='lat' dir='ltr'>Dialossi</span> <span class='ocrx_word' id='word_1_160' title='bbox 1016 1819 1092 1858; x_wconf 80' lang='lat' dir='ltr'>duo</span> <span class='ocrx_word' id='word_1_161' title='bbox 1112 1819 1159 1857; x_wconf 85' lang='lat' dir='ltr'>de</span> <span class='ocrx_word' id='word_1_162' title='bbox 1179 1821 1219 1859; x_wconf 93' lang='lat' dir='ltr'>S.</span> <span class='ocrx_word' id='word_1_163' title='bbox 1246 1820 1329 1858; x_wconf 81' lang='lat' dir='ltr'>Tri-</span> 
     </span>
     <span class='ocr_line' id='line_1_28' title="bbox 363 1881 1328 1931; baseline -0.002 -10"><span class='ocrx_word' id='word_1_164' title='bbox 363 1885 508 1931; x_wconf 72' lang='lat' dir='ltr'>nitate,</span> <span class='ocrx_word' id='word_1_165' title='bbox 548 1883 761 1921; x_wconf 82' lang='lat' dir='ltr'>Christiani</span> <span class='ocrx_word' id='word_1_166' title='bbox 790 1892 882 1920; x_wconf 88' lang='lat' dir='ltr'>cum</span> <span class='ocrx_word' id='word_1_167' title='bbox 918 1881 1067 1919; x_wconf 87' lang='lat' dir='ltr'>Judaeo</span> <span class='ocrx_word' id='word_1_168' title='bbox 1101 1882 1245 1919; x_wconf 87' lang='lat' dir='ltr'>Boneto</span> <span class='ocrx_word' id='word_1_169' title='bbox 1281 1881 1328 1920; x_wconf 86' lang='lat' dir='ltr'>de</span> 
     </span>
     <span class='ocr_line' id='line_1_29' title="bbox 367 1942 1328 1993; baseline -0.002 -10"><span class='ocrx_word' id='word_1_170' title='bbox 367 1946 500 1992; x_wconf 82' lang='lat' dir='ltr'>Latis,</span> <span class='ocrx_word' id='word_1_171' title='bbox 525 1943 697 1991; x_wconf 76' lang='lat' dir='ltr'>Medica,</span> <span class='ocrx_word' id='word_1_172' title='bbox 722 1942 771 1981; x_wconf 91' lang='lat' dir='ltr'>ad</span> <span class='ocrx_word' id='word_1_173' title='bbox 801 1944 992 1981; x_wconf 88' lang='lat' dir='ltr'>eximium</span> <span class='ocrx_word' id='word_1_174' title='bbox 1020 1942 1328 1993; x_wconf 81' lang='lat' dir='ltr'>Philosophum,</span> 
     </span>
     <span class='ocr_line' id='line_1_30' title="bbox 367 2004 1331 2052; baseline -0.001 -8"><span class='ocrx_word' id='word_1_175' title='bbox 367 2006 557 2044; x_wconf 82' lang='lat' dir='ltr'>Jacobum</span> <span class='ocrx_word' id='word_1_176' title='bbox 582 2005 751 2042; x_wconf 85' lang='lat' dir='ltr'>Fabrum</span> <span class='ocrx_word' id='word_1_177' title='bbox 770 2033 777 2052; x_wconf 75' lang='lat'>‚</span> <span class='ocrx_word' id='word_1_178' title='bbox 803 2008 1002 2042; x_wconf 85' lang='lat' dir='ltr'>rectarum</span> <span class='ocrx_word' id='word_1_179' title='bbox 1024 2004 1244 2043; x_wconf 89' lang='lat' dir='ltr'>litterarum</span> <span class='ocrx_word' id='word_1_180' title='bbox 1262 2005 1331 2043; x_wconf 87' lang='lat' dir='ltr'>de-</span> 
     </span>
     <span class='ocr_line' id='line_1_31' title="bbox 369 2064 1327 2113; baseline -0.001 -9"><span class='ocrx_word' id='word_1_181' title='bbox 369 2078 454 2106; x_wconf 78' lang='lat' dir='ltr'>cuS.</span> <span class='ocrx_word' id='word_1_182' title='bbox 478 2068 529 2105; x_wconf 85' lang='lat' dir='ltr'>Et</span> <span class='ocrx_word' id='word_1_183' title='bbox 553 2066 667 2103; x_wconf 87' lang='lat' dir='ltr'>Liber</span> <span class='ocrx_word' id='word_1_184' title='bbox 694 2064 740 2103; x_wconf 85' lang='lat' dir='ltr'>cle</span> <span class='ocrx_word' id='word_1_185' title='bbox 768 2065 923 2106; x_wconf 80' lang='lat' dir='ltr'>Divinis</span> <span class='ocrx_word' id='word_1_186' title='bbox 965 2064 1327 2113; x_wconf 77' lang='lat' dir='ltr'>Praeclicamentis,</span> 
     </span>
     <span class='ocr_line' id='line_1_32' title="bbox 371 2124 1331 2175; baseline 0 -11"><span class='ocrx_word' id='word_1_187' title='bbox 371 2130 478 2165; x_wconf 90' lang='lat' dir='ltr'>sive:</span> <span class='ocrx_word' id='word_1_188' title='bbox 497 2126 598 2171; x_wconf 92' lang='lat' dir='ltr'>Quid</span> <span class='ocrx_word' id='word_1_189' title='bbox 615 2128 666 2163; x_wconf 86' lang='lat' dir='ltr'>sit</span> <span class='ocrx_word' id='word_1_190' title='bbox 685 2124 847 2164; x_wconf 84' lang='lat' dir='ltr'>DEUS‘?</span> <span class='ocrx_word' id='word_1_191' title='bbox 861 2130 1056 2174; x_wconf 88' lang='lat' dir='ltr'>quantus,</span> <span class='ocrx_word' id='word_1_192' title='bbox 1081 2126 1235 2175; x_wconf 89' lang='lat' dir='ltr'>qualis,</span> <span class='ocrx_word' id='word_1_193' title='bbox 1254 2128 1331 2165; x_wconf 88' lang='lat' dir='ltr'>Cu-</span> 
     </span>
     <span class='ocr_line' id='line_1_33' title="bbox 365 2183 1330 2236; baseline -0.001 -11"><span class='ocrx_word' id='word_1_194' title='bbox 365 2187 432 2236; x_wconf 87' lang='lat' dir='ltr'>jus</span> <span class='ocrx_word' id='word_1_195' title='bbox 450 2187 579 2224; x_wconf 80' lang='lat' dir='ltr'>nEL&#39;S</span> <span class='ocrx_word' id='word_1_196' title='bbox 595 2183 672 2222; x_wconf 83' lang='lat' dir='ltr'>sit?</span> <span class='ocrx_word' id='word_1_197' title='bbox 688 2186 781 2234; x_wconf 88' lang='lat' dir='ltr'>quid</span> <span class='ocrx_word' id='word_1_198' title='bbox 799 2190 907 2235; x_wconf 80' lang='lat' dir='ltr'>agat,</span> <span class='ocrx_word' id='word_1_199' title='bbox 924 2185 1017 2235; x_wconf 86' lang='lat' dir='ltr'>quid</span> <span class='ocrx_word' id='word_1_200' title='bbox 1034 2187 1205 2235; x_wconf 86' lang='lat' dir='ltr'>patiatur</span> <span class='ocrx_word' id='word_1_201' title='bbox 1221 2215 1229 2233; x_wconf 81' lang='grc'>,</span> <span class='ocrx_word' id='word_1_202' title='bbox 1246 2186 1330 2235; x_wconf 91' lang='lat' dir='ltr'>ubi,</span> 
     </span>
     <span class='ocr_line' id='line_1_34' title="bbox 368 2245 1300 2297; baseline 0 -13"><span class='ocrx_word' id='word_1_203' title='bbox 368 2247 526 2297; x_wconf 83' lang='lat' dir='ltr'>quando</span> <span class='ocrx_word' id='word_1_204' title='bbox 550 2248 601 2283; x_wconf 86' lang='lat' dir='ltr'>sit</span> <span class='ocrx_word' id='word_1_205' title='bbox 625 2251 664 2284; x_wconf 88' lang='lat' dir='ltr'>et</span> <span class='ocrx_word' id='word_1_206' title='bbox 685 2248 775 2295; x_wconf 87' lang='lat' dir='ltr'>quis</span> <span class='ocrx_word' id='word_1_207' title='bbox 799 2247 885 2284; x_wconf 88' lang='lat' dir='ltr'>eius</span> <span class='ocrx_word' id='word_1_208' title='bbox 902 2247 1005 2284; x_wconf 89' lang='lat' dir='ltr'>situs</span> <span class='ocrx_word' id='word_1_209' title='bbox 1026 2246 1264 2296; x_wconf 83' lang='lat' dir='ltr'>habitusque</span> <span class='ocrx_word' id='word_1_210' title='bbox 1279 2245 1300 2284; x_wconf 76' lang='lat'>⁶?</span> 
     </span>
    </p>

    <p class='ocr_par' dir='ltr' id='par_1_7' title="bbox 359 2306 1329 3339">
     <span class='ocr_line' id='line_1_35' title="bbox 422 2306 1329 2359; baseline 0.001 -13"><span class='ocrx_word' id='word_1_211' title='bbox 422 2309 476 2346; x_wconf 89' lang='lat' dir='ltr'>De</span> <span class='ocrx_word' id='word_1_212' title='bbox 499 2311 620 2359; x_wconf 83' lang='lat' dir='ltr'>raptu</span> <span class='ocrx_word' id='word_1_213' title='bbox 656 2306 777 2345; x_wconf 85' lang='lat' dir='ltr'>Pauli</span> <span class='ocrx_word' id='word_1_214' title='bbox 787 2338 797 2355; x_wconf 30' lang='lat'>¹,</span> <span class='ocrx_word' id='word_1_215' title='bbox 823 2318 924 2356; x_wconf 86' lang='lat' dir='ltr'>quae</span> <span class='ocrx_word' id='word_1_216' title='bbox 961 2309 1142 2346; x_wconf 89' lang='lat' dir='ltr'>tractatio</span> <span class='ocrx_word' id='word_1_217' title='bbox 1179 2310 1329 2347; x_wconf 83' lang='lat' dir='ltr'>auctior</span> 
     </span>
     <span class='ocr_line' id='line_1_36' title="bbox 369 2368 1328 2417; baseline 0.001 -10"><span class='ocrx_word' id='word_1_218' title='bbox 369 2381 508 2408; x_wconf 80' lang='lat' dir='ltr'>recusa</span> <span class='ocrx_word' id='word_1_219' title='bbox 535 2371 628 2408; x_wconf 71' lang='grc'>1531</span> <span class='ocrx_word' id='word_1_220' title='bbox 649 2400 657 2417; x_wconf 83' lang='grc'>,</span> <span class='ocrx_word' id='word_1_221' title='bbox 676 2370 698 2406; x_wconf 89' lang='grc'>8</span> <span class='ocrx_word' id='word_1_222' title='bbox 727 2379 818 2407; x_wconf 91' lang='lat' dir='ltr'>cum</span> <span class='ocrx_word' id='word_1_223' title='bbox 853 2368 1131 2407; x_wconf 81' lang='lat' dir='ltr'>dissertatione</span> <span class='ocrx_word' id='word_1_224' title='bbox 1152 2368 1198 2408; x_wconf 89' lang='lat' dir='ltr'>de</span> <span class='ocrx_word' id='word_1_225' title='bbox 1232 2372 1328 2408; x_wconf 85' lang='lat' dir='ltr'>Pro-</span> 
     </span>
     <span class='ocr_line' id='line_1_37' title="bbox 359 2429 1328 2482; baseline 0.003 -14"><span class='ocrx_word' id='word_1_226' title='bbox 359 2430 518 2482; x_wconf 79' lang='lat' dir='ltr'>pleetica</span> <span class='ocrx_word' id='word_1_227' title='bbox 545 2429 716 2478; x_wconf 68' lang='lat' dir='ltr'>cisione,</span> <span class='ocrx_word' id='word_1_228' title='bbox 750 2431 890 2479; x_wconf 68' lang='lat' dir='ltr'>(quam</span> <span class='ocrx_word' id='word_1_229' title='bbox 915 2430 1038 2467; x_wconf 89' lang='lat' dir='ltr'>solam</span> <span class='ocrx_word' id='word_1_230' title='bbox 1064 2442 1185 2469; x_wconf 92' lang='lat' dir='ltr'>numo</span> <span class='ocrx_word' id='word_1_231' title='bbox 1209 2442 1328 2471; x_wconf 85' lang='lat' dir='ltr'>aureo</span> 
     </span>
     <span class='ocr_line' id='line_1_38' title="bbox 366 2491 1326 2539; baseline 0.002 -10"><span class='ocrx_word' id='word_1_232' title='bbox 366 2496 514 2529; x_wconf 74' lang='lat' dir='ltr'>«mmm</span> <span class='ocrx_word' id='word_1_233' title='bbox 554 2492 712 2529; x_wconf 90' lang='lat' dir='ltr'>Parisiis</span> <span class='ocrx_word' id='word_1_234' title='bbox 746 2491 883 2529; x_wconf 84' lang='lat' dir='ltr'>scribit</span> <span class='ocrx_word' id='word_1_235' title='bbox 913 2491 1130 2539; x_wconf 87' lang='lat' dir='ltr'>Simlerus)</span> <span class='ocrx_word' id='word_1_236' title='bbox 1152 2503 1225 2530; x_wconf 87' lang='lat' dir='ltr'>nee</span> <span class='ocrx_word' id='word_1_237' title='bbox 1249 2505 1326 2531; x_wconf 85' lang='lat' dir='ltr'>non</span> 
     </span>
     <span class='ocr_line' id='line_1_39' title="bbox 367 2550 1325 2603; baseline 0.002 -12"><span class='ocrx_word' id='word_1_238' title='bbox 367 2554 490 2601; x_wconf 62' lang='lat'>433897</span> <span class='ocrx_word' id='word_1_239' title='bbox 511 2554 545 2589; x_wconf 87' lang='lat'>8.</span> <span class='ocrx_word' id='word_1_240' title='bbox 564 2551 708 2590; x_wconf 87' lang='lat' dir='ltr'>additis</span> <span class='ocrx_word' id='word_1_241' title='bbox 728 2550 774 2590; x_wconf 79' lang='lat' dir='ltr'>(le</span> <span class='ocrx_word' id='word_1_242' title='bbox 797 2553 909 2599; x_wconf 86' lang='lat' dir='ltr'>Voto,</span> <span class='ocrx_word' id='word_1_243' title='bbox 931 2551 977 2590; x_wconf 83' lang='lat' dir='ltr'>de</span> <span class='ocrx_word' id='word_1_244' title='bbox 997 2551 1119 2590; x_wconf 88' lang='lat' dir='ltr'>libero</span> <span class='ocrx_word' id='word_1_245' title='bbox 1139 2552 1325 2603; x_wconf 87' lang='lat' dir='ltr'>arbitrio,</span> 
     </span>
     <span class='ocr_line' id='line_1_40' title="bbox 362 2612 1325 2663; baseline 0.005 -14"><span class='ocrx_word' id='word_1_246' title='bbox 362 2618 402 2650; x_wconf 76' lang='lat' dir='ltr'>et</span> <span class='ocrx_word' id='word_1_247' title='bbox 421 2612 467 2650; x_wconf 72' lang='lat' dir='ltr'>cle</span> <span class='ocrx_word' id='word_1_248' title='bbox 489 2612 715 2661; x_wconf 70' lang='lat' dir='ltr'>differentia</span> <span class='ocrx_word' id='word_1_249' title='bbox 737 2613 964 2662; x_wconf 82' lang='lat' dir='ltr'>Orationis,</span> <span class='ocrx_word' id='word_1_250' title='bbox 983 2625 1085 2663; x_wconf 88' lang='lat' dir='ltr'>quac</span> <span class='ocrx_word' id='word_1_251' title='bbox 1109 2616 1184 2652; x_wconf 88' lang='lat' dir='ltr'>tria</span> <span class='ocrx_word' id='word_1_252' title='bbox 1206 2616 1325 2655; x_wconf 89' lang='lat' dir='ltr'>etiam</span> 
     </span>
     <span class='ocr_line' id='line_1_41' title="bbox 363 2675 1328 2728; baseline 0.005 -17"><span class='ocrx_word' id='word_1_253' title='bbox 363 2675 587 2724; x_wconf 82' lang='lat' dir='ltr'>prodierant</span> <span class='ocrx_word' id='word_1_254' title='bbox 610 2676 710 2714; x_wconf 77' lang='grc'>1529</span> <span class='ocrx_word' id='word_1_255' title='bbox 730 2704 738 2722; x_wconf 86' lang='grc'><em>,</em></span> <span class='ocrx_word' id='word_1_256' title='bbox 760 2676 795 2712; x_wconf 90' lang='lat'>8.</span> <span class='ocrx_word' id='word_1_257' title='bbox 818 2676 873 2713; x_wconf 83' lang='lat' dir='ltr'>De</span> <span class='ocrx_word' id='word_1_258' title='bbox 894 2679 1096 2725; x_wconf 90' lang='lat' dir='ltr'>postremo</span> <span class='ocrx_word' id='word_1_259' title='bbox 1120 2675 1192 2715; x_wconf 88' lang='lat' dir='ltr'>hoc</span> <span class='ocrx_word' id='word_1_260' title='bbox 1212 2687 1328 2728; x_wconf 85' lang='lat' dir='ltr'>argu—</span> 
     </span>
     <span class='ocr_line' id='line_1_42' title="bbox 364 2735 1326 2786; baseline 0.004 -14"><span class='ocrx_word' id='word_1_261' title='bbox 364 2741 496 2773; x_wconf 87' lang='lat' dir='ltr'>mento</span> <span class='ocrx_word' id='word_1_262' title='bbox 522 2735 655 2774; x_wconf 85' lang='lat' dir='ltr'>itidem</span> <span class='ocrx_word' id='word_1_263' title='bbox 677 2736 878 2786; x_wconf 89' lang='lat' dir='ltr'>Epistolae</span> <span class='ocrx_word' id='word_1_264' title='bbox 899 2736 1002 2774; x_wconf 85' lang='lat' dir='ltr'>duae</span> <span class='ocrx_word' id='word_1_265' title='bbox 1022 2740 1246 2786; x_wconf 85' lang='lat' dir='ltr'>postremae</span> <span class='ocrx_word' id='word_1_266' title='bbox 1267 2740 1326 2776; x_wconf 91' lang='lat' dir='ltr'>in—</span> 
     </span>
     <span class='ocr_line' id='line_1_43' title="bbox 362 2796 1324 2846; baseline 0.005 -13"><span class='ocrx_word' id='word_1_267' title='bbox 362 2801 421 2833; x_wconf 89' lang='lat' dir='ltr'>ter</span> <span class='ocrx_word' id='word_1_268' title='bbox 441 2796 567 2834; x_wconf 88' lang='lat' dir='ltr'>editas</span> <span class='ocrx_word' id='word_1_269' title='bbox 583 2808 604 2834; x_wconf 89' lang='lat' dir='ltr'>a</span> <span class='ocrx_word' id='word_1_270' title='bbox 628 2797 743 2835; x_wconf 88' lang='lat' dir='ltr'>Badio</span> <span class='ocrx_word' id='word_1_271' title='bbox 757 2828 768 2846; x_wconf 80' lang='lat'><em>,</em></span> <span class='ocrx_word' id='word_1_272' title='bbox 791 2802 830 2835; x_wconf 85' lang='lat' dir='ltr'>et</span> <span class='ocrx_word' id='word_1_273' title='bbox 854 2798 952 2835; x_wconf 88' lang='lat' dir='ltr'>liber</span> <span class='ocrx_word' id='word_1_274' title='bbox 971 2798 1129 2836; x_wconf 88' lang='lat' dir='ltr'>Parisiis</span> <span class='ocrx_word' id='word_1_275' title='bbox 1148 2810 1324 2838; x_wconf 87' lang='lat' dir='ltr'>excusus</span> 
     </span>
     <span class='ocr_line' id='line_1_44' title="bbox 363 2856 1324 2914; baseline 0.005 -21"><span class='ocrx_word' id='word_1_276' title='bbox 363 2856 465 2905; x_wconf 88' lang='lat' dir='ltr'>apud</span> <span class='ocrx_word' id='word_1_277' title='bbox 486 2857 699 2895; x_wconf 80' lang='lat' dir='ltr'>Robertum</span> <span class='ocrx_word' id='word_1_278' title='bbox 716 2858 962 2908; x_wconf 84' lang='lat' dir='ltr'>Stephanum</span> <span class='ocrx_word' id='word_1_279' title='bbox 988 2860 1102 2908; x_wconf 69' lang='lat'><strong>1533,</strong></span> <span class='ocrx_word' id='word_1_280' title='bbox 1124 2861 1161 2898; x_wconf 89' lang='grc'>8.</span> <span class='ocrx_word' id='word_1_281' title='bbox 1182 2860 1228 2900; x_wconf 80' lang='lat' dir='ltr'>cle</span> <span class='ocrx_word' id='word_1_282' title='bbox 1248 2861 1324 2914; x_wconf 80' lang='lat' dir='ltr'>dif-</span> 
     </span>
     <span class='ocr_line' id='line_1_45' title="bbox 362 2917 1323 2970; baseline 0.008 -17"><span class='ocrx_word' id='word_1_283' title='bbox 362 2917 530 2966; x_wconf 69' lang='lat' dir='ltr'>ferentia</span> <span class='ocrx_word' id='word_1_284' title='bbox 545 2918 775 2968; x_wconf 73' lang='lat' dir='ltr'>vulqarium</span> <span class='ocrx_word' id='word_1_285' title='bbox 790 2919 1018 2970; x_wconf 67' lang='lat' dir='ltr'>linquarum</span> <span class='ocrx_word' id='word_1_286' title='bbox 1032 2924 1069 2959; x_wconf 88' lang='lat' dir='ltr'>et</span> <span class='ocrx_word' id='word_1_287' title='bbox 1085 2920 1230 2960; x_wconf 81' lang='lat' dir='ltr'>Gallici</span> <span class='ocrx_word' id='word_1_288' title='bbox 1238 2934 1323 2961; x_wconf 89' lang='lat' dir='ltr'>ser-</span> 
     </span>
     <span class='ocr_line' id='line_1_46' title="bbox 361 2978 1318 3033; baseline 0.013 -20"><span class='ocrx_word' id='word_1_289' title='bbox 361 2978 485 3016; x_wconf 81' lang='lat' dir='ltr'>monis</span> <span class='ocrx_word' id='word_1_290' title='bbox 521 2979 740 3028; x_wconf 75' lang='lat' dir='ltr'>varietate,</span> <span class='ocrx_word' id='word_1_291' title='bbox 775 2992 822 3018; x_wconf 77' lang='lat' dir='ltr'>ex</span> <span class='ocrx_word' id='word_1_292' title='bbox 864 2982 1089 3020; x_wconf 88' lang='lat' dir='ltr'>nationibus</span> <span class='ocrx_word' id='word_1_293' title='bbox 1124 2983 1318 3033; x_wconf 86' lang='lat' dir='ltr'>diversis,</span> 
     </span>
     <span class='ocr_line' id='line_1_47' title="bbox 365 3040 1324 3091; baseline 0.016 -21"><span class='ocrx_word' id='word_1_294' title='bbox 365 3049 463 3085; x_wconf 72' lang='lat' dir='ltr'>quae</span> <span class='ocrx_word' id='word_1_295' title='bbox 484 3051 552 3088; x_wconf 73' lang='lat' dir='ltr'>por</span> <span class='ocrx_word' id='word_1_296' title='bbox 572 3040 718 3079; x_wconf 88' lang='lat' dir='ltr'>Gallias</span> <span class='ocrx_word' id='word_1_297' title='bbox 732 3042 942 3091; x_wconf 84' lang='lat' dir='ltr'>transiere,</span> <span class='ocrx_word' id='word_1_298' title='bbox 963 3044 1027 3081; x_wconf 89' lang='lat' dir='ltr'>vel</span> <span class='ocrx_word' id='word_1_299' title='bbox 1047 3045 1085 3081; x_wconf 90' lang='lat' dir='ltr'>in</span> <span class='ocrx_word' id='word_1_300' title='bbox 1102 3055 1146 3083; x_wconf 90' lang='lat' dir='ltr'>ea</span> <span class='ocrx_word' id='word_1_301' title='bbox 1165 3046 1324 3084; x_wconf 84' lang='lat' dir='ltr'>resede-</span> 
     </span>
     <span class='ocr_line' id='line_1_48' title="bbox 368 3100 1320 3153; baseline 0.013 -20"><span class='ocrx_word' id='word_1_302' title='bbox 368 3104 469 3135; x_wconf 87' lang='lat' dir='ltr'>runt.</span> <span class='ocrx_word' id='word_1_303' title='bbox 495 3100 602 3145; x_wconf 85' lang='lat' dir='ltr'>Quae</span> <span class='ocrx_word' id='word_1_304' title='bbox 627 3113 748 3141; x_wconf 85' lang='lat' dir='ltr'>voces</span> <span class='ocrx_word' id='word_1_305' title='bbox 771 3103 876 3153; x_wconf 88' lang='lat' dir='ltr'>apud</span> <span class='ocrx_word' id='word_1_306' title='bbox 893 3104 1025 3143; x_wconf 86' lang='lat' dir='ltr'>Gallos</span> <span class='ocrx_word' id='word_1_307' title='bbox 1049 3107 1130 3143; x_wconf 92' lang='lat' dir='ltr'>sint</span> <span class='ocrx_word' id='word_1_308' title='bbox 1150 3107 1320 3145; x_wconf 81' lang='lat' dir='ltr'>factitiae</span> 
     </span>
     <span class='ocr_line' id='line_1_49' title="bbox 366 3158 1321 3216; baseline 0.014 -23"><span class='ocrx_word' id='word_1_309' title='bbox 366 3158 427 3193; x_wconf 75' lang='lat' dir='ltr'>vel</span> <span class='ocrx_word' id='word_1_310' title='bbox 452 3159 652 3207; x_wconf 82' lang='lat' dir='ltr'>barbarae,</span> <span class='ocrx_word' id='word_1_311' title='bbox 678 3175 780 3213; x_wconf 83' lang='lat' dir='ltr'>quae</span> <span class='ocrx_word' id='word_1_312' title='bbox 816 3166 910 3203; x_wconf 82' lang='lat' dir='ltr'>item</span> <span class='ocrx_word' id='word_1_313' title='bbox 934 3167 1083 3216; x_wconf 77' lang='lat' dir='ltr'>origine</span> <span class='ocrx_word' id='word_1_314' title='bbox 1108 3168 1184 3206; x_wconf 93' lang='lat' dir='ltr'>illis</span> <span class='ocrx_word' id='word_1_315' title='bbox 1210 3168 1321 3206; x_wconf 79' lang='lat' dir='ltr'>sami-</span> 
     </span>
     <span class='ocr_line' id='line_1_50' title="bbox 367 3216 1319 3267; baseline 0.016 -15"><span class='ocrx_word' id='word_1_316' title='bbox 367 3216 494 3253; x_wconf 65' lang='lat' dir='ltr'>liaws.</span> <span class='ocrx_word' id='word_1_317' title='bbox 519 3222 618 3259; x_wconf 78' lang='lat' dir='ltr'>etde</span> <span class='ocrx_word' id='word_1_318' title='bbox 642 3224 918 3264; x_wconf 85' lang='lat' dir='ltr'>allucinatione</span> <span class='ocrx_word' id='word_1_319' title='bbox 937 3226 1227 3267; x_wconf 85' lang='lat' dir='ltr'>Gallicanorum</span> <span class='ocrx_word' id='word_1_320' title='bbox 1250 3240 1319 3267; x_wconf 90' lang='lat' dir='ltr'>no-</span> 
     </span>
     <span class='ocr_line' id='line_1_51' title="bbox 368 3277 1318 3339; baseline 0.006 -17"><span class='ocrx_word' id='word_1_321' title='bbox 368 3277 515 3314; x_wconf 61' lang='lat' dir='ltr'>minum</span> <span class='ocrx_word' id='word_1_322' title='bbox 540 3285 611 3319; x_wconf 55' lang='lat' dir='ltr'>otc.</span> <span class='ocrx_word' id='word_1_323' title='bbox 638 3285 881 3325; x_wconf 80' lang='lat' dir='ltr'>Conferenda</span> <span class='ocrx_word' id='word_1_324' title='bbox 901 3289 1020 3327; x_wconf 82' lang='lat' dir='ltr'>etiam</span> <span class='ocrx_word' id='word_1_325' title='bbox 1044 3300 1145 3339; x_wconf 86' lang='lat' dir='ltr'>quae</span> <span class='ocrx_word' id='word_1_326' title='bbox 1170 3289 1218 3328; x_wconf 83' lang='lat' dir='ltr'>ad</span> <span class='ocrx_word' id='word_1_327' title='bbox 1244 3292 1318 3330; x_wconf 87' lang='lat' dir='ltr'>Bo-</span> 
     </span>
    </p>
   </div>
   <div class='ocr_carea' id='block_1_2' title="bbox 1210 211 1555 252">
    <p class='ocr_par' dir='ltr' id='par_1_8' title="bbox 1210 211 1555 252">
     <span class='ocr_line' id='line_1_52' title="bbox 1210 211 1555 252; baseline 0 -2"><span class='ocrx_word' id='word_1_328' title='bbox 1210 211 1555 252; x_wconf 77' lang='lat' dir='ltr'>CAROLL&#39;S</span> 
     </span>
    </p>
   </div>
   <div class='ocr_carea' id='block_1_3' title="bbox 1405 282 2377 1317">
    <p class='ocr_par' dir='ltr' id='par_1_9' title="bbox 1415 282 2376 324">
     <span class='ocr_line' id='line_1_53' title="bbox 1415 282 2376 324; baseline 0.005 -5"><span class='ocrx_word' id='word_1_329' title='bbox 1415 282 1496 320; x_wconf 85' lang='lat' dir='ltr'>villi</span> <span class='ocrx_word' id='word_1_330' title='bbox 1533 282 1689 321; x_wconf 86' lang='lat' dir='ltr'>tabulas</span> <span class='ocrx_word' id='word_1_331' title='bbox 1723 292 1868 322; x_wconf 86' lang='lat' dir='ltr'>vocum</span> <span class='ocrx_word' id='word_1_332' title='bbox 1896 282 2187 323; x_wconf 85' lang='lat' dir='ltr'>Gallicanarum</span> <span class='ocrx_word' id='word_1_333' title='bbox 2224 284 2376 324; x_wconf 85' lang='lat' dir='ltr'>notavit</span> 
     </span>
    </p>

    <p class='ocr_par' dir='ltr' id='par_1_10' title="bbox 1418 343 2376 456">
     <span class='ocr_line' id='line_1_54' title="bbox 1418 343 2376 396; baseline 0.004 -15"><span class='ocrx_word' id='word_1_334' title='bbox 1418 343 1927 396; x_wconf 78' lang='lat' dir='ltr'>Wolfgangus.}1ungarus.</span> <span class='ocrx_word' id='word_1_335' title='bbox 1943 344 2194 396; x_wconf 80' lang='lat' dir='ltr'>Argentorat.</span> <span class='ocrx_word' id='word_1_336' title='bbox 2216 347 2318 386; x_wconf 81' lang='grc'>1583</span> <span class='ocrx_word' id='word_1_337' title='bbox 2339 348 2376 386; x_wconf 90' lang='grc'>8.</span> 
     </span>
     <span class='ocr_line' id='line_1_55' title="bbox 1470 404 2373 456; baseline 0.006 -13"><span class='ocrx_word' id='word_1_338' title='bbox 1470 404 1790 456; x_wconf 77' lang='lat' dir='ltr'>Theoloyicarum</span> <span class='ocrx_word' id='word_1_339' title='bbox 1808 405 2112 446; x_wconf 86' lang='lat' dir='ltr'>Conclusionum</span> <span class='ocrx_word' id='word_1_340' title='bbox 2127 405 2224 446; x_wconf 85' lang='lat' dir='ltr'>libri</span> <span class='ocrx_word' id='word_1_341' title='bbox 2242 408 2284 447; x_wconf 84' lang='lat' dir='ltr'>X.</span> <span class='ocrx_word' id='word_1_342' title='bbox 2302 409 2373 448; x_wconf 84' lang='lat' dir='ltr'>Pa-</span> 
     </span>
    </p>

    <p class='ocr_par' dir='ltr' id='par_1_11' title="bbox 1414 467 2274 517">
     <span class='ocr_line' id='line_1_56' title="bbox 1414 467 2274 517; baseline 0.005 -13"><span class='ocrx_word' id='word_1_343' title='bbox 1414 467 1520 505; x_wconf 89' lang='lat' dir='ltr'>risiis</span> <span class='ocrx_word' id='word_1_344' title='bbox 1545 468 1664 515; x_wconf 74' lang='grc'>1501,</span> <span class='ocrx_word' id='word_1_345' title='bbox 1691 469 1813 517; x_wconf 80' lang='grc'>4513,</span> <span class='ocrx_word' id='word_1_346' title='bbox 1840 468 1861 506; x_wconf 74' lang='lat'><strong>4</strong></span> <span class='ocrx_word' id='word_1_347' title='bbox 1882 468 2060 507; x_wconf 87' lang='lat' dir='ltr'>Venetiis</span> <span class='ocrx_word' id='word_1_348' title='bbox 2081 470 2184 508; x_wconf 77' lang='grc'>1515</span> <span class='ocrx_word' id='word_1_349' title='bbox 2210 470 2274 508; x_wconf 81' lang='lat' dir='ltr'>rol.</span> 
     </span>
    </p>

    <p class='ocr_par' dir='ltr' id='par_1_12' title="bbox 1410 527 2377 752">
     <span class='ocr_line' id='line_1_57' title="bbox 1463 527 2374 580; baseline 0.002 -13"><span class='ocrx_word' id='word_1_350' title='bbox 1463 528 1725 580; x_wconf 79' lang='lat' dir='ltr'>Physicorum</span> <span class='ocrx_word' id='word_1_351' title='bbox 1762 527 2041 568; x_wconf 84' lang='lat' dir='ltr'>elementorum</span> <span class='ocrx_word' id='word_1_352' title='bbox 2079 527 2177 568; x_wconf 82' lang='lat' dir='ltr'>libri</span> <span class='ocrx_word' id='word_1_353' title='bbox 2212 529 2345 569; x_wconf 86' lang='lat' dir='ltr'>decem</span> <span class='ocrx_word' id='word_1_354' title='bbox 2362 561 2374 579; x_wconf 87' lang='lat'><em>,</em></span> 
     </span>
     <span class='ocr_line' id='line_1_58' title="bbox 1410 590 2376 642; baseline 0.001 -13"><span class='ocrx_word' id='word_1_355' title='bbox 1410 602 1581 640; x_wconf 85' lang='lat' dir='ltr'>quorum</span> <span class='ocrx_word' id='word_1_356' title='bbox 1611 590 1860 641; x_wconf 84' lang='lat' dir='ltr'>singulorum</span> <span class='ocrx_word' id='word_1_357' title='bbox 1884 592 2014 641; x_wconf 88' lang='lat' dir='ltr'>capita</span> <span class='ocrx_word' id='word_1_358' title='bbox 2047 590 2188 629; x_wconf 82' lang='lat' dir='ltr'>decem</span> <span class='ocrx_word' id='word_1_359' title='bbox 2218 592 2376 642; x_wconf 85' lang='lat' dir='ltr'>singula</span> 
     </span>
     <span class='ocr_line' id='line_1_59' title="bbox 1410 651 2377 703; baseline 0.001 -13"><span class='ocrx_word' id='word_1_360' title='bbox 1410 657 1506 690; x_wconf 90' lang='lat' dir='ltr'>sunt</span> <span class='ocrx_word' id='word_1_361' title='bbox 1519 651 1672 703; x_wconf 82' lang='lat' dir='ltr'>digesta</span> <span class='ocrx_word' id='word_1_362' title='bbox 1687 652 1827 691; x_wconf 91' lang='lat' dir='ltr'>decem</span> <span class='ocrx_word' id='word_1_363' title='bbox 1846 651 2200 702; x_wconf 88' lang='lat' dir='ltr'>propositionibus,</span> <span class='ocrx_word' id='word_1_364' title='bbox 2216 653 2377 691; x_wconf 84' lang='lat' dir='ltr'>Parisiis</span> 
     </span>
     <span class='ocr_line' id='line_1_60' title="bbox 1412 714 1603 752; baseline 0 -1"><span class='ocrx_word' id='word_1_365' title='bbox 1412 714 1514 752; x_wconf 78' lang='grc'>1510</span> <span class='ocrx_word' id='word_1_366' title='bbox 1540 714 1603 752; x_wconf 84' lang='lat' dir='ltr'>fol.</span> 
     </span>
    </p>

    <p class='ocr_par' dir='ltr' id='par_1_13' title="bbox 1409 771 2376 874">
     <span class='ocr_line' id='line_1_61' title="bbox 1462 771 2376 814; baseline 0.001 -3"><span class='ocrx_word' id='word_1_367' title='bbox 1462 775 1636 813; x_wconf 85' lang='lat' dir='ltr'>Libellus</span> <span class='ocrx_word' id='word_1_368' title='bbox 1658 774 1705 813; x_wconf 86' lang='lat' dir='ltr'>de</span> <span class='ocrx_word' id='word_1_369' title='bbox 1741 773 2013 814; x_wconf 82' lang='lat' dir='ltr'>constitutione</span> <span class='ocrx_word' id='word_1_370' title='bbox 2037 777 2075 812; x_wconf 84' lang='lat' dir='ltr'>et</span> <span class='ocrx_word' id='word_1_371' title='bbox 2106 771 2278 812; x_wconf 74' lang='lat' dir='ltr'>utilitate</span> <span class='ocrx_word' id='word_1_372' title='bbox 2306 786 2376 812; x_wconf 87' lang='lat' dir='ltr'>ar-</span> 
     </span>
     <span class='ocr_line' id='line_1_62' title="bbox 1409 833 2014 874; baseline 0 -2"><span class='ocrx_word' id='word_1_373' title='bbox 1409 834 1505 873; x_wconf 83' lang='lat' dir='ltr'>tium</span> <span class='ocrx_word' id='word_1_374' title='bbox 1530 833 1812 874; x_wconf 79' lang='lat' dir='ltr'>humanarum.</span> <span class='ocrx_word' id='word_1_375' title='bbox 1835 837 1958 874; x_wconf 84' lang='lat' dir='ltr'>Paris.</span> <span class='ocrx_word' id='word_1_376' title='bbox 1979 835 2014 873; x_wconf 85' lang='lat'>4.</span> 
     </span>
    </p>

    <p class='ocr_par' dir='ltr' id='par_1_14' title="bbox 1407 895 2374 1068">
     <span class='ocr_line' id='line_1_63' title="bbox 1460 895 2374 936; baseline 0.001 -1"><span class='ocrx_word' id='word_1_377' title='bbox 1460 895 1682 936; x_wconf 84' lang='lat' dir='ltr'>Proverbia</span> <span class='ocrx_word' id='word_1_378' title='bbox 1701 902 1741 935; x_wconf 87' lang='lat' dir='ltr'>et</span> <span class='ocrx_word' id='word_1_379' title='bbox 1761 898 1984 935; x_wconf 89' lang='lat' dir='ltr'>sententiae</span> <span class='ocrx_word' id='word_1_380' title='bbox 2004 907 2096 935; x_wconf 90' lang='lat' dir='ltr'>cum</span> <span class='ocrx_word' id='word_1_381' title='bbox 2112 896 2260 935; x_wconf 86' lang='lat' dir='ltr'>Gallica</span> <span class='ocrx_word' id='word_1_382' title='bbox 2285 908 2374 936; x_wconf 86' lang='lat' dir='ltr'>ver-</span> 
     </span>
     <span class='ocr_line' id='line_1_64' title="bbox 1407 959 2372 1007; baseline 0.003 -12"><span class='ocrx_word' id='word_1_383' title='bbox 1407 960 1516 997; x_wconf 84' lang='lat' dir='ltr'>sione</span> <span class='ocrx_word' id='word_1_384' title='bbox 1539 963 1579 997; x_wconf 90' lang='lat' dir='ltr'>et</span> <span class='ocrx_word' id='word_1_385' title='bbox 1604 960 1742 998; x_wconf 85' lang='lat' dir='ltr'>Latino</span> <span class='ocrx_word' id='word_1_386' title='bbox 1762 959 2071 999; x_wconf 88' lang='lat' dir='ltr'>Commentario.</span> <span class='ocrx_word' id='word_1_387' title='bbox 2095 959 2214 997; x_wconf 83' lang='lat' dir='ltr'>Paris.</span> <span class='ocrx_word' id='word_1_388' title='bbox 2243 959 2338 998; x_wconf 77' lang='grc'>1531</span> <span class='ocrx_word' id='word_1_389' title='bbox 2364 988 2372 1007; x_wconf 84' lang='grc'>,</span> 
     </span>
     <span class='ocr_line' id='line_1_65' title="bbox 1410 1019 1751 1068; baseline 0.003 -10"><span class='ocrx_word' id='word_1_390' title='bbox 1410 1019 1513 1058; x_wconf 69' lang='grc'>1557</span> <span class='ocrx_word' id='word_1_391' title='bbox 1528 1052 1539 1068; x_wconf 87' lang='lat'><em>,</em></span> <span class='ocrx_word' id='word_1_392' title='bbox 1562 1020 1692 1066; x_wconf 80' lang='grc'>1587,</span> <span class='ocrx_word' id='word_1_393' title='bbox 1714 1021 1751 1059; x_wconf 92' lang='grc'>8.</span> 
     </span>
    </p>

    <p class='ocr_par' dir='ltr' id='par_1_15' title="bbox 1405 1079 2373 1317">
     <span class='ocr_line' id='line_1_66' title="bbox 1458 1079 2373 1132; baseline 0 -13"><span class='ocrx_word' id='word_1_394' title='bbox 1458 1082 1686 1132; x_wconf 81' lang='lat' dir='ltr'>Antequam</span> <span class='ocrx_word' id='word_1_395' title='bbox 1697 1082 1894 1120; x_wconf 87' lang='lat' dir='ltr'>Bovillum</span> <span class='ocrx_word' id='word_1_396' title='bbox 1911 1079 2270 1131; x_wconf 73' lang='lat' dir='ltr'>relinquam‚juvat</span> <span class='ocrx_word' id='word_1_397' title='bbox 2285 1080 2373 1132; x_wconf 86' lang='lat' dir='ltr'>ejus</span> 
     </span>
     <span class='ocr_line' id='line_1_67' title="bbox 1405 1141 2369 1194; baseline 0 -12"><span class='ocrx_word' id='word_1_398' title='bbox 1405 1144 1623 1194; x_wconf 88' lang='lat' dir='ltr'>Epistolam</span> <span class='ocrx_word' id='word_1_399' title='bbox 1633 1155 1849 1194; x_wconf 82' lang='lat' dir='ltr'>apponere,</span> <span class='ocrx_word' id='word_1_400' title='bbox 1866 1154 1944 1192; x_wconf 91' lang='lat' dir='ltr'>qua</span> <span class='ocrx_word' id='word_1_401' title='bbox 1961 1142 2057 1180; x_wconf 89' lang='lat' dir='ltr'>mihi</span> <span class='ocrx_word' id='word_1_402' title='bbox 2072 1141 2233 1182; x_wconf 89' lang='lat' dir='ltr'>videtur</span> <span class='ocrx_word' id='word_1_403' title='bbox 2248 1154 2369 1194; x_wconf 86' lang='lat' dir='ltr'>quae-</span> 
     </span>
     <span class='ocr_line' id='line_1_68' title="bbox 1407 1204 2371 1255; baseline -0.001 -12"><span class='ocrx_word' id='word_1_404' title='bbox 1407 1207 1577 1243; x_wconf 89' lang='lat' dir='ltr'>stionem</span> <span class='ocrx_word' id='word_1_405' title='bbox 1601 1210 1737 1243; x_wconf 91' lang='lat' dir='ltr'>nostro</span> <span class='ocrx_word' id='word_1_406' title='bbox 1756 1210 1934 1255; x_wconf 86' lang='lat' dir='ltr'>tempore</span> <span class='ocrx_word' id='word_1_407' title='bbox 1964 1204 2178 1254; x_wconf 87' lang='lat' dir='ltr'>praeclaris</span> <span class='ocrx_word' id='word_1_408' title='bbox 2203 1205 2371 1255; x_wconf 83' lang='lat' dir='ltr'>ingeniis</span> 
     </span>
     <span class='ocr_line' id='line_1_69' title="bbox 1405 1265 2138 1317; baseline -0.003 -12"><span class='ocrx_word' id='word_1_409' title='bbox 1405 1269 1593 1317; x_wconf 78' lang='lat' dir='ltr'>agitatam</span> <span class='ocrx_word' id='word_1_410' title='bbox 1619 1278 1698 1305; x_wconf 87' lang='lat' dir='ltr'>non</span> <span class='ocrx_word' id='word_1_411' title='bbox 1723 1266 1895 1306; x_wconf 86' lang='lat' dir='ltr'>absurde</span> <span class='ocrx_word' id='word_1_412' title='bbox 1926 1265 2138 1304; x_wconf 85' lang='lat' dir='ltr'>illustrare.</span> 
     </span>
    </p>
   </div>
   <div class='ocr_carea' id='block_1_4' title="bbox 1459 1362 2363 1474">
    <p class='ocr_par' dir='ltr' id='par_1_16' title="bbox 1459 1362 2363 1474">
     <span class='ocr_line' id='line_1_70' title="bbox 1459 1362 2363 1413; baseline 0.002 -12"><span class='ocrx_word' id='word_1_413' title='bbox 1459 1362 1624 1401; x_wconf 85' lang='lat' dir='ltr'>Carolus</span> <span class='ocrx_word' id='word_1_414' title='bbox 1661 1362 1909 1401; x_wconf 86' lang='lat' dir='ltr'>BOVILLUS</span> <span class='ocrx_word' id='word_1_415' title='bbox 1942 1362 2121 1413; x_wconf 88' lang='lat' dir='ltr'>Philippo</span> <span class='ocrx_word' id='word_1_416' title='bbox 2146 1362 2363 1403; x_wconf 86' lang='lat' dir='ltr'>NOFERIO</span> 
     </span>
     <span class='ocr_line' id='line_1_71' title="bbox 1665 1423 2109 1474; baseline 0.002 -13"><span class='ocrx_word' id='word_1_417' title='bbox 1665 1424 1821 1461; x_wconf 87' lang='lat' dir='ltr'>Doctori</span> <span class='ocrx_word' id='word_1_418' title='bbox 1850 1423 2047 1474; x_wconf 81' lang='lat' dir='ltr'>Theologo</span> <span class='ocrx_word' id='word_1_419' title='bbox 2070 1424 2109 1463; x_wconf 91' lang='lat' dir='ltr'>S.</span> 
     </span>
    </p>
   </div>
   <div class='ocr_carea' id='block_1_5' title="bbox 1457 1509 2368 1562">
    <p class='ocr_par' dir='ltr' id='par_1_17' title="bbox 1457 1509 2368 1562">
     <span class='ocr_line' id='line_1_72' title="bbox 1457 1509 2368 1562; baseline 0.003 -14"><span class='ocrx_word' id='word_1_420' title='bbox 1457 1509 1606 1548; x_wconf 78' lang='lat' dir='ltr'>oborta</span> <span class='ocrx_word' id='word_1_421' title='bbox 1625 1509 1799 1562; x_wconf 85' lang='lat' dir='ltr'>quadam</span> <span class='ocrx_word' id='word_1_422' title='bbox 1820 1509 1882 1549; x_wconf 86' lang='lat' dir='ltr'>die</span> <span class='ocrx_word' id='word_1_423' title='bbox 1902 1510 2005 1550; x_wconf 86' lang='lat' dir='ltr'>inter</span> <span class='ocrx_word' id='word_1_424' title='bbox 2019 1521 2089 1549; x_wconf 87' lang='lat' dir='ltr'>nos</span> <span class='ocrx_word' id='word_1_425' title='bbox 2108 1509 2154 1549; x_wconf 88' lang='lat' dir='ltr'>de</span> <span class='ocrx_word' id='word_1_426' title='bbox 2170 1512 2368 1552; x_wconf 77' lang='lat' dir='ltr'>creatione</span> 
     </span>
    </p>
   </div>
   <div class='ocr_carea' id='block_1_6' title="bbox 1400 1571 2373 1678">
    <p class='ocr_par' dir='ltr' id='par_1_18' title="bbox 1400 1571 2373 1678">
     <span class='ocr_line' id='line_1_73' title="bbox 1406 1571 2373 1624; baseline 0.001 -13"><span class='ocrx_word' id='word_1_427' title='bbox 1406 1572 1548 1611; x_wconf 79' lang='lat' dir='ltr'>Mundi</span> <span class='ocrx_word' id='word_1_428' title='bbox 1582 1572 1885 1623; x_wconf 74' lang='lat' dir='ltr'>disceptatione,</span> <span class='ocrx_word' id='word_1_429' title='bbox 1927 1571 2087 1612; x_wconf 83' lang='lat' dir='ltr'>dicebas</span> <span class='ocrx_word' id='word_1_430' title='bbox 2123 1573 2373 1624; x_wconf 71' lang='lat' dir='ltr'>quampluri—</span> 
     </span>
     <span class='ocr_line' id='line_1_74' title="bbox 1400 1624 2364 1678; baseline 0.003 -16"><span class='ocrx_word' id='word_1_431' title='bbox 1400 1636 1484 1663; x_wconf 84' lang='lat' dir='ltr'>mos</span> <span class='ocrx_word' id='word_1_432' title='bbox 1508 1625 1548 1663; x_wconf 83' lang='lat' dir='ltr'>in</span> <span class='ocrx_word' id='word_1_433' title='bbox 1571 1637 1658 1664; x_wconf 84' lang='lat' dir='ltr'>eam</span> <span class='ocrx_word' id='word_1_434' title='bbox 1677 1625 1937 1675; x_wconf 77' lang='lat' dir='ltr'>opinationem</span> <span class='ocrx_word' id='word_1_435' title='bbox 1967 1624 2209 1676; x_wconf 69' lang='lat' dir='ltr'>confluacz&#39;sse</span> <span class='ocrx_word' id='word_1_436' title='bbox 2222 1657 2234 1676; x_wconf 70' lang='lat'><em>,</em></span> <span class='ocrx_word' id='word_1_437' title='bbox 2260 1637 2364 1678; x_wconf 85' lang='lat' dir='ltr'>quae</span> 
     </span>
    </p>
   </div>
   <div class='ocr_carea' id='block_1_7' title="bbox 1400 1686 2374 2106">
    <p class='ocr_par' dir='ltr' id='par_1_19' title="bbox 1400 1686 2374 2106">
     <span class='ocr_line' id='line_1_75' title="bbox 1400 1686 2370 1736; baseline 0.002 -12"><span class='ocrx_word' id='word_1_438' title='bbox 1400 1687 1550 1725; x_wconf 83' lang='lat' dir='ltr'><em>DEUM</em></span> <span class='ocrx_word' id='word_1_439' title='bbox 1569 1686 1619 1724; x_wconf 87' lang='lat' dir='ltr'>ab</span> <span class='ocrx_word' id='word_1_440' title='bbox 1639 1690 1798 1724; x_wconf 85' lang='lat' dir='ltr'>aeterno</span> <span class='ocrx_word' id='word_1_441' title='bbox 1809 1686 1989 1736; x_wconf 85' lang='lat' dir='ltr'>potuisse</span> <span class='ocrx_word' id='word_1_442' title='bbox 2008 1687 2181 1726; x_wconf 84' lang='lat' dir='ltr'>omnium</span> <span class='ocrx_word' id='word_1_443' title='bbox 2201 1688 2370 1727; x_wconf 85' lang='lat' dir='ltr'>creatio—</span> 
     </span>
     <span class='ocr_line' id='line_1_76' title="bbox 1402 1748 2370 1799; baseline 0.002 -13"><span class='ocrx_word' id='word_1_444' title='bbox 1402 1760 1490 1787; x_wconf 90' lang='lat' dir='ltr'>nem</span> <span class='ocrx_word' id='word_1_445' title='bbox 1527 1748 1746 1788; x_wconf 82' lang='lat' dir='ltr'>absolvisse</span> <span class='ocrx_word' id='word_1_446' title='bbox 1783 1751 1964 1786; x_wconf 81' lang='lat' dir='ltr'>testatur.</span> <span class='ocrx_word' id='word_1_447' title='bbox 1999 1748 2083 1799; x_wconf 73' lang='lat' dir='ltr'>Eyo</span> <span class='ocrx_word' id='word_1_448' title='bbox 2123 1761 2218 1788; x_wconf 87' lang='lat' dir='ltr'>vero</span> <span class='ocrx_word' id='word_1_449' title='bbox 2260 1748 2370 1788; x_wconf 84' lang='lat' dir='ltr'>haud</span> 
     </span>
     <span class='ocr_line' id='line_1_77' title="bbox 1403 1808 2374 1862; baseline 0.003 -16"><span class='ocrx_word' id='word_1_450' title='bbox 1403 1809 1556 1847; x_wconf 83' lang='lat' dir='ltr'>omnino</span> <span class='ocrx_word' id='word_1_451' title='bbox 1574 1809 1664 1847; x_wconf 75' lang='lat' dir='ltr'>liu-ic</span> <span class='ocrx_word' id='word_1_452' title='bbox 1680 1808 1895 1848; x_wconf 86' lang='lat' dir='ltr'>assertioni</span> <span class='ocrx_word' id='word_1_453' title='bbox 1902 1808 2155 1858; x_wconf 82' lang='lat' dir='ltr'>adversatus,</span> <span class='ocrx_word' id='word_1_454' title='bbox 2171 1808 2374 1862; x_wconf 75' lang='lat' dir='ltr'>subjunaei</span> 
     </span>
     <span class='ocr_line' id='line_1_78' title="bbox 1401 1869 2368 1922; baseline 0.001 -12"><span class='ocrx_word' id='word_1_455' title='bbox 1401 1872 1472 1909; x_wconf 87' lang='lat' dir='ltr'>DE</span> <span class='ocrx_word' id='word_1_456' title='bbox 1478 1872 1547 1910; x_wconf 73' lang='grc' dir='ltr'>ΠΜ</span> <span class='ocrx_word' id='word_1_457' title='bbox 1574 1870 1625 1908; x_wconf 88' lang='lat' dir='ltr'>ab</span> <span class='ocrx_word' id='word_1_458' title='bbox 1655 1874 1816 1909; x_wconf 86' lang='lat' dir='ltr'>aeterno</span> <span class='ocrx_word' id='word_1_459' title='bbox 1852 1870 2068 1910; x_wconf 83' lang='lat' dir='ltr'>secundum</span> <span class='ocrx_word' id='word_1_460' title='bbox 2101 1869 2368 1922; x_wconf 62' lang='lat' dir='ltr'>adjacentiam</span> 
     </span>
     <span class='ocr_line' id='line_1_79' title="bbox 1401 1932 2368 1988; baseline 0.002 -17"><span class='ocrx_word' id='word_1_461' title='bbox 1401 1932 1558 1984; x_wconf 86' lang='lat' dir='ltr'>quidem</span> <span class='ocrx_word' id='word_1_462' title='bbox 1586 1932 1810 1984; x_wconf 85' lang='lat' dir='ltr'>potestatis,</span> <span class='ocrx_word' id='word_1_463' title='bbox 1835 1933 1869 1982; x_wconf 88' lang='lat' dir='ltr'>a)</span> <span class='ocrx_word' id='word_1_464' title='bbox 1892 1943 1970 1970; x_wconf 86' lang='lat' dir='ltr'>non</span> <span class='ocrx_word' id='word_1_465' title='bbox 1993 1935 2124 1988; x_wconf 84' lang='lat' dir='ltr'>tamen</span> <span class='ocrx_word' id='word_1_466' title='bbox 2151 1932 2368 1981; x_wconf 85' lang='lat' dir='ltr'>secundum</span> 
     </span>
     <span class='ocr_line' id='line_1_80' title="bbox 1401 1993 2370 2046; baseline 0.002 -14"><span class='ocrx_word' id='word_1_467' title='bbox 1401 1995 1528 2046; x_wconf 77' lang='lat' dir='ltr'>ipsius</span> <span class='ocrx_word' id='word_1_468' title='bbox 1561 1995 1692 2046; x_wconf 82' lang='lat' dir='ltr'>operis</span> <span class='ocrx_word' id='word_1_469' title='bbox 1714 1993 1986 2033; x_wconf 68' lang='lat' dir='ltr'>executionem</span> <span class='ocrx_word' id='word_1_470' title='bbox 2013 1993 2192 2044; x_wconf 86' lang='lat' dir='ltr'>potuisse</span> <span class='ocrx_word' id='word_1_471' title='bbox 2227 2006 2370 2046; x_wconf 80' lang='lat' dir='ltr'>creare</span> 
     </span>
     <span class='ocr_line' id='line_1_81' title="bbox 1401 2054 2369 2106; baseline 0.002 -12"><span class='ocrx_word' id='word_1_472' title='bbox 1401 2057 1604 2094; x_wconf 81' lang='lat' dir='ltr'>universa.</span> <span class='ocrx_word' id='word_1_473' title='bbox 1630 2054 1855 2095; x_wconf 85' lang='lat' dir='ltr'>Secundum</span> <span class='ocrx_word' id='word_1_474' title='bbox 1878 2054 2141 2105; x_wconf 83' lang='lat' dir='ltr'>adjacentiam</span> <span class='ocrx_word' id='word_1_475' title='bbox 2158 2055 2369 2106; x_wconf 81' lang='lat' dir='ltr'>potestatis</span> 
     </span>
    </p>
   </div>
   <div class='ocr_carea' id='block_1_8' title="bbox 1403 2116 2368 2219">
    <p class='ocr_par' dir='ltr' id='par_1_20' title="bbox 1403 2116 2368 2219">
     <span class='ocr_line' id='line_1_82' title="bbox 1403 2116 2368 2167; baseline 0.002 -13"><span class='ocrx_word' id='word_1_476' title='bbox 1403 2117 1488 2154; x_wconf 82' lang='lat' dir='ltr'>(lico</span> <span class='ocrx_word' id='word_1_477' title='bbox 1504 2149 1514 2165; x_wconf 78' lang='grc'>,</span> <span class='ocrx_word' id='word_1_478' title='bbox 1531 2117 1626 2167; x_wconf 85' lang='lat' dir='ltr'>quia</span> <span class='ocrx_word' id='word_1_479' title='bbox 1646 2116 1717 2153; x_wconf 86' lang='lat' dir='ltr'>DE</span> <span class='ocrx_word' id='word_1_480' title='bbox 1723 2117 1782 2155; x_wconf 86' lang='lat' dir='ltr'>US</span> <span class='ocrx_word' id='word_1_481' title='bbox 1801 2119 1861 2154; x_wconf 89' lang='lat' dir='ltr'>est</span> <span class='ocrx_word' id='word_1_482' title='bbox 1877 2119 2044 2153; x_wconf 83' lang='lat' dir='ltr'>aeterna</span> <span class='ocrx_word' id='word_1_483' title='bbox 2064 2116 2238 2155; x_wconf 83' lang='lat' dir='ltr'>omnium</span> <span class='ocrx_word' id='word_1_484' title='bbox 2255 2128 2368 2156; x_wconf 86' lang='lat' dir='ltr'>crea-</span> 
     </span>
     <span class='ocr_line' id='line_1_83' title="bbox 1404 2167 2364 2219; baseline 0.002 -13"><span class='ocrx_word' id='word_1_485' title='bbox 1404 2174 1592 2207; x_wconf 85' lang='lat' dir='ltr'>turarum</span> <span class='ocrx_word' id='word_1_486' title='bbox 1607 2171 1783 2219; x_wconf 85' lang='lat' dir='ltr'>potestas</span> <span class='ocrx_word' id='word_1_487' title='bbox 1799 2199 1810 2216; x_wconf 84' lang='lat'><em>,</em></span> <span class='ocrx_word' id='word_1_488' title='bbox 1832 2167 1904 2218; x_wconf 82' lang='lat' dir='ltr'>qui</span> <span class='ocrx_word' id='word_1_489' title='bbox 1916 2179 2070 2219; x_wconf 83' lang='lat' dir='ltr'>semper</span> <span class='ocrx_word' id='word_1_490' title='bbox 2086 2171 2126 2206; x_wconf 85' lang='lat' dir='ltr'>et</span> <span class='ocrx_word' id='word_1_491' title='bbox 2136 2167 2187 2206; x_wconf 90' lang='lat' dir='ltr'>ab</span> <span class='ocrx_word' id='word_1_492' title='bbox 2204 2172 2364 2208; x_wconf 86' lang='lat' dir='ltr'>aeterno</span> 
     </span>
    </p>
   </div>
   <div class='ocr_carea' id='block_1_9' title="bbox 1394 2228 2369 3080">
    <p class='ocr_par' dir='ltr' id='par_1_21' title="bbox 1394 2228 2369 3080">
     <span class='ocr_line' id='line_1_84' title="bbox 1403 2228 2368 2282; baseline 0.001 -13"><span class='ocrx_word' id='word_1_493' title='bbox 1403 2230 1445 2269; x_wconf 80' lang='lat' dir='ltr'>id</span> <span class='ocrx_word' id='word_1_494' title='bbox 1460 2229 1614 2282; x_wconf 79' lang='lat' dir='ltr'>potuit,</span> <span class='ocrx_word' id='word_1_495' title='bbox 1636 2228 1743 2281; x_wconf 81' lang='lat' dir='ltr'>quod</span> <span class='ocrx_word' id='word_1_496' title='bbox 1758 2229 1898 2280; x_wconf 84' lang='lat' dir='ltr'>postea</span> <span class='ocrx_word' id='word_1_497' title='bbox 1917 2232 2012 2269; x_wconf 84' lang='lat' dir='ltr'>actu</span> <span class='ocrx_word' id='word_1_498' title='bbox 2043 2229 2259 2281; x_wconf 87' lang='lat' dir='ltr'>complevit.</span> <span class='ocrx_word' id='word_1_499' title='bbox 2298 2232 2368 2270; x_wconf 87' lang='lat' dir='ltr'>Se-</span> 
     </span>
     <span class='ocr_line' id='line_1_85' title="bbox 1402 2289 2366 2343; baseline 0.001 -13"><span class='ocrx_word' id='word_1_500' title='bbox 1402 2291 1574 2330; x_wconf 85' lang='lat' dir='ltr'>cundum</span> <span class='ocrx_word' id='word_1_501' title='bbox 1597 2290 1869 2329; x_wconf 71' lang='lat' dir='ltr'>eoeecutionem</span> <span class='ocrx_word' id='word_1_502' title='bbox 1892 2301 1988 2328; x_wconf 87' lang='lat' dir='ltr'>vero</span> <span class='ocrx_word' id='word_1_503' title='bbox 2013 2289 2142 2342; x_wconf 82' lang='lat' dir='ltr'>operis</span> <span class='ocrx_word' id='word_1_504' title='bbox 2161 2320 2169 2338; x_wconf 89' lang='lat'>,</span> <span class='ocrx_word' id='word_1_505' title='bbox 2194 2290 2366 2343; x_wconf 73' lang='lat' dir='ltr'>intellt&#39;yo</span> 
     </span>
     <span class='ocr_line' id='line_1_86' title="bbox 1399 2344 2366 2404; baseline 0.002 -14"><span class='ocrx_word' id='word_1_506' title='bbox 1399 2353 1549 2393; x_wconf 81' lang='lat' dir='ltr'><em>DEUM</em></span> <span class='ocrx_word' id='word_1_507' title='bbox 1563 2363 1818 2404; x_wconf 74' lang='lat' dir='ltr'>nequaquam</span> <span class='ocrx_word' id='word_1_508' title='bbox 1834 2350 2009 2402; x_wconf 82' lang='lat' dir='ltr'>potuisse</span> <span class='ocrx_word' id='word_1_509' title='bbox 2031 2349 2084 2389; x_wconf 88' lang='lat' dir='ltr'>ab</span> <span class='ocrx_word' id='word_1_510' title='bbox 2097 2344 2256 2390; x_wconf 84' lang='lat' dir='ltr'>aeterno</span> <span class='ocrx_word' id='word_1_511' title='bbox 2270 2364 2366 2404; x_wconf 86' lang='lat' dir='ltr'>per-</span> 
     </span>
     <span class='ocr_line' id='line_1_87' title="bbox 1399 2411 2369 2465; baseline 0.005 -16"><span class='ocrx_word' id='word_1_512' title='bbox 1399 2413 1540 2465; x_wconf 77' lang='lat' dir='ltr'>fecisse</span> <span class='ocrx_word' id='word_1_513' title='bbox 1562 2414 1756 2452; x_wconf 85' lang='lat' dir='ltr'>universa</span> <span class='ocrx_word' id='word_1_514' title='bbox 1770 2444 1781 2462; x_wconf 83' lang='lat'><em>‚</em></span> <span class='ocrx_word' id='word_1_515' title='bbox 1807 2411 1916 2450; x_wconf 85' lang='lat' dir='ltr'>haud</span> <span class='ocrx_word' id='word_1_516' title='bbox 1932 2415 2099 2464; x_wconf 82' lang='lat' dir='ltr'>propter</span> <span class='ocrx_word' id='word_1_517' title='bbox 2122 2411 2250 2463; x_wconf 76' lang='lat' dir='ltr'>ipsius</span> <span class='ocrx_word' id='word_1_518' title='bbox 2271 2415 2369 2454; x_wconf 85' lang='lat' dir='ltr'>DEI</span> 
     </span>
     <span class='ocr_line' id='line_1_88' title="bbox 1400 2472 2365 2527; baseline 0.001 -14"><span class='ocrx_word' id='word_1_519' title='bbox 1400 2473 1626 2514; x_wconf 64' lang='lat' dir='ltr'>ruituralem</span> <span class='ocrx_word' id='word_1_520' title='bbox 1646 2472 1850 2525; x_wconf 83' lang='lat' dir='ltr'>quandam</span> <span class='ocrx_word' id='word_1_521' title='bbox 1873 2472 2167 2524; x_wconf 72' lang='lat' dir='ltr'>impotentum,</span> <span class='ocrx_word' id='word_1_522' title='bbox 2194 2477 2234 2512; x_wconf 89' lang='lat' dir='ltr'>et</span> <span class='ocrx_word' id='word_1_523' title='bbox 2253 2474 2365 2527; x_wconf 82' lang='lat' dir='ltr'>infir-</span> 
     </span>
     <span class='ocr_line' id='line_1_89' title="bbox 1400 2532 2365 2587; baseline 0 -11"><span class='ocrx_word' id='word_1_524' title='bbox 1400 2539 1596 2587; x_wconf 79' lang='lat' dir='ltr'>mitatem,</span> <span class='ocrx_word' id='word_1_525' title='bbox 1621 2535 1690 2575; x_wconf 85' lang='lat' dir='ltr'>sed</span> <span class='ocrx_word' id='word_1_526' title='bbox 1716 2535 1845 2574; x_wconf 85' lang='lat' dir='ltr'>satius</span> <span class='ocrx_word' id='word_1_527' title='bbox 1869 2532 1915 2572; x_wconf 88' lang='lat' dir='ltr'>ob</span> <span class='ocrx_word' id='word_1_528' title='bbox 1952 2537 2238 2574; x_wconf 86' lang='lat' dir='ltr'>creaturarum</span> <span class='ocrx_word' id='word_1_529' title='bbox 2267 2535 2365 2577; x_wconf 86' lang='lat' dir='ltr'>alte-</span> 
     </span>
     <span class='ocr_line' id='line_1_90' title="bbox 1398 2592 2364 2646; baseline 0.001 -9"><span class='ocrx_word' id='word_1_530' title='bbox 1398 2599 1557 2637; x_wconf 83' lang='lat' dir='ltr'>ritatem</span> <span class='ocrx_word' id='word_1_531' title='bbox 1574 2630 1585 2646; x_wconf 84' lang='lat'><em>,</em></span> <span class='ocrx_word' id='word_1_532' title='bbox 1614 2601 1652 2637; x_wconf 87' lang='lat' dir='ltr'>et</span> <span class='ocrx_word' id='word_1_533' title='bbox 1672 2608 1813 2635; x_wconf 86' lang='lat' dir='ltr'>earum</span> <span class='ocrx_word' id='word_1_534' title='bbox 1844 2592 1896 2633; x_wconf 90' lang='lat' dir='ltr'>ab</span> <span class='ocrx_word' id='word_1_535' title='bbox 1932 2594 2000 2633; x_wconf 83' lang='lat' dir='ltr'>sui</span> <span class='ocrx_word' id='word_1_536' title='bbox 2038 2594 2244 2637; x_wconf 71' lang='lat' dir='ltr'>Creator-is</span> <span class='ocrx_word' id='word_1_537' title='bbox 2273 2609 2364 2638; x_wconf 85' lang='lat' dir='ltr'>con-</span> 
     </span>
     <span class='ocr_line' id='line_1_91' title="bbox 1398 2655 2361 2712; baseline -0.001 -12"><span class='ocrx_word' id='word_1_538' title='bbox 1398 2658 1732 2700; x_wconf 85' lang='lat' dir='ltr'>substantialitate</span> <span class='ocrx_word' id='word_1_539' title='bbox 1767 2655 2072 2696; x_wconf 84' lang='lat' dir='ltr'>substantialive</span> <span class='ocrx_word' id='word_1_540' title='bbox 2095 2657 2246 2697; x_wconf 84' lang='lat' dir='ltr'>unitate</span> <span class='ocrx_word' id='word_1_541' title='bbox 2263 2670 2361 2712; x_wconf 88' lang='lat' dir='ltr'>pro-</span> 
     </span>
     <span class='ocr_line' id='line_1_92' title="bbox 1398 2718 2357 2773; baseline 0.001 -13"><span class='ocrx_word' id='word_1_542' title='bbox 1398 2722 1628 2773; x_wconf 79' lang='lat' dir='ltr'>lapsionem,</span> <span class='ocrx_word' id='word_1_543' title='bbox 1651 2719 1756 2772; x_wconf 81' lang='lat' dir='ltr'>quod</span> <span class='ocrx_word' id='word_1_544' title='bbox 1778 2718 1913 2757; x_wconf 84' lang='lat' dir='ltr'>multis</span> <span class='ocrx_word' id='word_1_545' title='bbox 1933 2718 2070 2757; x_wconf 86' lang='lat' dir='ltr'>causis</span> <span class='ocrx_word' id='word_1_546' title='bbox 2099 2719 2357 2770; x_wconf 77' lang='lat' dir='ltr'>ostendemus.</span> 
     </span>
     <span class='ocr_line' id='line_1_93' title="bbox 1397 2777 2359 2830; baseline 0 -9"><span class='ocrx_word' id='word_1_547' title='bbox 1397 2785 1546 2822; x_wconf 87' lang='lat' dir='ltr'>Prima:</span> <span class='ocrx_word' id='word_1_548' title='bbox 1562 2780 1785 2821; x_wconf 85' lang='lat' dir='ltr'>AEternitas</span> <span class='ocrx_word' id='word_1_549' title='bbox 1800 2790 1890 2818; x_wconf 90' lang='lat' dir='ltr'>cum</span> <span class='ocrx_word' id='word_1_550' title='bbox 1907 2777 2098 2830; x_wconf 80' lang='lat' dir='ltr'>infinitate</span> <span class='ocrx_word' id='word_1_551' title='bbox 2111 2777 2359 2821; x_wconf 79' lang='lat' dir='ltr'>substantiae</span> 
     </span>
     <span class='ocr_line' id='line_1_94' title="bbox 1397 2837 2361 2893; baseline 0.001 -11"><span class='ocrx_word' id='word_1_552' title='bbox 1397 2843 1659 2883; x_wconf 83' lang='lat' dir='ltr'>convertitur.-</span> <span class='ocrx_word' id='word_1_553' title='bbox 1684 2845 1779 2881; x_wconf 86' lang='lat' dir='ltr'>sunt</span> <span class='ocrx_word' id='word_1_554' title='bbox 1799 2840 1901 2879; x_wconf 84' lang='lat' dir='ltr'>enim</span> <span class='ocrx_word' id='word_1_555' title='bbox 1923 2837 2065 2878; x_wconf 87' lang='lat' dir='ltr'>ambae</span> <span class='ocrx_word' id='word_1_556' title='bbox 2083 2841 2271 2891; x_wconf 84' lang='lat' dir='ltr'>aequales</span> <span class='ocrx_word' id='word_1_557' title='bbox 2284 2873 2296 2893; x_wconf 89' lang='lat'><em>,</em></span> <span class='ocrx_word' id='word_1_558' title='bbox 2321 2848 2361 2883; x_wconf 86' lang='lat' dir='ltr'>et</span> 
     </span>
     <span class='ocr_line' id='line_1_95' title="bbox 1395 2901 2357 2954; baseline -0.001 -9"><span class='ocrx_word' id='word_1_559' title='bbox 1395 2905 1470 2945; x_wconf 86' lang='lat' dir='ltr'>soli</span> <span class='ocrx_word' id='word_1_560' title='bbox 1486 2904 1695 2944; x_wconf 82' lang='lat' dir='ltr'>Divinitati</span> <span class='ocrx_word' id='word_1_561' title='bbox 1717 2901 1923 2954; x_wconf 84' lang='lat' dir='ltr'>propriae.</span> <span class='ocrx_word' id='word_1_562' title='bbox 1945 2902 2196 2954; x_wconf 84' lang='lat' dir='ltr'>Quapropter</span> <span class='ocrx_word' id='word_1_563' title='bbox 2233 2903 2357 2944; x_wconf 83' lang='lat' dir='ltr'>Crea-</span> 
     </span>
     <span class='ocr_line' id='line_1_96' title="bbox 1395 2961 2352 3017; baseline 0 -11"><span class='ocrx_word' id='word_1_564' title='bbox 1395 2972 1529 3006; x_wconf 84' lang='lat' dir='ltr'>turam</span> <span class='ocrx_word' id='word_1_565' title='bbox 1562 2965 1796 3005; x_wconf 86' lang='lat' dir='ltr'>aeternitate</span> <span class='ocrx_word' id='word_1_566' title='bbox 1835 2961 1993 3012; x_wconf 81' lang='lat' dir='ltr'>metiri,</span> <span class='ocrx_word' id='word_1_567' title='bbox 2019 2961 2088 3001; x_wconf 81' lang='lat' dir='ltr'>hoc</span> <span class='ocrx_word' id='word_1_568' title='bbox 2120 2966 2181 3002; x_wconf 83' lang='lat' dir='ltr'>est</span> <span class='ocrx_word' id='word_1_569' title='bbox 2199 2963 2352 3017; x_wconf 76' lang='lat' dir='ltr'>dicere,</span> 
     </span>
     <span class='ocr_line' id='line_1_97' title="bbox 1394 3022 2354 3080; baseline -0.001 -11"><span class='ocrx_word' id='word_1_570' title='bbox 1394 3029 1501 3069; x_wconf 78' lang='lat' dir='ltr'>ittam</span> <span class='ocrx_word' id='word_1_571' title='bbox 1519 3028 1697 3080; x_wconf 79' lang='lat' dir='ltr'>potuisse</span> <span class='ocrx_word' id='word_1_572' title='bbox 1715 3025 1766 3064; x_wconf 91' lang='lat' dir='ltr'>ab</span> <span class='ocrx_word' id='word_1_573' title='bbox 1789 3028 1949 3064; x_wconf 85' lang='lat' dir='ltr'>aeterno</span> <span class='ocrx_word' id='word_1_574' title='bbox 1977 3022 2214 3075; x_wconf 82' lang='lat' dir='ltr'>subsistere,</span> <span class='ocrx_word' id='word_1_575' title='bbox 2236 3031 2297 3067; x_wconf 86' lang='lat' dir='ltr'>est</span> <span class='ocrx_word' id='word_1_576' title='bbox 2315 3033 2354 3068; x_wconf 88' lang='lat' dir='ltr'>et</span> 
     </span>
    </p>
   </div>
   <div class='ocr_carea' id='block_1_10' title="bbox 1384 3180 2356 3342">
    <p class='ocr_par' dir='ltr' id='par_1_22' title="bbox 1384 3180 2356 3342">
     <span class='ocr_line' id='line_1_98' title="bbox 1448 3180 2356 3243; baseline -0.007 -6"><span class='ocrx_word' id='word_1_577' title='bbox 1448 3205 1480 3243; x_wconf 82' lang='lat' dir='ltr'>a)</span> <span class='ocrx_word' id='word_1_578' title='bbox 1503 3205 1621 3236; x_wconf 53' lang='lat' dir='ltr'>const-r</span> <span class='ocrx_word' id='word_1_579' title='bbox 1641 3205 1819 3242; x_wconf 73' lang='lat' dir='ltr'>origenem</span> <span class='ocrx_word' id='word_1_580' title='bbox 1841 3204 1860 3234; x_wconf 72' lang='lat'><strong>2</strong></span> <span class='ocrx_word' id='word_1_581' title='bbox 1880 3188 1967 3239; x_wconf 61' lang='grc' dir='ltr'>περὶ</span> <span class='ocrx_word' id='word_1_582' title='bbox 2001 3180 2141 3240; x_wconf 65' lang='grc' dir='ltr'>α’ρχῶν</span> <span class='ocrx_word' id='word_1_583' title='bbox 2174 3207 2248 3239; x_wconf 80' lang='lat' dir='ltr'>cap.</span> <span class='ocrx_word' id='word_1_584' title='bbox 2271 3201 2303 3232; x_wconf 71' lang='lat'>2.</span> <span class='ocrx_word' id='word_1_585' title='bbox 2320 3211 2356 3242; x_wconf 76' lang='lat' dir='ltr'>p.</span> 
     </span>
     <span class='ocr_line' id='line_1_99' title="bbox 1384 3249 2346 3286; baseline -0.001 -3"><span class='ocrx_word' id='word_1_586' title='bbox 1384 3254 1446 3284; x_wconf 64' lang='lat'>758</span> <span class='ocrx_word' id='word_1_587' title='bbox 1473 3259 1506 3286; x_wconf 84' lang='lat' dir='ltr'>et</span> <span class='ocrx_word' id='word_1_588' title='bbox 1538 3254 1748 3286; x_wconf 80' lang='lat' dir='ltr'>Maimonidis</span> <span class='ocrx_word' id='word_1_589' title='bbox 1768 3254 1944 3283; x_wconf 78' lang='lat' dir='ltr'>nectorem</span> <span class='ocrx_word' id='word_1_590' title='bbox 1976 3250 2208 3283; x_wconf 77' lang='lat' dir='ltr'>dubitantium</span> <span class='ocrx_word' id='word_1_591' title='bbox 2241 3249 2299 3283; x_wconf 79' lang='lat' dir='ltr'>lib.</span> <span class='ocrx_word' id='word_1_592' title='bbox 2326 3251 2346 3282; x_wconf 71' lang='lat'>2</span> 
     </span>
     <span class='ocr_line' id='line_1_100' title="bbox 1384 3304 1533 3342; baseline 0 -8"><span class='ocrx_word' id='word_1_593' title='bbox 1384 3311 1456 3342; x_wconf 77' lang='lat' dir='ltr'>cap.</span> <span class='ocrx_word' id='word_1_594' title='bbox 1481 3304 1533 3335; x_wconf 51' lang='grc' dir='ltr'>(εὖ.</span> 
     </span>
    </p>
   </div>
  </div>
 </body>
</html>
