<?xml version="1.0" encoding="UTF-8"?>
<!DOCTYPE html PUBLIC "-//W3C//DTD XHTML 1.0 Transitional//EN"
    "http://www.w3.org/TR/xhtml1/DTD/xhtml1-transitional.dtd">
<html xmlns="http://www.w3.org/1999/xhtml" xml:lang="en" lang="en">
 <head>
  <title>
</title>
<meta http-equiv="Content-Type" content="text/html;charset=utf-8" />
  <meta name='ocr-system' content='tesseract 3.04.00' />
  <meta name='ocr-capabilities' content='ocr_page ocr_carea ocr_par ocr_line ocrx_word'/>
</head>
<body>
  <div class='ocr_page' id='page_1' title='image "./bibliothecalatin01fabruoft_0590.png"; bbox 0 0 2500 4009; ppageno 0'>
   <div class='ocr_carea' id='block_1_1' title="bbox 405 208 1360 449">
    <p class='ocr_par' dir='ltr' id='par_1_1' title="bbox 405 208 1360 449">
     <span class='ocr_line' id='line_1_1' title="bbox 414 208 492 248; baseline -0.038 1"><span class='ocrx_word' id='word_1_1' title='bbox 414 208 492 248; x_wconf 77' lang='lat'>552</span> 
     </span>
     <span class='ocr_line' id='line_1_2' title="bbox 405 265 1356 321; baseline -0.016 -3"><span class='ocrx_word' id='word_1_2' title='bbox 405 290 448 317; x_wconf 82' lang='lat' dir='ltr'>se</span> <span class='ocrx_word' id='word_1_3' title='bbox 485 275 700 316; x_wconf 76' lang='lat' dir='ltr'><strong>contendit.</strong></span> <span class='ocrx_word' id='word_1_4' title='bbox 741 271 882 321; x_wconf 86' lang='lat' dir='ltr'>Scripti</span> <span class='ocrx_word' id='word_1_5' title='bbox 926 273 1021 308; x_wconf 89' lang='lat' dir='ltr'>sunt</span> <span class='ocrx_word' id='word_1_6' title='bbox 1060 269 1158 318; x_wconf 82' lang='lat' dir='ltr'>post&#39;</span> <span class='ocrx_word' id='word_1_7' title='bbox 1193 265 1356 305; x_wconf 87' lang='lat' dir='ltr'>Annum</span> 
     </span>
     <span class='ocr_line' id='line_1_3' title="bbox 410 327 1360 380; baseline -0.019 0"><span class='ocrx_word' id='word_1_8' title='bbox 410 341 560 380; x_wconf 77' lang='lat' dir='ltr'>Cllristi</span> <span class='ocrx_word' id='word_1_9' title='bbox 587 338 661 376; x_wconf 83' lang='lat'>393</span> <span class='ocrx_word' id='word_1_10' title='bbox 685 334 731 372; x_wconf 89' lang='lat' dir='ltr'>ad</span> <span class='ocrx_word' id='word_1_11' title='bbox 758 332 971 372; x_wconf 80' lang='lat' dir='ltr'>lionoriuni</span> <span class='ocrx_word' id='word_1_12' title='bbox 994 340 1085 368; x_wconf 87' lang='lat' dir='ltr'>cum</span> <span class='ocrx_word' id='word_1_13' title='bbox 1114 328 1196 378; x_wconf 81' lang='lat' dir='ltr'>jam</span> <span class='ocrx_word' id='word_1_14' title='bbox 1225 327 1360 379; x_wconf 84' lang='lat' dir='ltr'>Augu-</span> 
     </span>
     <span class='ocr_line' id='line_1_4' title="bbox 415 396 1324 449; baseline -0.02 -8"><span class='ocrx_word' id='word_1_15' title='bbox 415 409 502 441; x_wconf 82' lang='lat' dir='ltr'>stus</span> <span class='ocrx_word' id='word_1_16' title='bbox 524 406 643 449; x_wconf 84' lang='lat' dir='ltr'>atque</span> <span class='ocrx_word' id='word_1_17' title='bbox 669 398 886 446; x_wconf 70' lang='lat' dir='ltr'>Imperator</span> <span class='ocrx_word' id='word_1_18' title='bbox 905 396 1037 430; x_wconf 83' lang='lat' dir='ltr'>esset:</span> <span class='ocrx_word' id='word_1_19' title='bbox 1320 399 1324 403; x_wconf 65' lang='lat'><strong><em>¹</em></strong></span> 
     </span>
    </p>
   </div>
   <div class='ocr_carea' id='block_1_2' title="bbox 402 468 1365 564">
    <p class='ocr_par' dir='ltr' id='par_1_2' title="bbox 402 468 1365 564">
     <span class='ocr_line' id='line_1_5' title="bbox 405 468 1270 516; baseline -0.015 -4"><span class='ocrx_word' id='word_1_20' title='bbox 405 484 491 512; x_wconf 75' lang='lat' dir='ltr'>naec</span> <span class='ocrx_word' id='word_1_21' title='bbox 510 477 636 516; x_wconf 75' lang='lat' dir='ltr'>relegas</span> <span class='ocrx_word' id='word_1_22' title='bbox 654 480 830 512; x_wconf 83' lang='lat' dir='ltr'>servesque</span> <span class='ocrx_word' id='word_1_23' title='bbox 847 470 906 502; x_wconf 90' lang='lat' dir='ltr'>diu</span> <span class='ocrx_word' id='word_1_24' title='bbox 922 494 930 508; x_wconf 94' lang='lat'>,</span> <span class='ocrx_word' id='word_1_25' title='bbox 949 468 1130 509; x_wconf 86' lang='lat' dir='ltr'>tradasque</span> <span class='ocrx_word' id='word_1_26' title='bbox 1147 469 1270 500; x_wconf 89' lang='lat' dir='ltr'>minori</span> 
     </span>
     <span class='ocr_line' id='line_1_6' title="bbox 402 519 1365 564; baseline -0.012 -3"><span class='ocrx_word' id='word_1_27' title='bbox 402 530 553 564; x_wconf 49' lang='lat' dir='ltr'>Arcadica</span> <span class='ocrx_word' id='word_1_28' title='bbox 567 527 646 557; x_wconf 82' lang='lat' dir='ltr'>haec</span> <span class='ocrx_word' id='word_1_29' title='bbox 665 523 749 562; x_wconf 84' lang='lat' dir='ltr'>legat</span> <span class='ocrx_word' id='word_1_30' title='bbox 767 522 820 553; x_wconf 90' lang='lat' dir='ltr'>ille</span> <span class='ocrx_word' id='word_1_31' title='bbox 837 525 894 552; x_wconf 91' lang='lat' dir='ltr'>tuo</span> <span class='ocrx_word' id='word_1_32' title='bbox 909 521 1038 560; x_wconf 82' lang='lat' dir='ltr'>generi,</span> <span class='ocrx_word' id='word_1_33' title='bbox 1056 519 1139 551; x_wconf 85' lang='lat' dir='ltr'>haec</span> <span class='ocrx_word' id='word_1_34' title='bbox 1158 524 1215 550; x_wconf 85' lang='lat' dir='ltr'>tua</span> <span class='ocrx_word' id='word_1_35' title='bbox 1233 526 1365 559; x_wconf 83' lang='lat' dir='ltr'>semper</span> 
     </span>
    </p>
   </div>
   <div class='ocr_carea' id='block_1_3' title="bbox 400 574 1360 2223">
    <p class='ocr_par' dir='ltr' id='par_1_3' title="bbox 401 574 1215 617">
     <span class='ocr_line' id='line_1_7' title="bbox 401 574 1215 617; baseline -0.011 -7"><span class='ocrx_word' id='word_1_36' title='bbox 401 579 549 617; x_wconf 73' lang='lat' dir='ltr'>Accipiat</span> <span class='ocrx_word' id='word_1_37' title='bbox 563 600 573 614; x_wconf 92' lang='lat'><em>,</em></span> <span class='ocrx_word' id='word_1_38' title='bbox 593 574 776 612; x_wconf 78' lang='lat' dir='ltr'>doceatque</span> <span class='ocrx_word' id='word_1_39' title='bbox 793 580 870 604; x_wconf 90' lang='lat' dir='ltr'>suos</span> <span class='ocrx_word' id='word_1_40' title='bbox 887 574 1036 611; x_wconf 77' lang='lat' dir='ltr'>Augusta</span> <span class='ocrx_word' id='word_1_41' title='bbox 1054 577 1215 609; x_wconf 86' lang='lat' dir='ltr'>propago.</span> 
     </span>
    </p>

    <p class='ocr_par' dir='ltr' id='par_1_4' title="bbox 400 627 1360 2223">
     <span class='ocr_line' id='line_1_8' title="bbox 407 627 1360 677; baseline -0.014 0"><span class='ocrx_word' id='word_1_42' title='bbox 407 642 491 677; x_wconf 75' lang='lat' dir='ltr'>l‘ost</span> <span class='ocrx_word' id='word_1_43' title='bbox 520 637 710 674; x_wconf 68' lang='lat' dir='ltr'>Venetam</span> <span class='ocrx_word' id='word_1_44' title='bbox 735 632 948 670; x_wconf 86' lang='lat' dir='ltr'>editionem</span> <span class='ocrx_word' id='word_1_45' title='bbox 989 631 1022 677; x_wconf 84' lang='lat' dir='ltr'>a&gt;</span> <span class='ocrx_word' id='word_1_46' title='bbox 1060 629 1190 676; x_wconf 73' lang='lat'><strong>4472,</strong></span> <span class='ocrx_word' id='word_1_47' title='bbox 1217 627 1280 666; x_wconf 83' lang='lat' dir='ltr'>fol.</span> <span class='ocrx_word' id='word_1_48' title='bbox 1318 630 1360 665; x_wconf 89' lang='lat' dir='ltr'>et</span> 
     </span>
     <span class='ocr_line' id='line_1_9' title="bbox 407 689 1359 739; baseline -0.012 -1"><span class='ocrx_word' id='word_1_49' title='bbox 407 703 619 739; x_wconf 77' lang='lat' dir='ltr'>Romanam</span> <span class='ocrx_word' id='word_1_50' title='bbox 641 696 715 733; x_wconf 81' lang='lat' dir='ltr'>An.</span> <span class='ocrx_word' id='word_1_51' title='bbox 739 694 834 733; x_wconf 81' lang='grc'>1481</span> <span class='ocrx_word' id='word_1_52' title='bbox 857 722 864 738; x_wconf 76' lang='grc'><em>,</em></span> <span class='ocrx_word' id='word_1_53' title='bbox 892 693 925 730; x_wconf 98' lang='grc'>4.</span> <span class='ocrx_word' id='word_1_54' title='bbox 953 690 1193 731; x_wconf 78' lang='lat' dir='ltr'>Bibliotheca</span> <span class='ocrx_word' id='word_1_55' title='bbox 1214 689 1359 728; x_wconf 88' lang='lat' dir='ltr'>Barbe-</span> 
     </span>
     <span class='ocr_line' id='line_1_10' title="bbox 406 748 1358 802; baseline -0.013 -5"><span class='ocrx_word' id='word_1_56' title='bbox 406 762 487 798; x_wconf 89' lang='lat' dir='ltr'>rina</span> <span class='ocrx_word' id='word_1_57' title='bbox 512 758 691 801; x_wconf 80' lang='lat' dir='ltr'>obviam,</span> <span class='ocrx_word' id='word_1_58' title='bbox 713 752 905 792; x_wconf 78' lang='lat' dir='ltr'>Johanm’s</span> <span class='ocrx_word' id='word_1_59' title='bbox 931 750 1102 802; x_wconf 81' lang='lat' dir='ltr'>Philippi</span> <span class='ocrx_word' id='word_1_60' title='bbox 1138 748 1184 788; x_wconf 84' lang='lat' dir='ltr'>de</span> <span class='ocrx_word' id='word_1_61' title='bbox 1216 748 1358 800; x_wconf 73' lang='lat' dir='ltr'>Lz&#39;yna-</span> 
     </span>
     <span class='ocr_line' id='line_1_11' title="bbox 406 811 1359 869; baseline -0.01 -10"><span class='ocrx_word' id='word_1_62' title='bbox 406 821 517 868; x_wconf 78' lang='lat' dir='ltr'>mi&#39;ne,</span> <span class='ocrx_word' id='word_1_63' title='bbox 540 819 697 869; x_wconf 88' lang='lat' dir='ltr'>Equitis</span> <span class='ocrx_word' id='word_1_64' title='bbox 714 816 847 864; x_wconf 73' lang='lat' dir='ltr'>Siculi,</span> <span class='ocrx_word' id='word_1_65' title='bbox 865 825 984 865; x_wconf 90' lang='lat' dir='ltr'>quam</span> <span class='ocrx_word' id='word_1_66' title='bbox 1007 825 1075 865; x_wconf 93' lang='lat' dir='ltr'>pro</span> <span class='ocrx_word' id='word_1_67' title='bbox 1094 814 1219 864; x_wconf 89' lang='lat' dir='ltr'>prima</span> <span class='ocrx_word' id='word_1_68' title='bbox 1241 811 1359 850; x_wconf 91' lang='lat' dir='ltr'>habet</span> 
     </span>
     <span class='ocr_line' id='line_1_12' title="bbox 404 874 1359 928; baseline -0.009 -7"><span class='ocrx_word' id='word_1_69' title='bbox 404 885 445 921; x_wconf 71' lang='grc' dir='ltr'>Υ.</span> <span class='ocrx_word' id='word_1_70' title='bbox 464 885 507 921; x_wconf 83' lang='lat' dir='ltr'>C.</span> <span class='ocrx_word' id='word_1_71' title='bbox 525 884 668 920; x_wconf 86' lang='lat' dir='ltr'>Justus</span> <span class='ocrx_word' id='word_1_72' title='bbox 685 880 952 918; x_wconf 85' lang='lat' dir='ltr'>Fontaninus:</span> <span class='ocrx_word' id='word_1_73' title='bbox 975 876 1154 928; x_wconf 87' lang='lat' dir='ltr'>prodiere</span> <span class='ocrx_word' id='word_1_74' title='bbox 1170 874 1359 914; x_wconf 82' lang='lat' dir='ltr'>Antwer-</span> 
     </span>
     <span class='ocr_line' id='line_1_13' title="bbox 403 936 1356 996; baseline -0.01 -13"><span class='ocrx_word' id='word_1_75' title='bbox 403 947 500 996; x_wconf 71' lang='lat' dir='ltr'>piae,</span> <span class='ocrx_word' id='word_1_76' title='bbox 517 946 602 982; x_wconf 87' lang='lat' dir='ltr'>sive</span> <span class='ocrx_word' id='word_1_77' title='bbox 620 947 658 980; x_wconf 90' lang='lat' dir='ltr'>in</span> <span class='ocrx_word' id='word_1_78' title='bbox 684 941 798 992; x_wconf 90' lang='lat' dir='ltr'>opido</span> <span class='ocrx_word' id='word_1_79' title='bbox 819 940 1038 979; x_wconf 83' lang='lat' dir='ltr'>Mercuriali</span> <span class='ocrx_word' id='word_1_80' title='bbox 1056 936 1356 988; x_wconf 78' lang='lat' dir='ltr'>Antwerpiensi</span> 
     </span>
     <span class='ocr_line' id='line_1_14' title="bbox 403 998 1358 1059; baseline -0.012 -12"><span class='ocrx_word' id='word_1_81' title='bbox 403 1020 472 1059; x_wconf 86' lang='lat' dir='ltr'>per</span> <span class='ocrx_word' id='word_1_82' title='bbox 495 1005 744 1046; x_wconf 85' lang='lat' dir='ltr'>Gerhardum</span> <span class='ocrx_word' id='word_1_83' title='bbox 773 1004 912 1042; x_wconf 87' lang='lat' dir='ltr'>Leonis</span> <span class='ocrx_word' id='word_1_84' title='bbox 936 1003 1052 1041; x_wconf 79' lang='grc'><strong>1489.</strong></span> <span class='ocrx_word' id='word_1_85' title='bbox 1069 1011 1189 1052; x_wconf 91' lang='lat' dir='ltr'>quam</span> <span class='ocrx_word' id='word_1_86' title='bbox 1220 998 1358 1038; x_wconf 86' lang='lat' dir='ltr'>editio-</span> 
     </span>
     <span class='ocr_line' id='line_1_15' title="bbox 407 1061 1356 1115; baseline -0.012 -6"><span class='ocrx_word' id='word_1_87' title='bbox 407 1082 496 1109; x_wconf 88' lang='lat' dir='ltr'>nem</span> <span class='ocrx_word' id='word_1_88' title='bbox 523 1069 669 1107; x_wconf 82' lang='lat' dir='ltr'>evolvit</span> <span class='ocrx_word' id='word_1_89' title='bbox 697 1068 891 1106; x_wconf 81' lang='lat' dir='ltr'>ilenricus</span> <span class='ocrx_word' id='word_1_90' title='bbox 922 1063 1177 1115; x_wconf 73' lang='lat' dir='ltr'>Stephanus:</span> <span class='ocrx_word' id='word_1_91' title='bbox 1203 1066 1243 1100; x_wconf 87' lang='lat' dir='ltr'>et</span> <span class='ocrx_word' id='word_1_92' title='bbox 1274 1061 1356 1099; x_wconf 90' lang='lat' dir='ltr'>Bri-</span> 
     </span>
     <span class='ocr_line' id='line_1_16' title="bbox 404 1126 1355 1179; baseline -0.012 -7"><span class='ocrx_word' id='word_1_93' title='bbox 404 1135 491 1172; x_wconf 83' lang='lat' dir='ltr'>xiae</span> <span class='ocrx_word' id='word_1_94' title='bbox 517 1131 640 1179; x_wconf 74' lang='grc'>1496,</span> <span class='ocrx_word' id='word_1_95' title='bbox 667 1131 703 1168; x_wconf 90' lang='lat'>8.</span> <span class='ocrx_word' id='word_1_96' title='bbox 736 1128 886 1167; x_wconf 86' lang='lat' dir='ltr'>Deinde</span> <span class='ocrx_word' id='word_1_97' title='bbox 925 1127 973 1166; x_wconf 92' lang='lat' dir='ltr'>ab</span> <span class='ocrx_word' id='word_1_98' title='bbox 1006 1126 1106 1165; x_wconf 87' lang='lat' dir='ltr'>Aldo</span> <span class='ocrx_word' id='word_1_99' title='bbox 1146 1136 1226 1164; x_wconf 91' lang='lat' dir='ltr'>una</span> <span class='ocrx_word' id='word_1_100' title='bbox 1263 1135 1355 1163; x_wconf 89' lang='lat' dir='ltr'>eum</span> 
     </span>
     <span class='ocr_line' id='line_1_17' title="bbox 407 1188 1358 1245; baseline -0.011 -12"><span class='ocrx_word' id='word_1_101' title='bbox 407 1195 578 1245; x_wconf 81' lang='lat' dir='ltr'>Sulpicio</span> <span class='ocrx_word' id='word_1_102' title='bbox 603 1194 751 1231; x_wconf 83' lang='lat' dir='ltr'>Severo</span> <span class='ocrx_word' id='word_1_103' title='bbox 767 1223 776 1239; x_wconf 88' lang='lat'><em>,</em></span> <span class='ocrx_word' id='word_1_104' title='bbox 799 1188 1206 1230; x_wconf 83' lang='lat' dir='ltr'>{lomerocentonibus</span> <span class='ocrx_word' id='word_1_105' title='bbox 1224 1218 1235 1236; x_wconf 76' lang='lat'><em>,</em></span> <span class='ocrx_word' id='word_1_106' title='bbox 1257 1196 1358 1237; x_wconf 89' lang='lat' dir='ltr'>quos</span> 
     </span>
     <span class='ocr_line' id='line_1_18' title="bbox 403 1247 1358 1301; baseline -0.01 -6"><span class='ocrx_word' id='word_1_107' title='bbox 403 1256 548 1295; x_wconf 81' lang='lat' dir='ltr'>Probae</span> <span class='ocrx_word' id='word_1_108' title='bbox 575 1254 794 1292; x_wconf 78' lang='lat' dir='ltr'>imitatione</span> <span class='ocrx_word' id='word_1_109' title='bbox 819 1251 962 1291; x_wconf 86' lang='lat' dir='ltr'>deinde</span> <span class='ocrx_word' id='word_1_110' title='bbox 986 1250 1211 1301; x_wconf 80' lang='lat' dir='ltr'>composuit</span> <span class='ocrx_word' id='word_1_111' title='bbox 1225 1247 1358 1288; x_wconf 90' lang='lat' dir='ltr'>Eudo-</span> 
     </span>
     <span class='ocr_line' id='line_1_19' title="bbox 404 1311 1355 1367; baseline -0.009 -9"><span class='ocrx_word' id='word_1_112' title='bbox 404 1321 462 1358; x_wconf 83' lang='lat' dir='ltr'>cia</span> <span class='ocrx_word' id='word_1_113' title='bbox 486 1319 680 1367; x_wconf 81' lang='lat' dir='ltr'>Augusta,</span> <span class='ocrx_word' id='word_1_114' title='bbox 704 1317 886 1354; x_wconf 86' lang='lat' dir='ltr'>Juvenco</span> <span class='ocrx_word' id='word_1_115' title='bbox 906 1346 914 1363; x_wconf 84' lang='lat'>,</span> <span class='ocrx_word' id='word_1_116' title='bbox 937 1318 1014 1352; x_wconf 88' lang='lat' dir='ltr'>eto.</span> <span class='ocrx_word' id='word_1_117' title='bbox 1038 1312 1215 1350; x_wconf 90' lang='lat' dir='ltr'>Venetiis</span> <span class='ocrx_word' id='word_1_118' title='bbox 1238 1311 1355 1358; x_wconf 71' lang='lat'><strong>4504,</strong></span> 
     </span>
     <span class='ocr_line' id='line_1_20' title="bbox 405 1373 1358 1431; baseline -0.009 -12"><span class='ocrx_word' id='word_1_119' title='bbox 405 1383 437 1419; x_wconf 85' lang='lat'>4.</span> <span class='ocrx_word' id='word_1_120' title='bbox 455 1393 476 1420; x_wconf 91' lang='lat' dir='ltr'>a</span> <span class='ocrx_word' id='word_1_121' title='bbox 499 1392 577 1431; x_wconf 87' lang='lat' dir='ltr'>qua</span> <span class='ocrx_word' id='word_1_122' title='bbox 594 1376 736 1417; x_wconf 77' lang='grc' dir='ltr'>ἑκδυσει</span> <span class='ocrx_word' id='word_1_123' title='bbox 757 1378 973 1428; x_wconf 89' lang='lat' dir='ltr'>plurimum</span> <span class='ocrx_word' id='word_1_124' title='bbox 995 1375 1126 1414; x_wconf 80' lang='lat' dir='ltr'>differt</span> <span class='ocrx_word' id='word_1_125' title='bbox 1149 1374 1273 1413; x_wconf 86' lang='lat' dir='ltr'>altera</span> <span class='ocrx_word' id='word_1_126' title='bbox 1297 1373 1358 1410; x_wconf 91' lang='lat' dir='ltr'>iti-</span> 
     </span>
     <span class='ocr_line' id='line_1_21' title="bbox 401 1436 1356 1493; baseline -0.008 -12"><span class='ocrx_word' id='word_1_127' title='bbox 401 1444 489 1481; x_wconf 79' lang='lat' dir='ltr'>dem</span> <span class='ocrx_word' id='word_1_128' title='bbox 518 1444 554 1480; x_wconf 93' lang='lat' dir='ltr'>in</span> <span class='ocrx_word' id='word_1_129' title='bbox 580 1445 721 1493; x_wconf 89' lang='lat' dir='ltr'>quarto</span> <span class='ocrx_word' id='word_1_130' title='bbox 737 1442 841 1479; x_wconf 89' lang='lat' dir='ltr'>circa</span> <span class='ocrx_word' id='word_1_131' title='bbox 866 1438 970 1477; x_wconf 82' lang='lat' dir='ltr'>idem</span> <span class='ocrx_word' id='word_1_132' title='bbox 995 1443 1040 1477; x_wconf 88' lang='lat' dir='ltr'>ut</span> <span class='ocrx_word' id='word_1_133' title='bbox 1070 1436 1231 1475; x_wconf 89' lang='lat' dir='ltr'>videtur</span> <span class='ocrx_word' id='word_1_134' title='bbox 1255 1439 1356 1474; x_wconf 87' lang='lat' dir='ltr'>tem-</span> 
     </span>
     <span class='ocr_line' id='line_1_22' title="bbox 400 1498 1352 1557; baseline -0.006 -16"><span class='ocrx_word' id='word_1_135' title='bbox 400 1517 474 1557; x_wconf 84' lang='lat' dir='ltr'>pus</span> <span class='ocrx_word' id='word_1_136' title='bbox 504 1506 589 1543; x_wconf 81' lang='lat' dir='ltr'>sine</span> <span class='ocrx_word' id='word_1_137' title='bbox 625 1504 698 1542; x_wconf 90' lang='lat' dir='ltr'>loci</span> <span class='ocrx_word' id='word_1_138' title='bbox 731 1507 771 1540; x_wconf 88' lang='lat' dir='ltr'>et</span> <span class='ocrx_word' id='word_1_139' title='bbox 809 1503 901 1540; x_wconf 89' lang='lat' dir='ltr'>anni</span> <span class='ocrx_word' id='word_1_140' title='bbox 941 1502 1143 1539; x_wconf 88' lang='lat' dir='ltr'>notatione</span> <span class='ocrx_word' id='word_1_141' title='bbox 1179 1498 1352 1548; x_wconf 83' lang='lat' dir='ltr'>vulgata.</span> 
     </span>
     <span class='ocr_line' id='line_1_23' title="bbox 402 1559 1353 1616; baseline -0.009 -10"><span class='ocrx_word' id='word_1_142' title='bbox 402 1570 606 1606; x_wconf 85' lang='lat' dir='ltr'>Praeterea</span> <span class='ocrx_word' id='word_1_143' title='bbox 632 1564 1126 1616; x_wconf 85' lang='lat' dir='ltr'>prodierunt.Daventriae</span> <span class='ocrx_word' id='word_1_144' title='bbox 1153 1561 1281 1610; x_wconf 86' lang='grc'>1505,</span> <span class='ocrx_word' id='word_1_145' title='bbox 1317 1559 1353 1598; x_wconf 82' lang='lat'>4.</span> 
     </span>
     <span class='ocr_line' id='line_1_24' title="bbox 405 1624 1353 1677; baseline -0.008 -9"><span class='ocrx_word' id='word_1_146' title='bbox 405 1630 563 1668; x_wconf 86' lang='lat' dir='ltr'>Parisiis</span> <span class='ocrx_word' id='word_1_147' title='bbox 581 1629 682 1667; x_wconf 79' lang='grc'>1509</span> <span class='ocrx_word' id='word_1_148' title='bbox 699 1659 709 1675; x_wconf 84' lang='grc'>,</span> <span class='ocrx_word' id='word_1_149' title='bbox 737 1628 772 1664; x_wconf 89' lang='grc'>4.</span> <span class='ocrx_word' id='word_1_150' title='bbox 797 1625 901 1677; x_wconf 86' lang='lat' dir='ltr'>apud</span> <span class='ocrx_word' id='word_1_151' title='bbox 923 1625 1145 1663; x_wconf 87' lang='lat' dir='ltr'>Johannem</span> <span class='ocrx_word' id='word_1_152' title='bbox 1167 1624 1353 1670; x_wconf 81' lang='lat' dir='ltr'>Potitum,</span> 
     </span>
     <span class='ocr_line' id='line_1_25' title="bbox 403 1685 1354 1741; baseline -0.008 -12"><span class='ocrx_word' id='word_1_153' title='bbox 403 1697 442 1729; x_wconf 86' lang='lat' dir='ltr'>et</span> <span class='ocrx_word' id='word_1_154' title='bbox 468 1690 648 1741; x_wconf 71' lang='lat' dir='ltr'>Lugduni</span> <span class='ocrx_word' id='word_1_155' title='bbox 668 1690 783 1737; x_wconf 78' lang='grc'>1516,</span> <span class='ocrx_word' id='word_1_156' title='bbox 800 1690 835 1726; x_wconf 85' lang='grc'>8.</span> <span class='ocrx_word' id='word_1_157' title='bbox 857 1700 948 1726; x_wconf 85' lang='lat' dir='ltr'>cum</span> <span class='ocrx_word' id='word_1_158' title='bbox 971 1689 1183 1726; x_wconf 80' lang='lat' dir='ltr'>Mantuano</span> <span class='ocrx_word' id='word_1_159' title='bbox 1199 1689 1239 1723; x_wconf 88' lang='lat' dir='ltr'>et</span> <span class='ocrx_word' id='word_1_160' title='bbox 1255 1685 1354 1732; x_wconf 83' lang='lat' dir='ltr'>aliis,</span> 
     </span>
     <span class='ocr_line' id='line_1_26' title="bbox 402 1748 1352 1805; baseline -0.008 -14"><span class='ocrx_word' id='word_1_161' title='bbox 402 1765 471 1805; x_wconf 86' lang='lat' dir='ltr'>per</span> <span class='ocrx_word' id='word_1_162' title='bbox 490 1751 729 1805; x_wconf 81' lang='lat' dir='ltr'>Stephanum</span> <span class='ocrx_word' id='word_1_163' title='bbox 753 1750 799 1789; x_wconf 86' lang='lat' dir='ltr'>de</span> <span class='ocrx_word' id='word_1_164' title='bbox 831 1750 1061 1801; x_wconf 69' lang='lat' dir='ltr'>Basiynana</span> <span class='ocrx_word' id='word_1_165' title='bbox 1096 1748 1324 1798; x_wconf 72' lang='lat' dir='ltr'>Goryonum</span> <span class='ocrx_word' id='word_1_166' title='bbox 1344 1774 1352 1792; x_wconf 82' lang='lat'>‚</span> 
     </span>
     <span class='ocr_line' id='line_1_27' title="bbox 401 1807 1354 1862; baseline -0.008 -8"><span class='ocrx_word' id='word_1_167' title='bbox 401 1816 654 1853; x_wconf 72' lang='lat' dir='ltr'>Carmelitam</span> <span class='ocrx_word' id='word_1_168' title='bbox 677 1815 885 1852; x_wconf 87' lang='lat' dir='ltr'>Doctorem</span> <span class='ocrx_word' id='word_1_169' title='bbox 912 1812 1170 1862; x_wconf 83' lang='lat' dir='ltr'>Theologum,</span> <span class='ocrx_word' id='word_1_170' title='bbox 1199 1807 1354 1848; x_wconf 86' lang='lat' dir='ltr'>Probae</span> 
     </span>
     <span class='ocr_line' id='line_1_28' title="bbox 402 1871 1356 1915; baseline -0.006 0"><span class='ocrx_word' id='word_1_171' title='bbox 402 1878 597 1915; x_wconf 77' lang='lat' dir='ltr'>Centonae</span> <span class='ocrx_word' id='word_1_172' title='bbox 632 1876 734 1915; x_wconf 81' lang='lat' dir='ltr'>valis</span> <span class='ocrx_word' id='word_1_173' title='bbox 758 1874 1008 1913; x_wconf 79' lang='lat' dir='ltr'>clarissimae</span> <span class='ocrx_word' id='word_1_174' title='bbox 1031 1886 1057 1911; x_wconf 89' lang='lat' dir='ltr'>a</span> <span class='ocrx_word' id='word_1_175' title='bbox 1091 1873 1189 1912; x_wconf 79' lang='lat' dir='ltr'>Divo</span> <span class='ocrx_word' id='word_1_176' title='bbox 1215 1871 1356 1910; x_wconf 85' lang='lat' dir='ltr'>Hiero-</span> 
     </span>
     <span class='ocr_line' id='line_1_29' title="bbox 402 1935 1358 1990; baseline -0.004 -15"><span class='ocrx_word' id='word_1_177' title='bbox 402 1950 514 1990; x_wconf 78' lang='lat' dir='ltr'>nymo</span> <span class='ocrx_word' id='word_1_178' title='bbox 537 1936 814 1989; x_wconf 72' lang='lat' dir='ltr'>comprobatae</span> <span class='ocrx_word' id='word_1_179' title='bbox 835 1936 880 1975; x_wconf 80' lang='lat' dir='ltr'>cle</span> <span class='ocrx_word' id='word_1_180' title='bbox 902 1935 1017 1974; x_wconf 83' lang='lat' dir='ltr'>Fidei</span> <span class='ocrx_word' id='word_1_181' title='bbox 1036 1938 1198 1975; x_wconf 78' lang='lat' dir='ltr'>nostrae</span> <span class='ocrx_word' id='word_1_182' title='bbox 1217 1937 1358 1987; x_wconf 77' lang='lat' dir='ltr'>myste-</span> 
     </span>
     <span class='ocr_line' id='line_1_30' title="bbox 400 1997 1358 2049; baseline -0.002 -12"><span class='ocrx_word' id='word_1_183' title='bbox 400 2001 473 2039; x_wconf 83' lang='lat' dir='ltr'>riis</span> <span class='ocrx_word' id='word_1_184' title='bbox 494 2013 512 2039; x_wconf 91' lang='lat' dir='ltr'>c</span> <span class='ocrx_word' id='word_1_185' title='bbox 531 2000 710 2039; x_wconf 72' lang='lat' dir='ltr'>Maronis</span> <span class='ocrx_word' id='word_1_186' title='bbox 733 1997 990 2039; x_wconf 82' lang='lat' dir='ltr'>Carminibus</span> <span class='ocrx_word' id='word_1_187' title='bbox 1007 2001 1244 2049; x_wconf 72' lang='lat' dir='ltr'>esccerptum</span> <span class='ocrx_word' id='word_1_188' title='bbox 1260 2008 1358 2048; x_wconf 83' lang='lat' dir='ltr'>opu-</span> 
     </span>
     <span class='ocr_line' id='line_1_31' title="bbox 400 2058 1359 2112; baseline -0.005 -11"><span class='ocrx_word' id='word_1_189' title='bbox 400 2061 567 2101; x_wconf 79' lang='lat' dir='ltr'>sculum.</span> <span class='ocrx_word' id='word_1_190' title='bbox 593 2064 643 2101; x_wconf 87' lang='lat' dir='ltr'>Et</span> <span class='ocrx_word' id='word_1_191' title='bbox 666 2061 940 2112; x_wconf 84' lang='lat' dir='ltr'>Oppenheimii</span> <span class='ocrx_word' id='word_1_192' title='bbox 958 2060 1031 2098; x_wconf 84' lang='lat' dir='ltr'>An.</span> <span class='ocrx_word' id='word_1_193' title='bbox 1052 2058 1169 2099; x_wconf 86' lang='grc'>1517.</span> <span class='ocrx_word' id='word_1_194' title='bbox 1188 2060 1359 2097; x_wconf 87' lang='lat' dir='ltr'>Franco-</span> 
     </span>
     <span class='ocr_line' id='line_1_32' title="bbox 406 2118 1356 2169; baseline -0.004 -8"><span class='ocrx_word' id='word_1_195' title='bbox 406 2125 498 2163; x_wconf 83' lang='lat' dir='ltr'>furti</span> <span class='ocrx_word' id='word_1_196' title='bbox 525 2123 620 2162; x_wconf 70' lang='grc'>1541</span> <span class='ocrx_word' id='word_1_197' title='bbox 647 2152 655 2169; x_wconf 70' lang='lat'>,</span> <span class='ocrx_word' id='word_1_198' title='bbox 678 2124 713 2160; x_wconf 91' lang='lat'>8.</span> <span class='ocrx_word' id='word_1_199' title='bbox 744 2127 910 2161; x_wconf 75' lang='lat' dir='ltr'>curante</span> <span class='ocrx_word' id='word_1_200' title='bbox 943 2123 1058 2159; x_wconf 84' lang='lat' dir='ltr'>Petro</span> <span class='ocrx_word' id='word_1_201' title='bbox 1094 2118 1325 2159; x_wconf 83' lang='lat' dir='ltr'>Brubachio</span> <span class='ocrx_word' id='word_1_202' title='bbox 1346 2151 1356 2167; x_wconf 91' lang='lat'><em>,</em></span> 
     </span>
     <span class='ocr_line' id='line_1_33' title="bbox 403 2184 1357 2223; baseline -0.003 0"><span class='ocrx_word' id='word_1_203' title='bbox 403 2196 480 2223; x_wconf 89' lang='lat' dir='ltr'>una</span> <span class='ocrx_word' id='word_1_204' title='bbox 496 2196 587 2223; x_wconf 91' lang='lat' dir='ltr'>cum</span> <span class='ocrx_word' id='word_1_205' title='bbox 606 2184 1013 2223; x_wconf 83' lang='lat' dir='ltr'>ilomerocentonibus</span> <span class='ocrx_word' id='word_1_206' title='bbox 1033 2188 1073 2221; x_wconf 85' lang='lat' dir='ltr'>ct</span> <span class='ocrx_word' id='word_1_207' title='bbox 1087 2184 1240 2222; x_wconf 78' lang='lat' dir='ltr'>Nonne.</span> <span class='ocrx_word' id='word_1_208' title='bbox 1257 2184 1357 2220; x_wconf 92' lang='lat' dir='ltr'>Tum</span> 
     </span>
    </p>
   </div>
   <div class='ocr_carea' id='block_1_4' title="bbox 396 2269 1371 3344">
    <p class='ocr_par' dir='ltr' id='par_1_5' title="bbox 396 2269 1371 2899">
     <span class='ocr_line' id='line_1_34' title="bbox 399 2269 1367 2303; baseline -0.003 0"><span class='ocrx_word' id='word_1_209' title='bbox 399 2276 509 2303; x_wconf 83' lang='lat' dir='ltr'>exstat</span> <span class='ocrx_word' id='word_1_210' title='bbox 532 2274 564 2302; x_wconf 91' lang='lat' dir='ltr'>in</span> <span class='ocrx_word' id='word_1_211' title='bbox 588 2271 794 2302; x_wconf 86' lang='lat' dir='ltr'>Bibliotecha</span> <span class='ocrx_word' id='word_1_212' title='bbox 828 2271 1018 2301; x_wconf 74' lang='lat' dir='ltr'>monasterii</span> <span class='ocrx_word' id='word_1_213' title='bbox 1045 2273 1075 2300; x_wconf 90' lang='lat' dir='ltr'>S.</span> <span class='ocrx_word' id='word_1_214' title='bbox 1098 2269 1277 2302; x_wconf 84' lang='lat' dir='ltr'>Benedicti</span> <span class='ocrx_word' id='word_1_215' title='bbox 1303 2272 1367 2300; x_wconf 82' lang='lat' dir='ltr'>Pa-</span> 
     </span>
     <span class='ocr_line' id='line_1_35' title="bbox 398 2319 1367 2360; baseline -0.003 -7"><span class='ocrx_word' id='word_1_216' title='bbox 398 2322 620 2353; x_wconf 87' lang='lat' dir='ltr'>dolironensis</span> <span class='ocrx_word' id='word_1_217' title='bbox 646 2329 711 2352; x_wconf 88' lang='lat' dir='ltr'>non</span> <span class='ocrx_word' id='word_1_218' title='bbox 735 2320 850 2360; x_wconf 88' lang='lat' dir='ltr'>procul</span> <span class='ocrx_word' id='word_1_219' title='bbox 874 2328 892 2350; x_wconf 90' lang='lat' dir='ltr'>a</span> <span class='ocrx_word' id='word_1_220' title='bbox 915 2322 1041 2351; x_wconf 80' lang='lat' dir='ltr'>Mutina</span> <span class='ocrx_word' id='word_1_221' title='bbox 1057 2344 1066 2358; x_wconf 92' lang='lat'><strong>‚</strong></span> <span class='ocrx_word' id='word_1_222' title='bbox 1098 2320 1178 2352; x_wconf 88' lang='lat' dir='ltr'>haec</span> <span class='ocrx_word' id='word_1_223' title='bbox 1211 2319 1367 2359; x_wconf 77' lang='lat' dir='ltr'>leguntur</span> 
     </span>
     <span class='ocr_line' id='line_1_36' title="bbox 399 2369 1368 2409; baseline -0.002 -6"><span class='ocrx_word' id='word_1_224' title='bbox 399 2377 481 2403; x_wconf 84' lang='lat' dir='ltr'>teste</span> <span class='ocrx_word' id='word_1_225' title='bbox 507 2371 698 2402; x_wconf 86' lang='lat' dir='ltr'>Bernhardo</span> <span class='ocrx_word' id='word_1_226' title='bbox 721 2370 761 2400; x_wconf 82' lang='lat' dir='ltr'>de</span> <span class='ocrx_word' id='word_1_227' title='bbox 786 2370 995 2402; x_wconf 62' lang='lat' dir='ltr'>montfaucon</span> <span class='ocrx_word' id='word_1_228' title='bbox 1031 2372 1134 2402; x_wconf 86' lang='lat' dir='ltr'>Diarii</span> <span class='ocrx_word' id='word_1_229' title='bbox 1161 2369 1267 2402; x_wconf 79' lang='lat' dir='ltr'>italici</span> <span class='ocrx_word' id='word_1_230' title='bbox 1294 2378 1368 2409; x_wconf 85' lang='lat' dir='ltr'>pag.</span> 
     </span>
     <span class='ocr_line' id='line_1_37' title="bbox 399 2419 1369 2460; baseline -0.003 -8"><span class='ocrx_word' id='word_1_231' title='bbox 399 2423 448 2453; x_wconf 78' lang='lat'>56.</span> <span class='ocrx_word' id='word_1_232' title='bbox 469 2420 585 2452; x_wconf 77' lang='lat' dir='ltr'>Proba</span> <span class='ocrx_word' id='word_1_233' title='bbox 604 2429 696 2450; x_wconf 57' lang='lat' dir='ltr'>iaz-or</span> <span class='ocrx_word' id='word_1_234' title='bbox 718 2420 887 2460; x_wconf 79' lang='lat' dir='ltr'>Adelphi‚</span> <span class='ocrx_word' id='word_1_235' title='bbox 906 2424 1021 2450; x_wconf 84' lang='lat' dir='ltr'>muter</span> <span class='ocrx_word' id='word_1_236' title='bbox 1042 2419 1171 2451; x_wconf 82' lang='lat' dir='ltr'>Olibrii</span> <span class='ocrx_word' id='word_1_237' title='bbox 1189 2424 1219 2451; x_wconf 84' lang='lat' dir='ltr'>et</span> <span class='ocrx_word' id='word_1_238' title='bbox 1237 2419 1369 2459; x_wconf 76' lang='lat' dir='ltr'>Aziepii</span> 
     </span>
     <span class='ocr_line' id='line_1_38' title="bbox 400 2469 1368 2510; baseline -0.001 -9"><span class='ocrx_word' id='word_1_239' title='bbox 400 2473 409 2490; x_wconf 34' lang='grc' dir='ltr'>ι’</span> <span class='ocrx_word' id='word_1_240' title='bbox 425 2471 531 2510; x_wconf 68' lang='lat' dir='ltr'>Alypii</span> <span class='ocrx_word' id='word_1_241' title='bbox 551 2471 561 2508; x_wconf 93' lang='lat'>)</span> <span class='ocrx_word' id='word_1_242' title='bbox 590 2479 666 2501; x_wconf 87' lang='lat' dir='ltr'>cum</span> <span class='ocrx_word' id='word_1_243' title='bbox 706 2471 914 2501; x_wconf 80' lang='lat' dir='ltr'>Constantii</span> <span class='ocrx_word' id='word_1_244' title='bbox 948 2470 1217 2509; x_wconf 84' lang='lat' dir='ltr'>(Constantini)</span> <span class='ocrx_word' id='word_1_245' title='bbox 1241 2469 1368 2500; x_wconf 75' lang='lat' dir='ltr'>bellum</span> 
     </span>
     <span class='ocr_line' id='line_1_39' title="bbox 397 2519 1371 2560; baseline -0.002 -10"><span class='ocrx_word' id='word_1_246' title='bbox 397 2521 570 2551; x_wconf 78' lang='lat' dir='ltr'>adversus</span> <span class='ocrx_word' id='word_1_247' title='bbox 594 2520 843 2560; x_wconf 75' lang='lat' dir='ltr'>Maynenlium</span> <span class='ocrx_word' id='word_1_248' title='bbox 865 2520 1165 2560; x_wconf 80' lang='lat' dir='ltr'>conscripsisset,</span> <span class='ocrx_word' id='word_1_249' title='bbox 1189 2519 1371 2559; x_wconf 83' lang='lat' dir='ltr'>conscrip-</span> 
     </span>
     <span class='ocr_line' id='line_1_40' title="bbox 396 2568 1365 2601; baseline -0.001 -1"><span class='ocrx_word' id='word_1_250' title='bbox 396 2571 443 2600; x_wconf 82' lang='lat' dir='ltr'>sit</span> <span class='ocrx_word' id='word_1_251' title='bbox 467 2575 499 2601; x_wconf 84' lang='lat' dir='ltr'>et</span> <span class='ocrx_word' id='word_1_252' title='bbox 530 2569 620 2600; x_wconf 81' lang='lat' dir='ltr'>hunc</span> <span class='ocrx_word' id='word_1_253' title='bbox 649 2568 787 2600; x_wconf 81' lang='lat' dir='ltr'>librum.</span> <span class='ocrx_word' id='word_1_254' title='bbox 824 2572 960 2601; x_wconf 84' lang='lat' dir='ltr'>Uxorem</span> <span class='ocrx_word' id='word_1_255' title='bbox 996 2569 1073 2600; x_wconf 81' lang='lat' dir='ltr'>Adel</span> <span class='ocrx_word' id='word_1_256' title='bbox 1105 2570 1112 2600; x_wconf 94' lang='lat' dir='ltr'>i</span> <span class='ocrx_word' id='word_1_257' title='bbox 1139 2574 1237 2600; x_wconf 85' lang='lat' dir='ltr'>vocat</span> <span class='ocrx_word' id='word_1_258' title='bbox 1263 2570 1365 2600; x_wconf 85' lang='lat' dir='ltr'>etiam</span> 
     </span>
     <span class='ocr_line' id='line_1_41' title="bbox 403 2619 1367 2659; baseline 0 -10"><span class='ocrx_word' id='word_1_259' title='bbox 403 2619 546 2651; x_wconf 82' lang='lat' dir='ltr'>isidorus</span> <span class='ocrx_word' id='word_1_260' title='bbox 570 2621 660 2659; x_wconf 82' lang='lat' dir='ltr'>llisp.</span> <span class='ocrx_word' id='word_1_261' title='bbox 685 2619 770 2651; x_wconf 90' lang='lat' dir='ltr'>libro</span> <span class='ocrx_word' id='word_1_262' title='bbox 790 2619 817 2650; x_wconf 91' lang='lat'>1.</span> <span class='ocrx_word' id='word_1_263' title='bbox 839 2621 1014 2659; x_wconf 84' lang='lat' dir='ltr'>Originum</span> <span class='ocrx_word' id='word_1_264' title='bbox 1045 2628 1119 2659; x_wconf 86' lang='lat' dir='ltr'>cap.</span> <span class='ocrx_word' id='word_1_265' title='bbox 1150 2620 1202 2650; x_wconf 69' lang='lat'>28.</span> <span class='ocrx_word' id='word_1_266' title='bbox 1222 2623 1255 2649; x_wconf 91' lang='lat' dir='ltr'>et</span> <span class='ocrx_word' id='word_1_267' title='bbox 1273 2627 1312 2651; x_wconf 73' lang='lat' dir='ltr'>ex</span> <span class='ocrx_word' id='word_1_268' title='bbox 1328 2627 1367 2649; x_wconf 86' lang='lat' dir='ltr'>eo</span> 
     </span>
     <span class='ocr_line' id='line_1_42' title="bbox 399 2668 1369 2710; baseline 0.001 -12"><span class='ocrx_word' id='word_1_269' title='bbox 399 2671 592 2701; x_wconf 77' lang='lat' dir='ltr'>Vincentius</span> <span class='ocrx_word' id='word_1_270' title='bbox 610 2669 853 2701; x_wconf 71' lang='lat' dir='ltr'>bellovacensis</span> <span class='ocrx_word' id='word_1_271' title='bbox 871 2669 956 2700; x_wconf 90' lang='lat' dir='ltr'>libro</span> <span class='ocrx_word' id='word_1_272' title='bbox 973 2669 1004 2701; x_wconf 86' lang='lat'>5.</span> <span class='ocrx_word' id='word_1_273' title='bbox 1023 2669 1152 2710; x_wconf 80' lang='lat' dir='ltr'>speculi</span> <span class='ocrx_word' id='word_1_274' title='bbox 1172 2668 1369 2700; x_wconf 88' lang='lat' dir='ltr'>doctrinalis</span> 
     </span>
     <span class='ocr_line' id='line_1_43' title="bbox 397 2717 1367 2759; baseline -0.002 -9"><span class='ocrx_word' id='word_1_275' title='bbox 397 2728 467 2759; x_wconf 83' lang='lat' dir='ltr'>cap.</span> <span class='ocrx_word' id='word_1_276' title='bbox 485 2721 561 2750; x_wconf 71' lang='lat' dir='ltr'>cxl.</span> <span class='ocrx_word' id='word_1_277' title='bbox 577 2722 634 2758; x_wconf 80' lang='lat' dir='ltr'>qui</span> <span class='ocrx_word' id='word_1_278' title='bbox 653 2720 977 2757; x_wconf 80' lang='lat' dir='ltr'>virgiliocentonum</span> <span class='ocrx_word' id='word_1_279' title='bbox 995 2721 1097 2750; x_wconf 83' lang='lat' dir='ltr'>etiam</span> <span class='ocrx_word' id='word_1_280' title='bbox 1124 2720 1278 2750; x_wconf 86' lang='lat' dir='ltr'>meminit</span> <span class='ocrx_word' id='word_1_281' title='bbox 1309 2717 1367 2749; x_wconf 89' lang='lat' dir='ltr'>lib.</span> 
     </span>
     <span class='ocr_line' id='line_1_44' title="bbox 406 2767 1368 2807; baseline 0 -9"><span class='ocrx_word' id='word_1_282' title='bbox 406 2769 433 2799; x_wconf 88' lang='grc'>1.</span> <span class='ocrx_word' id='word_1_283' title='bbox 451 2776 523 2807; x_wconf 88' lang='lat' dir='ltr'>cap.</span> <span class='ocrx_word' id='word_1_284' title='bbox 541 2769 594 2799; x_wconf 68' lang='lat'>52.</span> <span class='ocrx_word' id='word_1_285' title='bbox 616 2777 655 2799; x_wconf 78' lang='lat' dir='ltr'>ex</span> <span class='ocrx_word' id='word_1_286' title='bbox 686 2770 885 2807; x_wconf 78' lang='lat' dir='ltr'>Hieronymo</span> <span class='ocrx_word' id='word_1_287' title='bbox 916 2768 957 2799; x_wconf 88' lang='lat' dir='ltr'>ad</span> <span class='ocrx_word' id='word_1_288' title='bbox 986 2769 1177 2800; x_wconf 84' lang='lat' dir='ltr'>Paulinum.</span> <span class='ocrx_word' id='word_1_289' title='bbox 1211 2767 1368 2799; x_wconf 88' lang='lat' dir='ltr'>Pluribus</span> 
     </span>
     <span class='ocr_line' id='line_1_45' title="bbox 397 2816 1367 2858; baseline 0.001 -11"><span class='ocrx_word' id='word_1_290' title='bbox 397 2826 527 2858; x_wconf 76' lang='lat' dir='ltr'>quoque</span> <span class='ocrx_word' id='word_1_291' title='bbox 544 2826 616 2849; x_wconf 89' lang='lat' dir='ltr'>eam</span> <span class='ocrx_word' id='word_1_292' title='bbox 638 2818 784 2850; x_wconf 85' lang='lat' dir='ltr'>celebrat</span> <span class='ocrx_word' id='word_1_293' title='bbox 801 2818 969 2850; x_wconf 70' lang='lat' dir='ltr'>lohannes</span> <span class='ocrx_word' id='word_1_294' title='bbox 999 2819 1179 2850; x_wconf 84' lang='lat' dir='ltr'>Boccacius</span> <span class='ocrx_word' id='word_1_295' title='bbox 1207 2817 1294 2849; x_wconf 88' lang='lat' dir='ltr'>libro</span> <span class='ocrx_word' id='word_1_296' title='bbox 1326 2816 1367 2848; x_wconf 85' lang='lat' dir='ltr'>de</span> 
     </span>
     <span class='ocr_line' id='line_1_46' title="bbox 400 2868 730 2899; baseline 0.006 -2"><span class='ocrx_word' id='word_1_297' title='bbox 400 2869 495 2898; x_wconf 71' lang='lat' dir='ltr'>‹elaris</span> <span class='ocrx_word' id='word_1_298' title='bbox 519 2868 730 2899; x_wconf 86' lang='lat' dir='ltr'>mulieribus.</span> 
     </span>
    </p>

    <p class='ocr_par' dir='ltr' id='par_1_6' title="bbox 399 2916 1368 3344">
     <span class='ocr_line' id='line_1_47' title="bbox 458 2916 1366 2958; baseline 0 -11"><span class='ocrx_word' id='word_1_299' title='bbox 458 2919 490 2957; x_wconf 91' lang='lat' dir='ltr'>a)</span> <span class='ocrx_word' id='word_1_300' title='bbox 511 2918 602 2949; x_wconf 82' lang='lat' dir='ltr'>illius</span> <span class='ocrx_word' id='word_1_301' title='bbox 619 2920 746 2958; x_wconf 81' lang='lat' dir='ltr'>primae</span> <span class='ocrx_word' id='word_1_302' title='bbox 763 2916 922 2948; x_wconf 85' lang='lat' dir='ltr'>editionis</span> <span class='ocrx_word' id='word_1_303' title='bbox 943 2917 1059 2948; x_wconf 76' lang='lat' dir='ltr'>titulus</span> <span class='ocrx_word' id='word_1_304' title='bbox 1078 2919 1123 2948; x_wconf 89' lang='lat' dir='ltr'>ita</span> <span class='ocrx_word' id='word_1_305' title='bbox 1138 2916 1279 2948; x_wconf 80' lang='lat' dir='ltr'>refertur</span> <span class='ocrx_word' id='word_1_306' title='bbox 1296 2925 1314 2947; x_wconf 91' lang='lat' dir='ltr'>a</span> <span class='ocrx_word' id='word_1_307' title='bbox 1332 2917 1366 2947; x_wconf 87' lang='lat' dir='ltr'>C.</span> 
     </span>
     <span class='ocr_line' id='line_1_48' title="bbox 400 2966 1362 3007; baseline 0.002 -12"><span class='ocrx_word' id='word_1_308' title='bbox 400 2969 434 2997; x_wconf 72' lang='lat' dir='ltr'>v.</span> <span class='ocrx_word' id='word_1_309' title='bbox 448 2967 603 2999; x_wconf 65' lang='lat' dir='ltr'>michaele</span> <span class='ocrx_word' id='word_1_310' title='bbox 620 2969 785 2998; x_wconf 71' lang='lat' dir='ltr'>Maittaire</span> <span class='ocrx_word' id='word_1_311' title='bbox 804 2969 836 2998; x_wconf 87' lang='lat' dir='ltr'>in</span> <span class='ocrx_word' id='word_1_312' title='bbox 856 2967 1038 2998; x_wconf 79' lang='lat' dir='ltr'>Annalibus</span> <span class='ocrx_word' id='word_1_313' title='bbox 1057 2966 1267 3007; x_wconf 77' lang='lat' dir='ltr'>Typograph.</span> <span class='ocrx_word' id='word_1_314' title='bbox 1288 2974 1362 3006; x_wconf 79' lang='lat' dir='ltr'>pag.</span> 
     </span>
     <span class='ocr_line' id='line_1_49' title="bbox 399 3016 1367 3055; baseline 0.001 -10"><span class='ocrx_word' id='word_1_315' title='bbox 399 3016 449 3046; x_wconf 76' lang='grc'>08.</span> <span class='ocrx_word' id='word_1_316' title='bbox 475 3018 624 3048; x_wconf 74' lang='lat' dir='ltr'>Ausonii</span> <span class='ocrx_word' id='word_1_317' title='bbox 641 3018 769 3048; x_wconf 82' lang='lat' dir='ltr'>Peonii</span> <span class='ocrx_word' id='word_1_318' title='bbox 787 3018 895 3048; x_wconf 62' lang='lat' dir='ltr'>Pol-&#39;la</span> <span class='ocrx_word' id='word_1_319' title='bbox 915 3016 1150 3047; x_wconf 73' lang='lat' dir='ltr'>disertissimi</span> <span class='ocrx_word' id='word_1_320' title='bbox 1172 3016 1367 3055; x_wconf 73' lang='lat' dir='ltr'>Epiyram-</span> 
     </span>
     <span class='ocr_line' id='line_1_50' title="bbox 399 3065 1367 3098; baseline 0.004 -6"><span class='ocrx_word' id='word_1_321' title='bbox 399 3070 519 3096; x_wconf 62' lang='lat' dir='ltr'>wauton</span> <span class='ocrx_word' id='word_1_322' title='bbox 539 3066 635 3098; x_wconf 77' lang='lat' dir='ltr'>libri.</span> <span class='ocrx_word' id='word_1_323' title='bbox 652 3067 778 3098; x_wconf 84' lang='lat' dir='ltr'>Probae</span> <span class='ocrx_word' id='word_1_324' title='bbox 797 3068 963 3098; x_wconf 84' lang='lat' dir='ltr'>Centonae</span> <span class='ocrx_word' id='word_1_325' title='bbox 981 3067 1186 3098; x_wconf 81' lang='lat' dir='ltr'>clarissimae</span> <span class='ocrx_word' id='word_1_326' title='bbox 1204 3065 1367 3097; x_wconf 79' lang='lat' dir='ltr'>foeminae</span> 
     </span>
     <span class='ocr_line' id='line_1_51' title="bbox 401 3116 1367 3154; baseline 0.004 -12"><span class='ocrx_word' id='word_1_327' title='bbox 401 3122 596 3154; x_wconf 77' lang='lat' dir='ltr'>excerptum</span> <span class='ocrx_word' id='word_1_328' title='bbox 615 3125 631 3146; x_wconf 83' lang='lat' dir='ltr'>e</span> <span class='ocrx_word' id='word_1_329' title='bbox 657 3119 800 3147; x_wconf 77' lang='lat' dir='ltr'>Maronis</span> <span class='ocrx_word' id='word_1_330' title='bbox 830 3116 1041 3147; x_wconf 76' lang='lat' dir='ltr'>Carminibus</span> <span class='ocrx_word' id='word_1_331' title='bbox 1069 3117 1109 3146; x_wconf 91' lang='lat' dir='ltr'>ad</span> <span class='ocrx_word' id='word_1_332' title='bbox 1138 3117 1367 3147; x_wconf 85' lang='lat' dir='ltr'>testimonium</span> 
     </span>
     <span class='ocr_line' id='line_1_52' title="bbox 404 3165 1368 3205; baseline 0.004 -14"><span class='ocrx_word' id='word_1_333' title='bbox 404 3166 528 3195; x_wconf 66' lang='lat' dir='ltr'>Veteris</span> <span class='ocrx_word' id='word_1_334' title='bbox 544 3168 691 3205; x_wconf 79' lang='lat' dir='ltr'>Novique</span> <span class='ocrx_word' id='word_1_335' title='bbox 709 3168 910 3198; x_wconf 54' lang='lat' dir='ltr'>&#39;Testamenti</span> <span class='ocrx_word' id='word_1_336' title='bbox 927 3191 935 3199; x_wconf 92' lang='lat'><strong>.</strong></span> <span class='ocrx_word' id='word_1_337' title='bbox 956 3166 1075 3198; x_wconf 79' lang='lat' dir='ltr'>Ouidii</span> <span class='ocrx_word' id='word_1_338' title='bbox 1095 3166 1302 3197; x_wconf 77' lang='lat' dir='ltr'>Consolatio</span> <span class='ocrx_word' id='word_1_339' title='bbox 1321 3165 1368 3195; x_wconf 84' lang='lat' dir='ltr'>ad</span> 
     </span>
     <span class='ocr_line' id='line_1_53' title="bbox 405 3213 1365 3256; baseline 0.007 -15"><span class='ocrx_word' id='word_1_340' title='bbox 405 3213 540 3244; x_wconf 76' lang='lat' dir='ltr'>Liviam</span> <span class='ocrx_word' id='word_1_341' title='bbox 560 3228 567 3245; x_wconf 86' lang='lat'>:</span> <span class='ocrx_word' id='word_1_342' title='bbox 605 3217 781 3256; x_wconf 69' lang='lat' dir='ltr'>calphurii</span> <span class='ocrx_word' id='word_1_343' title='bbox 802 3217 813 3246; x_wconf 90' lang='lat' dir='ltr'>i</span> <span class='ocrx_word' id='word_1_344' title='bbox 833 3217 1037 3248; x_wconf 79' lang='lat' dir='ltr'>Bucolicum</span> <span class='ocrx_word' id='word_1_345' title='bbox 1064 3224 1230 3247; x_wconf 83' lang='lat' dir='ltr'>carmen.-</span> <span class='ocrx_word' id='word_1_346' title='bbox 1265 3214 1365 3248; x_wconf 74' lang='lat' dir='ltr'>Publ.</span> 
     </span>
     <span class='ocr_line' id='line_1_54' title="bbox 408 3261 1368 3305; baseline 0.004 -13"><span class='ocrx_word' id='word_1_347' title='bbox 408 3261 512 3301; x_wconf 67' lang='lat' dir='ltr'>Grvq.</span> <span class='ocrx_word' id='word_1_348' title='bbox 533 3263 665 3302; x_wconf 77' lang='lat' dir='ltr'>Tiferni</span> <span class='ocrx_word' id='word_1_349' title='bbox 688 3265 806 3305; x_wconf 78' lang='lat' dir='ltr'>hymni</span> <span class='ocrx_word' id='word_1_350' title='bbox 834 3270 865 3297; x_wconf 88' lang='lat' dir='ltr'>et</span> <span class='ocrx_word' id='word_1_351' title='bbox 896 3266 972 3297; x_wconf 81' lang='lat' dir='ltr'>alia</span> <span class='ocrx_word' id='word_1_352' title='bbox 991 3265 1185 3305; x_wconf 67' lang='lat' dir='ltr'>poemata,</span> <span class='ocrx_word' id='word_1_353' title='bbox 1220 3266 1368 3298; x_wconf 75' lang='lat' dir='ltr'>venetiis</span> 
     </span>
     <span class='ocr_line' id='line_1_55' title="bbox 407 3309 570 3344; baseline 0.012 -3"><span class='ocrx_word' id='word_1_354' title='bbox 407 3309 496 3342; x_wconf 74' lang='lat'>1471.</span> <span class='ocrx_word' id='word_1_355' title='bbox 517 3311 570 3344; x_wconf 74' lang='lat' dir='ltr'>iol.</span> 
     </span>
    </p>
   </div>
   <div class='ocr_carea' id='block_1_5' title="bbox 1204 194 1589 234">
    <p class='ocr_par' dir='ltr' id='par_1_7' title="bbox 1204 194 1589 234">
     <span class='ocr_line' id='line_1_56' title="bbox 1204 194 1589 234; baseline 0 -1"><span class='ocrx_word' id='word_1_356' title='bbox 1204 194 1589 234; x_wconf 68' lang='lat' dir='ltr'>FALCONIA</span> 
     </span>
    </p>
   </div>
   <div class='ocr_carea' id='block_1_6' title="bbox 1427 265 2390 2730">
    <p class='ocr_par' dir='ltr' id='par_1_8' title="bbox 1427 265 2390 2730">
     <span class='ocr_line' id='line_1_57' title="bbox 1431 265 2380 319; baseline 0 -14"><span class='ocrx_word' id='word_1_357' title='bbox 1431 266 1590 305; x_wconf 87' lang='lat' dir='ltr'>Parisiis</span> <span class='ocrx_word' id='word_1_358' title='bbox 1613 266 1718 317; x_wconf 89' lang='lat' dir='ltr'>apud</span> <span class='ocrx_word' id='word_1_359' title='bbox 1742 268 1995 307; x_wconf 86' lang='lat' dir='ltr'>Franciscum</span> <span class='ocrx_word' id='word_1_360' title='bbox 2023 266 2271 319; x_wconf 88' lang='lat' dir='ltr'>Stephanum</span> <span class='ocrx_word' id='word_1_361' title='bbox 2305 265 2380 306; x_wconf 88' lang='lat' dir='ltr'>An.</span> 
     </span>
     <span class='ocr_line' id='line_1_58' title="bbox 1433 327 2382 382; baseline 0.001 -16"><span class='ocrx_word' id='word_1_362' title='bbox 1433 327 1567 376; x_wconf 82' lang='grc'>1543,</span> <span class='ocrx_word' id='word_1_363' title='bbox 1602 328 1638 365; x_wconf 92' lang='lat'>8.</span> <span class='ocrx_word' id='word_1_364' title='bbox 1681 328 1786 378; x_wconf 91' lang='lat' dir='ltr'>apud</span> <span class='ocrx_word' id='word_1_365' title='bbox 1822 329 2038 369; x_wconf 80' lang='lat' dir='ltr'>Henricum</span> <span class='ocrx_word' id='word_1_366' title='bbox 2074 328 2319 382; x_wconf 79' lang='lat' dir='ltr'>Stephanum</span> <span class='ocrx_word' id='word_1_367' title='bbox 2345 328 2382 378; x_wconf 92' lang='lat' dir='ltr'>d)</span> 
     </span>
     <span class='ocr_line' id='line_1_59' title="bbox 1435 389 2384 440; baseline 0.002 -12"><span class='ocrx_word' id='word_1_368' title='bbox 1435 389 1538 428; x_wconf 91' lang='grc'>1578</span> <span class='ocrx_word' id='word_1_369' title='bbox 1561 419 1569 438; x_wconf 84' lang='grc'><em>,</em></span> <span class='ocrx_word' id='word_1_370' title='bbox 1591 390 1652 428; x_wconf 73' lang='lat'>42.</span> <span class='ocrx_word' id='word_1_371' title='bbox 1688 399 1780 428; x_wconf 88' lang='lat' dir='ltr'>cum</span> <span class='ocrx_word' id='word_1_372' title='bbox 1805 391 2210 432; x_wconf 85' lang='lat' dir='ltr'>Homerocentonibus</span> <span class='ocrx_word' id='word_1_373' title='bbox 2233 391 2267 440; x_wconf 86' lang='lat' dir='ltr'>e)</span> <span class='ocrx_word' id='word_1_374' title='bbox 2303 390 2384 430; x_wconf 91' lang='lat' dir='ltr'>Eu-</span> 
     </span>
     <span class='ocr_line' id='line_1_60' title="bbox 1434 446 2386 506; baseline 0.002 -16"><span class='ocrx_word' id='word_1_375' title='bbox 1434 451 1568 490; x_wconf 88' lang='lat' dir='ltr'>dociae</span> <span class='ocrx_word' id='word_1_376' title='bbox 1593 455 1633 489; x_wconf 89' lang='lat' dir='ltr'>et</span> <span class='ocrx_word' id='word_1_377' title='bbox 1656 452 1783 490; x_wconf 71' lang='lat' dir='ltr'>Nonni</span> <span class='ocrx_word' id='word_1_378' title='bbox 1815 453 2044 503; x_wconf 87' lang='lat' dir='ltr'>paraphrasi</span> <span class='ocrx_word' id='word_1_379' title='bbox 2081 446 2288 506; x_wconf 84' lang='lat' dir='ltr'>Evangelii</span> <span class='ocrx_word' id='word_1_380' title='bbox 2321 454 2386 492; x_wconf 91' lang='lat' dir='ltr'>Jo-</span> 
     </span>
     <span class='ocr_line' id='line_1_61' title="bbox 1435 513 2387 557; baseline 0.005 -6"><span class='ocrx_word' id='word_1_381' title='bbox 1435 513 1592 552; x_wconf 87' lang='lat' dir='ltr'>hannis.</span> <span class='ocrx_word' id='word_1_382' title='bbox 1613 514 1822 552; x_wconf 87' lang='lat' dir='ltr'>Praeterea</span> <span class='ocrx_word' id='word_1_383' title='bbox 1837 519 2004 554; x_wconf 83' lang='lat' dir='ltr'>curante</span> <span class='ocrx_word' id='word_1_384' title='bbox 2027 515 2133 556; x_wconf 76' lang='lat' dir='ltr'>Julzo</span> <span class='ocrx_word' id='word_1_385' title='bbox 2156 515 2296 557; x_wconf 85' lang='lat' dir='ltr'>Roscio</span> <span class='ocrx_word' id='word_1_386' title='bbox 2312 517 2387 556; x_wconf 87' lang='lat' dir='ltr'>Ro-</span> 
     </span>
     <span class='ocr_line' id='line_1_62' title="bbox 1435 576 2386 626; baseline 0.002 -12"><span class='ocrx_word' id='word_1_387' title='bbox 1435 587 1524 615; x_wconf 87' lang='lat' dir='ltr'>mae</span> <span class='ocrx_word' id='word_1_388' title='bbox 1549 576 1669 624; x_wconf 88' lang='grc'>1588,</span> <span class='ocrx_word' id='word_1_389' title='bbox 1696 577 1758 615; x_wconf 71' lang='grc'>12.</span> <span class='ocrx_word' id='word_1_390' title='bbox 1787 577 1855 626; x_wconf 93' lang='lat' dir='ltr'>qui</span> <span class='ocrx_word' id='word_1_391' title='bbox 1878 587 1927 615; x_wconf 81' lang='lat' dir='ltr'>ex</span> <span class='ocrx_word' id='word_1_392' title='bbox 1951 577 2160 618; x_wconf 90' lang='lat' dir='ltr'>Codieibus</span> <span class='ocrx_word' id='word_1_393' title='bbox 2184 579 2386 619; x_wconf 86' lang='lat' dir='ltr'>Vaticanis</span> 
     </span>
     <span class='ocr_line' id='line_1_63' title="bbox 1432 639 2386 692; baseline 0.002 -15"><span class='ocrx_word' id='word_1_394' title='bbox 1432 643 1472 677; x_wconf 87' lang='lat' dir='ltr'>et</span> <span class='ocrx_word' id='word_1_395' title='bbox 1519 639 1692 678; x_wconf 85' lang='lat' dir='ltr'>Hortano</span> <span class='ocrx_word' id='word_1_396' title='bbox 1733 641 1970 690; x_wconf 82' lang='lat' dir='ltr'>castigavit,</span> <span class='ocrx_word' id='word_1_397' title='bbox 2014 641 2386 692; x_wconf 81' lang='lat' dir='ltr'>praefationemque</span> 
     </span>
     <span class='ocr_line' id='line_1_64' title="bbox 1433 700 2388 756; baseline 0.005 -18"><span class='ocrx_word' id='word_1_398' title='bbox 1433 700 1578 739; x_wconf 89' lang='lat' dir='ltr'>Probae</span> <span class='ocrx_word' id='word_1_399' title='bbox 1606 702 1794 750; x_wconf 81' lang='lat' dir='ltr'>restituit,</span> <span class='ocrx_word' id='word_1_400' title='bbox 1818 713 1939 752; x_wconf 89' lang='lat' dir='ltr'>quam</span> <span class='ocrx_word' id='word_1_401' title='bbox 1967 700 2128 741; x_wconf 85' lang='lat' dir='ltr'>Sedulio</span> <span class='ocrx_word' id='word_1_402' title='bbox 2155 703 2219 742; x_wconf 89' lang='lat' dir='ltr'>alii</span> <span class='ocrx_word' id='word_1_403' title='bbox 2246 715 2388 756; x_wconf 86' lang='lat' dir='ltr'>perpe-</span> 
     </span>
     <span class='ocr_line' id='line_1_65' title="bbox 1433 762 2388 816; baseline 0.004 -16"><span class='ocrx_word' id='word_1_404' title='bbox 1433 773 1516 801; x_wconf 86' lang='lat' dir='ltr'>ram</span> <span class='ocrx_word' id='word_1_405' title='bbox 1533 762 1707 802; x_wconf 89' lang='lat' dir='ltr'>tribuere</span> <span class='ocrx_word' id='word_1_406' title='bbox 1726 776 1733 801; x_wconf 93' lang='lat'><strong>:</strong></span> <span class='ocrx_word' id='word_1_407' title='bbox 1758 763 2070 803; x_wconf 88' lang='lat' dir='ltr'>commentarios</span> <span class='ocrx_word' id='word_1_408' title='bbox 2093 765 2213 803; x_wconf 87' lang='lat' dir='ltr'>etiam</span> <span class='ocrx_word' id='word_1_409' title='bbox 2236 765 2388 816; x_wconf 87' lang='lat' dir='ltr'>pollici-</span> 
     </span>
     <span class='ocr_line' id='line_1_66' title="bbox 1433 824 2388 876; baseline 0.003 -13"><span class='ocrx_word' id='word_1_410' title='bbox 1433 830 1527 873; x_wconf 82' lang='lat' dir='ltr'>tus,</span> <span class='ocrx_word' id='word_1_411' title='bbox 1561 824 1631 863; x_wconf 80' lang='lat' dir='ltr'>sed</span> <span class='ocrx_word' id='word_1_412' title='bbox 1675 826 1743 876; x_wconf 94' lang='lat' dir='ltr'>qui</span> <span class='ocrx_word' id='word_1_413' title='bbox 1773 825 1904 865; x_wconf 86' lang='lat' dir='ltr'>lucem</span> <span class='ocrx_word' id='word_1_414' title='bbox 1947 836 2155 876; x_wconf 89' lang='lat' dir='ltr'>nunquam</span> <span class='ocrx_word' id='word_1_415' title='bbox 2187 825 2388 866; x_wconf 84' lang='lat' dir='ltr'>viderunt.</span> 
     </span>
     <span class='ocr_line' id='line_1_67' title="bbox 1430 887 2390 939; baseline 0.001 -13"><span class='ocrx_word' id='word_1_416' title='bbox 1430 887 1575 926; x_wconf 83' lang='lat' dir='ltr'>Exstat</span> <span class='ocrx_word' id='word_1_417' title='bbox 1609 891 1651 925; x_wconf 88' lang='lat' dir='ltr'>et</span> <span class='ocrx_word' id='word_1_418' title='bbox 1695 899 1787 926; x_wconf 90' lang='lat' dir='ltr'>cum</span> <span class='ocrx_word' id='word_1_419' title='bbox 1830 887 2114 939; x_wconf 87' lang='lat' dir='ltr'>Capiluporum</span> <span class='ocrx_word' id='word_1_420' title='bbox 2149 891 2191 927; x_wconf 86' lang='lat' dir='ltr'>et</span> <span class='ocrx_word' id='word_1_421' title='bbox 2223 887 2390 927; x_wconf 78' lang='lat' dir='ltr'>Henrici</span> 
     </span>
     <span class='ocr_line' id='line_1_68' title="bbox 1429 947 2389 1001; baseline 0.001 -13"><span class='ocrx_word' id='word_1_422' title='bbox 1429 947 1630 989; x_wconf 82' lang='lat' dir='ltr'>Meibomii</span> <span class='ocrx_word' id='word_1_423' title='bbox 1641 950 1890 1001; x_wconf 87' lang='lat' dir='ltr'>aliorumque</span> <span class='ocrx_word' id='word_1_424' title='bbox 1897 949 2307 1001; x_wconf 81' lang='lat' dir='ltr'>virgiliocentonibus‚</span> <span class='ocrx_word' id='word_1_425' title='bbox 2319 961 2389 989; x_wconf 86' lang='lat' dir='ltr'>ou-</span> 
     </span>
     <span class='ocr_line' id='line_1_69' title="bbox 1430 1011 2388 1061; baseline 0.002 -11"><span class='ocrx_word' id='word_1_426' title='bbox 1430 1017 1542 1050; x_wconf 88' lang='lat' dir='ltr'>rante</span> <span class='ocrx_word' id='word_1_427' title='bbox 1568 1011 1706 1050; x_wconf 87' lang='lat' dir='ltr'>eodem</span> <span class='ocrx_word' id='word_1_428' title='bbox 1730 1011 1936 1051; x_wconf 89' lang='lat' dir='ltr'>Meibomio</span> <span class='ocrx_word' id='word_1_429' title='bbox 1955 1043 1967 1061; x_wconf 86' lang='lat'><em>,</em></span> <span class='ocrx_word' id='word_1_430' title='bbox 1992 1011 2228 1052; x_wconf 87' lang='lat' dir='ltr'>Helmstadii</span> <span class='ocrx_word' id='word_1_431' title='bbox 2253 1011 2360 1052; x_wconf 88' lang='grc'>1579</span> <span class='ocrx_word' id='word_1_432' title='bbox 2379 1041 2388 1059; x_wconf 93' lang='grc'>,</span> 
     </span>
     <span class='ocr_line' id='line_1_70' title="bbox 1433 1073 2387 1114; baseline 0.002 -2"><span class='ocrx_word' id='word_1_433' title='bbox 1433 1075 1467 1112; x_wconf 91' lang='grc'>4.</span> <span class='ocrx_word' id='word_1_434' title='bbox 1497 1074 1646 1112; x_wconf 90' lang='lat' dir='ltr'>Omitto</span> <span class='ocrx_word' id='word_1_435' title='bbox 1670 1073 1867 1112; x_wconf 79' lang='lat' dir='ltr'>editiones</span> <span class='ocrx_word' id='word_1_436' title='bbox 1891 1073 1990 1113; x_wconf 88' lang='lat' dir='ltr'>alias</span> <span class='ocrx_word' id='word_1_437' title='bbox 2028 1078 2074 1113; x_wconf 90' lang='lat' dir='ltr'>ut</span> <span class='ocrx_word' id='word_1_438' title='bbox 2107 1074 2387 1114; x_wconf 76' lang='lat' dir='ltr'>coloniensem</span> 
     </span>
     <span class='ocr_line' id='line_1_71' title="bbox 1433 1136 2386 1186; baseline 0.001 -10"><span class='ocrx_word' id='word_1_439' title='bbox 1433 1136 1528 1176; x_wconf 90' lang='grc'>1601</span> <span class='ocrx_word' id='word_1_440' title='bbox 1552 1167 1563 1186; x_wconf 87' lang='lat'><em>,</em></span> <span class='ocrx_word' id='word_1_441' title='bbox 1592 1136 1626 1174; x_wconf 88' lang='grc'>8.</span> <span class='ocrx_word' id='word_1_442' title='bbox 1650 1140 1690 1174; x_wconf 90' lang='lat' dir='ltr'>et</span> <span class='ocrx_word' id='word_1_443' title='bbox 1726 1147 1828 1186; x_wconf 87' lang='lat' dir='ltr'>quae</span> <span class='ocrx_word' id='word_1_444' title='bbox 1867 1137 1905 1174; x_wconf 88' lang='lat' dir='ltr'>in</span> <span class='ocrx_word' id='word_1_445' title='bbox 1938 1137 2193 1177; x_wconf 84' lang='lat' dir='ltr'>Bibliothecis</span> <span class='ocrx_word' id='word_1_446' title='bbox 2222 1139 2386 1177; x_wconf 88' lang='lat' dir='ltr'>Patrum</span> 
     </span>
     <span class='ocr_line' id='line_1_72' title="bbox 1431 1197 2382 1250; baseline 0.001 -13"><span class='ocrx_word' id='word_1_447' title='bbox 1431 1203 1662 1238; x_wconf 89' lang='lat' dir='ltr'>occurrunt.</span> <span class='ocrx_word' id='word_1_448' title='bbox 1687 1197 1766 1237; x_wconf 90' lang='lat' dir='ltr'>Sed</span> <span class='ocrx_word' id='word_1_449' title='bbox 1803 1209 1897 1250; x_wconf 87' lang='lat' dir='ltr'>prae</span> <span class='ocrx_word' id='word_1_450' title='bbox 1932 1201 2101 1238; x_wconf 90' lang='lat' dir='ltr'>caeteris</span> <span class='ocrx_word' id='word_1_451' title='bbox 2137 1198 2382 1239; x_wconf 89' lang='lat' dir='ltr'>laudandum</span> 
     </span>
     <span class='ocr_line' id='line_1_73' title="bbox 1431 1260 2385 1314; baseline 0 -14"><span class='ocrx_word' id='word_1_452' title='bbox 1431 1261 1610 1300; x_wconf 90' lang='lat' dir='ltr'>studium</span> <span class='ocrx_word' id='word_1_453' title='bbox 1639 1260 1804 1299; x_wconf 77' lang='lat' dir='ltr'>Joanm‘s</span> <span class='ocrx_word' id='word_1_454' title='bbox 1834 1260 2001 1300; x_wconf 82' lang='lat' dir='ltr'>Henrici</span> <span class='ocrx_word' id='word_1_455' title='bbox 2025 1260 2292 1314; x_wconf 81' lang='lat' dir='ltr'>Kromayeri‚</span> <span class='ocrx_word' id='word_1_456' title='bbox 2317 1262 2385 1312; x_wconf 93' lang='lat' dir='ltr'>qui</span> 
     </span>
     <span class='ocr_line' id='line_1_74' title="bbox 1430 1323 2386 1363; baseline 0 -1"><span class='ocrx_word' id='word_1_457' title='bbox 1430 1328 1622 1362; x_wconf 82' lang='lat' dir='ltr'>centones</span> <span class='ocrx_word' id='word_1_458' title='bbox 1645 1323 1717 1361; x_wconf 91' lang='lat' dir='ltr'>hos</span> <span class='ocrx_word' id='word_1_459' title='bbox 1742 1324 1846 1361; x_wconf 90' lang='lat' dir='ltr'>notis</span> <span class='ocrx_word' id='word_1_460' title='bbox 1879 1328 1919 1362; x_wconf 87' lang='lat' dir='ltr'>et</span> <span class='ocrx_word' id='word_1_461' title='bbox 1944 1323 2073 1363; x_wconf 89' lang='lat' dir='ltr'>indice</span> <span class='ocrx_word' id='word_1_462' title='bbox 2102 1327 2263 1363; x_wconf 88' lang='lat' dir='ltr'>ornatos</span> <span class='ocrx_word' id='word_1_463' title='bbox 2298 1323 2386 1363; x_wconf 91' lang='lat' dir='ltr'>vul-</span> 
     </span>
     <span class='ocr_line' id='line_1_75' title="bbox 1430 1381 2382 1434; baseline 0 -13"><span class='ocrx_word' id='word_1_464' title='bbox 1430 1384 1539 1434; x_wconf 79' lang='lat' dir='ltr'>gavit</span> <span class='ocrx_word' id='word_1_465' title='bbox 1564 1383 1682 1421; x_wconf 85' lang='lat' dir='ltr'>Halae</span> <span class='ocrx_word' id='word_1_466' title='bbox 1708 1381 1811 1422; x_wconf 88' lang='grc'>1719</span> <span class='ocrx_word' id='word_1_467' title='bbox 1833 1411 1841 1429; x_wconf 82' lang='lat'><em>‚</em></span> <span class='ocrx_word' id='word_1_468' title='bbox 1863 1383 1899 1420; x_wconf 90' lang='lat'>8.</span> <span class='ocrx_word' id='word_1_469' title='bbox 1928 1384 2098 1434; x_wconf 81' lang='lat' dir='ltr'>signatis</span> <span class='ocrx_word' id='word_1_470' title='bbox 2117 1387 2304 1423; x_wconf 83' lang='lat' dir='ltr'>accurate</span> <span class='ocrx_word' id='word_1_471' title='bbox 2331 1382 2382 1421; x_wconf 90' lang='lat' dir='ltr'>ad</span> 
     </span>
     <span class='ocr_line' id='line_1_76' title="bbox 1431 1445 2385 1497; baseline -0.001 -13"><span class='ocrx_word' id='word_1_472' title='bbox 1431 1446 1610 1495; x_wconf 79' lang='lat' dir='ltr'>singulos</span> <span class='ocrx_word' id='word_1_473' title='bbox 1635 1455 1780 1484; x_wconf 89' lang='lat' dir='ltr'>versus</span> <span class='ocrx_word' id='word_1_474' title='bbox 1809 1445 1994 1484; x_wconf 87' lang='lat' dir='ltr'>versibus</span> <span class='ocrx_word' id='word_1_475' title='bbox 2022 1445 2198 1497; x_wconf 81' lang='lat' dir='ltr'>Virgilii,</span> <span class='ocrx_word' id='word_1_476' title='bbox 2237 1445 2385 1496; x_wconf 89' lang='lat' dir='ltr'>quibus</span> 
     </span>
     <span class='ocr_line' id='line_1_77' title="bbox 1430 1507 2384 1547; baseline 0.001 -2"><span class='ocrx_word' id='word_1_477' title='bbox 1430 1513 1622 1547; x_wconf 78' lang='lat' dir='ltr'>centones</span> <span class='ocrx_word' id='word_1_478' title='bbox 1652 1508 1703 1546; x_wconf 93' lang='lat' dir='ltr'>illi</span> <span class='ocrx_word' id='word_1_479' title='bbox 1746 1511 1943 1546; x_wconf 86' lang='lat' dir='ltr'>constant.</span> <span class='ocrx_word' id='word_1_480' title='bbox 1981 1508 2131 1547; x_wconf 89' lang='lat' dir='ltr'>Novam</span> <span class='ocrx_word' id='word_1_481' title='bbox 2169 1507 2384 1547; x_wconf 88' lang='lat' dir='ltr'>editionem</span> 
     </span>
     <span class='ocr_line' id='line_1_78' title="bbox 1429 1568 2383 1622; baseline -0.002 -13"><span class='ocrx_word' id='word_1_482' title='bbox 1429 1575 1640 1622; x_wconf 85' lang='lat' dir='ltr'>expectare</span> <span class='ocrx_word' id='word_1_483' title='bbox 1667 1581 1792 1621; x_wconf 88' lang='lat' dir='ltr'>nuper</span> <span class='ocrx_word' id='word_1_484' title='bbox 1810 1580 1833 1608; x_wconf 85' lang='lat' dir='ltr'>a</span> <span class='ocrx_word' id='word_1_485' title='bbox 1851 1580 1894 1608; x_wconf 90' lang='lat' dir='ltr'>se</span> <span class='ocrx_word' id='word_1_486' title='bbox 1908 1569 2031 1620; x_wconf 90' lang='lat' dir='ltr'>jussit</span> <span class='ocrx_word' id='word_1_487' title='bbox 2049 1570 2087 1608; x_wconf 89' lang='lat' dir='ltr'>in</span> <span class='ocrx_word' id='word_1_488' title='bbox 2107 1568 2383 1621; x_wconf 89' lang='lat' dir='ltr'>Ephemeridi-</span> 
     </span>
     <span class='ocr_line' id='line_1_79' title="bbox 1427 1631 2382 1683; baseline -0.001 -11"><span class='ocrx_word' id='word_1_489' title='bbox 1427 1634 1504 1673; x_wconf 90' lang='lat' dir='ltr'>bus</span> <span class='ocrx_word' id='word_1_490' title='bbox 1539 1633 1742 1672; x_wconf 88' lang='lat' dir='ltr'>litterariis</span> <span class='ocrx_word' id='word_1_491' title='bbox 1784 1631 2021 1671; x_wconf 86' lang='lat' dir='ltr'>Germanice</span> <span class='ocrx_word' id='word_1_492' title='bbox 2062 1631 2181 1672; x_wconf 89' lang='lat' dir='ltr'>editis</span> <span class='ocrx_word' id='word_1_493' title='bbox 2227 1632 2382 1683; x_wconf 88' lang='lat' dir='ltr'>Lipsiae</span> 
     </span>
     <span class='ocr_line' id='line_1_80' title="bbox 1429 1693 2384 1745; baseline -0.002 -11"><span class='ocrx_word' id='word_1_494' title='bbox 1429 1696 1502 1734; x_wconf 88' lang='lat' dir='ltr'>An.</span> <span class='ocrx_word' id='word_1_495' title='bbox 1525 1693 1639 1734; x_wconf 93' lang='grc'>1710.</span> <span class='ocrx_word' id='word_1_496' title='bbox 1663 1705 1748 1745; x_wconf 81' lang='lat' dir='ltr'>pag.</span> <span class='ocrx_word' id='word_1_497' title='bbox 1773 1693 1890 1733; x_wconf 92' lang='grc'>1010.</span> <span class='ocrx_word' id='word_1_498' title='bbox 1907 1698 2027 1745; x_wconf 88' lang='lat' dir='ltr'>atque</span> <span class='ocrx_word' id='word_1_499' title='bbox 2049 1695 2189 1734; x_wconf 89' lang='lat' dir='ltr'>iterato</span> <span class='ocrx_word' id='word_1_500' title='bbox 2208 1695 2248 1733; x_wconf 89' lang='lat' dir='ltr'>in</span> <span class='ocrx_word' id='word_1_501' title='bbox 2269 1695 2384 1733; x_wconf 86' lang='lat' dir='ltr'>novis</span> 
     </span>
     <span class='ocr_line' id='line_1_81' title="bbox 1430 1756 2384 1808; baseline -0.001 -12"><span class='ocrx_word' id='word_1_502' title='bbox 1430 1758 1632 1796; x_wconf 70' lang='lat' dir='ltr'>litterariis</span> <span class='ocrx_word' id='word_1_503' title='bbox 1669 1756 1744 1796; x_wconf 84' lang='lat' dir='ltr'>An.</span> <span class='ocrx_word' id='word_1_504' title='bbox 1785 1756 1900 1796; x_wconf 88' lang='grc'>1719.</span> <span class='ocrx_word' id='word_1_505' title='bbox 1939 1766 2026 1808; x_wconf 79' lang='lat' dir='ltr'>pag.</span> <span class='ocrx_word' id='word_1_506' title='bbox 2066 1757 2129 1795; x_wconf 91' lang='lat'>33.</span> <span class='ocrx_word' id='word_1_507' title='bbox 2155 1757 2384 1808; x_wconf 87' lang='lat' dir='ltr'>praeclarus</span> 
     </span>
     <span class='ocr_line' id='line_1_82' title="bbox 1429 1817 2387 1859; baseline -0.002 0"><span class='ocrx_word' id='word_1_508' title='bbox 1429 1821 1497 1859; x_wconf 87' lang='lat' dir='ltr'>Vir</span> <span class='ocrx_word' id='word_1_509' title='bbox 1513 1818 1712 1858; x_wconf 77' lang='lat' dir='ltr'>Joharmes</span> <span class='ocrx_word' id='word_1_510' title='bbox 1731 1817 1898 1857; x_wconf 79' lang='lat' dir='ltr'>Gotclz·eb</span> <span class='ocrx_word' id='word_1_511' title='bbox 1919 1819 1958 1858; x_wconf 91' lang='lat' dir='ltr'><strong><em>K</em></strong></span> <span class='ocrx_word' id='word_1_512' title='bbox 1959 1829 2097 1858; x_wconf 85' lang='lat' dir='ltr'>rause.</span> <span class='ocrx_word' id='word_1_513' title='bbox 2114 1820 2158 1858; x_wconf 89' lang='lat' dir='ltr'>In</span> <span class='ocrx_word' id='word_1_514' title='bbox 2177 1818 2387 1859; x_wconf 78' lang='lat' dir='ltr'>Laurentii</span> 
     </span>
     <span class='ocr_line' id='line_1_83' title="bbox 1430 1882 2383 1934; baseline -0.002 -12"><span class='ocrx_word' id='word_1_515' title='bbox 1430 1883 1575 1934; x_wconf 59' lang='lat' dir='ltr'>Leyalz}</span> <span class='ocrx_word' id='word_1_516' title='bbox 1602 1883 1905 1930; x_wconf 86' lang='lat' dir='ltr'>Cremonensis,</span> <span class='ocrx_word' id='word_1_517' title='bbox 1931 1882 2116 1933; x_wconf 89' lang='lat' dir='ltr'>primitiis</span> <span class='ocrx_word' id='word_1_518' title='bbox 2141 1883 2269 1922; x_wconf 88' lang='lat' dir='ltr'>musei</span> <span class='ocrx_word' id='word_1_519' title='bbox 2290 1886 2383 1934; x_wconf 71' lang='lat' dir='ltr'>poe—</span> 
     </span>
     <span class='ocr_line' id='line_1_84' title="bbox 1429 1941 2377 1994; baseline 0 -11"><span class='ocrx_word' id='word_1_520' title='bbox 1429 1947 1592 1984; x_wconf 89' lang='lat' dir='ltr'>triarum</span> <span class='ocrx_word' id='word_1_521' title='bbox 1614 1944 1732 1983; x_wconf 89' lang='lat' dir='ltr'>editis</span> <span class='ocrx_word' id='word_1_522' title='bbox 1756 1946 1951 1984; x_wconf 88' lang='lat' dir='ltr'>Bononiae</span> <span class='ocrx_word' id='word_1_523' title='bbox 1982 1944 2084 1984; x_wconf 89' lang='grc'>1668</span> <span class='ocrx_word' id='word_1_524' title='bbox 2106 1941 2114 1994; x_wconf 82' lang='grc'>’,</span> <span class='ocrx_word' id='word_1_525' title='bbox 2143 1945 2177 1984; x_wconf 92' lang='grc'>4.</span> <span class='ocrx_word' id='word_1_526' title='bbox 2202 1944 2251 1984; x_wconf 92' lang='lat' dir='ltr'>de</span> <span class='ocrx_word' id='word_1_527' title='bbox 2275 1944 2377 1983; x_wconf 88' lang='lat' dir='ltr'>AElia</span> 
     </span>
     <span class='ocr_line' id='line_1_85' title="bbox 1430 2005 2383 2058; baseline 0 -11"><span class='ocrx_word' id='word_1_528' title='bbox 1430 2007 1609 2047; x_wconf 88' lang='lat' dir='ltr'>Eudoxia</span> <span class='ocrx_word' id='word_1_529' title='bbox 1638 2006 1831 2058; x_wconf 81' lang='lat' dir='ltr'>Augusta,</span> <span class='ocrx_word' id='word_1_530' title='bbox 1857 2005 1905 2044; x_wconf 89' lang='lat' dir='ltr'>de</span> <span class='ocrx_word' id='word_1_531' title='bbox 1927 2007 2052 2046; x_wconf 89' lang='lat' dir='ltr'>Proba</span> <span class='ocrx_word' id='word_1_532' title='bbox 2074 2007 2229 2046; x_wconf 88' lang='lat' dir='ltr'>Valeria</span> <span class='ocrx_word' id='word_1_533' title='bbox 2248 2007 2383 2047; x_wconf 88' lang='lat' dir='ltr'>Falco-</span> 
     </span>
     <span class='ocr_line' id='line_1_86' title="bbox 1432 2067 2379 2120; baseline 0.002 -14"><span class='ocrx_word' id='word_1_534' title='bbox 1432 2071 1521 2116; x_wconf 87' lang='lat' dir='ltr'>nia,</span> <span class='ocrx_word' id='word_1_535' title='bbox 1563 2073 1603 2106; x_wconf 89' lang='lat' dir='ltr'>et</span> <span class='ocrx_word' id='word_1_536' title='bbox 1640 2067 1689 2107; x_wconf 87' lang='lat' dir='ltr'>de</span> <span class='ocrx_word' id='word_1_537' title='bbox 1732 2069 1924 2118; x_wconf 85' lang='lat' dir='ltr'>Sulpicia,</span> <span class='ocrx_word' id='word_1_538' title='bbox 1963 2068 2263 2120; x_wconf 86' lang='lat' dir='ltr'>earundemque</span> <span class='ocrx_word' id='word_1_539' title='bbox 2299 2070 2379 2108; x_wconf 89' lang='lat' dir='ltr'>vita</span> 
     </span>
     <span class='ocr_line' id='line_1_87' title="bbox 1430 2130 2383 2180; baseline 0 -11"><span class='ocrx_word' id='word_1_540' title='bbox 1430 2130 1673 2170; x_wconf 87' lang='lat' dir='ltr'>carminibus</span> <span class='ocrx_word' id='word_1_541' title='bbox 1693 2133 1733 2168; x_wconf 90' lang='lat' dir='ltr'>et</span> <span class='ocrx_word' id='word_1_542' title='bbox 1751 2130 1954 2180; x_wconf 88' lang='lat' dir='ltr'>opusculis</span> <span class='ocrx_word' id='word_1_543' title='bbox 1978 2130 2200 2180; x_wconf 82' lang='lat' dir='ltr'>disseritur,</span> <span class='ocrx_word' id='word_1_544' title='bbox 2223 2131 2383 2170; x_wconf 90' lang='lat' dir='ltr'>consul-</span> 
     </span>
     <span class='ocr_line' id='line_1_88' title="bbox 1433 2192 2382 2243; baseline 0.001 -13"><span class='ocrx_word' id='word_1_545' title='bbox 1433 2197 1483 2231; x_wconf 85' lang='lat' dir='ltr'>tis</span> <span class='ocrx_word' id='word_1_546' title='bbox 1517 2193 1635 2231; x_wconf 87' lang='lat' dir='ltr'>etiam</span> <span class='ocrx_word' id='word_1_547' title='bbox 1663 2192 1992 2242; x_wconf 86' lang='lat' dir='ltr'>Inscriptionibus</span> <span class='ocrx_word' id='word_1_548' title='bbox 2028 2193 2215 2243; x_wconf 88' lang='lat' dir='ltr'>antiquis.</span> <span class='ocrx_word' id='word_1_549' title='bbox 2252 2193 2382 2232; x_wconf 86' lang='lat' dir='ltr'>MStos</span> 
     </span>
     <span class='ocr_line' id='line_1_89' title="bbox 1432 2253 2384 2305; baseline 0.001 -12"><span class='ocrx_word' id='word_1_550' title='bbox 1432 2253 1624 2304; x_wconf 84' lang='lat' dir='ltr'>quosdam</span> <span class='ocrx_word' id='word_1_551' title='bbox 1650 2253 1818 2292; x_wconf 88' lang='lat' dir='ltr'>Codices</span> <span class='ocrx_word' id='word_1_552' title='bbox 1842 2255 2039 2305; x_wconf 83' lang='lat' dir='ltr'>Oxoniae,</span> <span class='ocrx_word' id='word_1_553' title='bbox 2063 2254 2246 2305; x_wconf 82' lang='lat' dir='ltr'>Lugduni</span> <span class='ocrx_word' id='word_1_554' title='bbox 2269 2256 2384 2294; x_wconf 85' lang='lat' dir='ltr'>Bata·-</span> 
     </span>
     <span class='ocr_line' id='line_1_90' title="bbox 1435 2316 2384 2357; baseline 0.003 -3"><span class='ocrx_word' id='word_1_555' title='bbox 1435 2328 1573 2355; x_wconf 90' lang='lat' dir='ltr'>vorum</span> <span class='ocrx_word' id='word_1_556' title='bbox 1605 2321 1646 2355; x_wconf 88' lang='lat' dir='ltr'>et</span> <span class='ocrx_word' id='word_1_557' title='bbox 1679 2316 1843 2355; x_wconf 88' lang='lat' dir='ltr'>Londini</span> <span class='ocrx_word' id='word_1_558' title='bbox 1879 2317 2016 2355; x_wconf 90' lang='lat' dir='ltr'>obvios</span> <span class='ocrx_word' id='word_1_559' title='bbox 2054 2321 2165 2356; x_wconf 85' lang='lat' dir='ltr'>notat</span> <span class='ocrx_word' id='word_1_560' title='bbox 2201 2316 2384 2357; x_wconf 90' lang='lat' dir='ltr'>Oudinus</span> 
     </span>
     <span class='ocr_line' id='line_1_91' title="bbox 1435 2379 2385 2430; baseline 0.002 -13"><span class='ocrx_word' id='word_1_561' title='bbox 1435 2385 1528 2417; x_wconf 90' lang='lat' dir='ltr'>tom.</span> <span class='ocrx_word' id='word_1_562' title='bbox 1552 2380 1587 2418; x_wconf 91' lang='grc'>1.</span> <span class='ocrx_word' id='word_1_563' title='bbox 1611 2390 1697 2430; x_wconf 81' lang='lat' dir='ltr'>pag.</span> <span class='ocrx_word' id='word_1_564' title='bbox 1729 2379 1805 2417; x_wconf 87' lang='lat'>900</span> <span class='ocrx_word' id='word_1_565' title='bbox 1822 2409 1834 2427; x_wconf 76' lang='lat'><em>‚</em></span> <span class='ocrx_word' id='word_1_566' title='bbox 1864 2389 1935 2429; x_wconf 87' lang='lat' dir='ltr'>seq</span> <span class='ocrx_word' id='word_1_567' title='bbox 1973 2379 2216 2430; x_wconf 88' lang='lat' dir='ltr'>Jampridem</span> <span class='ocrx_word' id='word_1_568' title='bbox 2237 2379 2385 2419; x_wconf 88' lang='lat' dir='ltr'>Probae</span> 
     </span>
     <span class='ocr_line' id='line_1_92' title="bbox 1435 2440 2388 2493; baseline 0 -12"><span class='ocrx_word' id='word_1_569' title='bbox 1435 2446 1625 2481; x_wconf 86' lang='lat' dir='ltr'>centones</span> <span class='ocrx_word' id='word_1_570' title='bbox 1650 2452 1727 2480; x_wconf 91' lang='lat' dir='ltr'>una</span> <span class='ocrx_word' id='word_1_571' title='bbox 1751 2452 1843 2480; x_wconf 89' lang='lat' dir='ltr'>cum</span> <span class='ocrx_word' id='word_1_572' title='bbox 1873 2440 2076 2480; x_wconf 86' lang='lat' dir='ltr'>Tancredo</span> <span class='ocrx_word' id='word_1_573' title='bbox 2112 2441 2280 2493; x_wconf 89' lang='lat' dir='ltr'>Philippi</span> <span class='ocrx_word' id='word_1_574' title='bbox 2314 2443 2388 2481; x_wconf 88' lang='lat' dir='ltr'>Be-</span> 
     </span>
     <span class='ocr_line' id='line_1_93' title="bbox 1436 2503 2387 2551; baseline 0.002 -10"><span class='ocrx_word' id='word_1_575' title='bbox 1436 2503 1569 2551; x_wconf 89' lang='lat' dir='ltr'>roaldi‚</span> <span class='ocrx_word' id='word_1_576' title='bbox 1586 2503 1732 2541; x_wconf 89' lang='lat' dir='ltr'>Gallice</span> <span class='ocrx_word' id='word_1_577' title='bbox 1755 2504 1954 2541; x_wconf 90' lang='lat' dir='ltr'>convertit</span> <span class='ocrx_word' id='word_1_578' title='bbox 1969 2503 2191 2543; x_wconf 86' lang='lat' dir='ltr'>Richardus</span> <span class='ocrx_word' id='word_1_579' title='bbox 2211 2505 2247 2543; x_wconf 90' lang='lat' dir='ltr'>le</span> <span class='ocrx_word' id='word_1_580' title='bbox 2266 2504 2387 2543; x_wconf 89' lang='lat' dir='ltr'>Blanc</span> 
     </span>
     <span class='ocr_line' id='line_1_94' title="bbox 1438 2565 2386 2617; baseline 0.002 -13"><span class='ocrx_word' id='word_1_581' title='bbox 1438 2567 1593 2604; x_wconf 88' lang='lat' dir='ltr'>Parisiis</span> <span class='ocrx_word' id='word_1_582' title='bbox 1619 2567 1721 2605; x_wconf 85' lang='grc'>1553</span> <span class='ocrx_word' id='word_1_583' title='bbox 1744 2565 1847 2617; x_wconf 89' lang='lat' dir='ltr'>apud</span> <span class='ocrx_word' id='word_1_584' title='bbox 1873 2566 2088 2606; x_wconf 86' lang='lat' dir='ltr'>Robertum</span> <span class='ocrx_word' id='word_1_585' title='bbox 2112 2566 2386 2616; x_wconf 84' lang='lat' dir='ltr'>Messalinum,</span> 
     </span>
     <span class='ocr_line' id='line_1_95' title="bbox 1436 2628 2385 2680; baseline 0.003 -14"><span class='ocrx_word' id='word_1_586' title='bbox 1436 2633 1538 2667; x_wconf 82' lang='lat' dir='ltr'>teste</span> <span class='ocrx_word' id='word_1_587' title='bbox 1579 2629 1830 2668; x_wconf 81' lang='lat' dir='ltr'>Crucinianio</span> <span class='ocrx_word' id='word_1_588' title='bbox 1863 2639 1950 2680; x_wconf 81' lang='lat' dir='ltr'>pag.</span> <span class='ocrx_word' id='word_1_589' title='bbox 1985 2628 2073 2667; x_wconf 84' lang='lat'>440.</span> <span class='ocrx_word' id='word_1_590' title='bbox 2118 2628 2385 2669; x_wconf 86' lang='lat' dir='ltr'>Bibliothecae</span> 
     </span>
     <span class='ocr_line' id='line_1_96' title="bbox 1436 2692 1624 2730; baseline 0.005 -2"><span class='ocrx_word' id='word_1_591' title='bbox 1436 2692 1624 2730; x_wconf 79' lang='lat' dir='ltr'>Gallicae.</span> 
     </span>
    </p>
   </div>
   <div class='ocr_carea' id='block_1_7' title="bbox 1426 2813 2399 3357">
    <p class='ocr_par' dir='ltr' id='par_1_9' title="bbox 1426 2813 2398 3245">
     <span class='ocr_line' id='line_1_97' title="bbox 1488 2813 2395 2858; baseline 0.009 -15"><span class='ocrx_word' id='word_1_592' title='bbox 1488 2814 1524 2851; x_wconf 78' lang='lat' dir='ltr'>b)</span> <span class='ocrx_word' id='word_1_593' title='bbox 1541 2814 1663 2854; x_wconf 89' lang='lat' dir='ltr'>Caspar</span> <span class='ocrx_word' id='word_1_594' title='bbox 1690 2814 1846 2846; x_wconf 87' lang='lat' dir='ltr'>Barthius</span> <span class='ocrx_word' id='word_1_595' title='bbox 1862 2814 1903 2846; x_wconf 85' lang='lat' dir='ltr'>ad</span> <span class='ocrx_word' id='word_1_596' title='bbox 1920 2813 2140 2848; x_wconf 88' lang='lat' dir='ltr'>Claudianum</span> <span class='ocrx_word' id='word_1_597' title='bbox 2172 2824 2249 2858; x_wconf 84' lang='lat' dir='ltr'>pag.</span> <span class='ocrx_word' id='word_1_598' title='bbox 2265 2816 2319 2850; x_wconf 81' lang='lat'>47.</span> <span class='ocrx_word' id='word_1_599' title='bbox 2337 2818 2395 2851; x_wconf 87' lang='lat' dir='ltr'>ubi</span> 
     </span>
     <span class='ocr_line' id='line_1_98' title="bbox 1430 2863 2396 2900; baseline 0.008 -8"><span class='ocrx_word' id='word_1_600' title='bbox 1430 2863 1468 2893; x_wconf 90' lang='lat' dir='ltr'>de</span> <span class='ocrx_word' id='word_1_601' title='bbox 1485 2863 1590 2894; x_wconf 88' lang='lat' dir='ltr'>Proba</span> <span class='ocrx_word' id='word_1_602' title='bbox 1610 2863 1786 2896; x_wconf 83' lang='lat' dir='ltr'>Falconia:</span> <span class='ocrx_word' id='word_1_603' title='bbox 1807 2863 1947 2894; x_wconf 71' lang='lat' dir='ltr'>‚Ter-itur</span> <span class='ocrx_word' id='word_1_604' title='bbox 1963 2863 2127 2896; x_wconf 83' lang='lat' dir='ltr'>manibus</span> <span class='ocrx_word' id='word_1_605' title='bbox 2156 2866 2266 2898; x_wconf 81' lang='lat' dir='ltr'>editio</span> <span class='ocrx_word' id='word_1_606' title='bbox 2297 2868 2396 2900; x_wconf 76' lang='lat' dir='ltr'>Hen-</span> 
     </span>
     <span class='ocr_line' id='line_1_99' title="bbox 1427 2912 2396 2953; baseline 0.009 -11"><span class='ocrx_word' id='word_1_607' title='bbox 1427 2912 1494 2942; x_wconf 80' lang='lat' dir='ltr'>rici</span> <span class='ocrx_word' id='word_1_608' title='bbox 1510 2912 1680 2952; x_wconf 81' lang='lat' dir='ltr'>Stephani</span> <span class='ocrx_word' id='word_1_609' title='bbox 1693 2936 1703 2951; x_wconf 93' lang='lat'><strong><em>,</em></strong></span> <span class='ocrx_word' id='word_1_610' title='bbox 1735 2914 1795 2952; x_wconf 84' lang='lat' dir='ltr'>qui</span> <span class='ocrx_word' id='word_1_611' title='bbox 1813 2921 1886 2944; x_wconf 82' lang='lat' dir='ltr'>non</span> <span class='ocrx_word' id='word_1_612' title='bbox 1902 2921 2011 2953; x_wconf 82' lang='lat' dir='ltr'>aeque</span> <span class='ocrx_word' id='word_1_613' title='bbox 2028 2913 2113 2946; x_wconf 83' lang='lat' dir='ltr'>bene</span> <span class='ocrx_word' id='word_1_614' title='bbox 2130 2924 2173 2947; x_wconf 85' lang='lat' dir='ltr'>ae</span> <span class='ocrx_word' id='word_1_615' title='bbox 2190 2917 2232 2948; x_wconf 85' lang='lat' dir='ltr'>de</span> <span class='ocrx_word' id='word_1_616' title='bbox 2249 2917 2336 2950; x_wconf 85' lang='lat' dir='ltr'>aliis</span> <span class='ocrx_word' id='word_1_617' title='bbox 2352 2919 2396 2951; x_wconf 84' lang='lat' dir='ltr'>de</span> 
     </span>
     <span class='ocr_line' id='line_1_100' title="bbox 1428 2961 2398 3006; baseline 0.008 -15"><span class='ocrx_word' id='word_1_618' title='bbox 1428 2961 1491 2991; x_wconf 85' lang='lat' dir='ltr'>hoc</span> <span class='ocrx_word' id='word_1_619' title='bbox 1508 2961 1626 2992; x_wconf 83' lang='lat' dir='ltr'>libello</span> <span class='ocrx_word' id='word_1_620' title='bbox 1648 2962 1797 2993; x_wconf 79' lang='lat' dir='ltr'>meritus</span> <span class='ocrx_word' id='word_1_621' title='bbox 1817 2967 1894 2994; x_wconf 80' lang='lat' dir='ltr'>est.-</span> <span class='ocrx_word' id='word_1_622' title='bbox 1916 2963 2009 2995; x_wconf 84' lang='lat' dir='ltr'>illud</span> <span class='ocrx_word' id='word_1_623' title='bbox 2035 2973 2117 2995; x_wconf 85' lang='lat' dir='ltr'>vero</span> <span class='ocrx_word' id='word_1_624' title='bbox 2133 2964 2277 3006; x_wconf 74' lang='lat' dir='ltr'>facinus</span> <span class='ocrx_word' id='word_1_625' title='bbox 2301 2976 2398 2999; x_wconf 83' lang='lat' dir='ltr'>com-</span> 
     </span>
     <span class='ocr_line' id='line_1_101' title="bbox 1427 3012 2396 3058; baseline 0.008 -17"><span class='ocrx_word' id='word_1_626' title='bbox 1427 3012 1528 3042; x_wconf 80' lang='lat' dir='ltr'>misit</span> <span class='ocrx_word' id='word_1_627' title='bbox 1543 3012 1776 3052; x_wconf 81' lang='lat' dir='ltr'>illaudabile,</span> <span class='ocrx_word' id='word_1_628' title='bbox 1794 3014 1887 3053; x_wconf 81' lang='lat' dir='ltr'>quod</span> <span class='ocrx_word' id='word_1_629' title='bbox 1904 3018 2012 3045; x_wconf 83' lang='lat' dir='ltr'>notas</span> <span class='ocrx_word' id='word_1_630' title='bbox 2031 3014 2203 3047; x_wconf 76' lang='lat' dir='ltr'>librorum</span> <span class='ocrx_word' id='word_1_631' title='bbox 2224 3016 2396 3058; x_wconf 68' lang='lat' dir='ltr'>Vir-pilia-</span> 
     </span>
     <span class='ocr_line' id='line_1_102' title="bbox 1426 3063 2396 3107; baseline 0.007 -15"><span class='ocrx_word' id='word_1_632' title='bbox 1426 3071 1553 3093; x_wconf 82' lang='lat' dir='ltr'>norum</span> <span class='ocrx_word' id='word_1_633' title='bbox 1581 3063 1805 3103; x_wconf 70' lang='lat' dir='ltr'>maryinibus</span> <span class='ocrx_word' id='word_1_634' title='bbox 1836 3064 1991 3104; x_wconf 80' lang='lat' dir='ltr'>depulit,</span> <span class='ocrx_word' id='word_1_635' title='bbox 2020 3065 2112 3096; x_wconf 81' lang='lat' dir='ltr'>unde</span> <span class='ocrx_word' id='word_1_636' title='bbox 2141 3067 2243 3098; x_wconf 84' lang='lat' dir='ltr'>sedes</span> <span class='ocrx_word' id='word_1_637' title='bbox 2271 3071 2396 3107; x_wconf 68' lang='lat' dir='ltr'>arante</span> 
     </span>
     <span class='ocr_line' id='line_1_103' title="bbox 1429 3113 2398 3148; baseline 0.006 -6"><span class='ocrx_word' id='word_1_638' title='bbox 1429 3113 1673 3143; x_wconf 79' lang='lat' dir='ltr'>traductorum</span> <span class='ocrx_word' id='word_1_639' title='bbox 1684 3113 1724 3144; x_wconf 81' lang='lat' dir='ltr'>in</span> <span class='ocrx_word' id='word_1_640' title='bbox 1743 3114 1916 3145; x_wconf 79' lang='lat' dir='ltr'>centones</span> <span class='ocrx_word' id='word_1_641' title='bbox 1928 3122 2091 3146; x_wconf 81' lang='lat' dir='ltr'>versuum</span> <span class='ocrx_word' id='word_1_642' title='bbox 2106 3119 2140 3146; x_wconf 81' lang='lat' dir='ltr'>et</span> <span class='ocrx_word' id='word_1_643' title='bbox 2157 3114 2398 3148; x_wconf 78' lang='lat' dir='ltr'>hemistichio-</span> 
     </span>
     <span class='ocr_line' id='line_1_104' title="bbox 1427 3162 2397 3205; baseline 0.006 -13"><span class='ocrx_word' id='word_1_644' title='bbox 1427 3171 1505 3193; x_wconf 84' lang='lat' dir='ltr'>rum</span> <span class='ocrx_word' id='word_1_645' title='bbox 1519 3185 1527 3200; x_wconf 93' lang='lat'><strong>‚</strong></span> <span class='ocrx_word' id='word_1_646' title='bbox 1557 3162 1729 3194; x_wconf 75' lang='lat' dir='ltr'>memoria</span> <span class='ocrx_word' id='word_1_647' title='bbox 1755 3163 1974 3196; x_wconf 71' lang='lat' dir='ltr'>eximuntur.</span> <span class='ocrx_word' id='word_1_648' title='bbox 1998 3163 2088 3196; x_wconf 79' lang='lat' dir='ltr'>Adde</span> <span class='ocrx_word' id='word_1_649' title='bbox 2106 3166 2176 3205; x_wconf 82' lang='lat' dir='ltr'>ejus</span> <span class='ocrx_word' id='word_1_650' title='bbox 2198 3164 2397 3199; x_wconf 73' lang='lat' dir='ltr'>Adversaris</span> 
     </span>
     <span class='ocr_line' id='line_1_105' title="bbox 1433 3213 1566 3245; baseline 0.008 -1"><span class='ocrx_word' id='word_1_651' title='bbox 1433 3216 1496 3244; x_wconf 78' lang='lat' dir='ltr'>xv.</span> <span class='ocrx_word' id='word_1_652' title='bbox 1516 3213 1566 3245; x_wconf 80' lang='grc'>15.</span> 
     </span>
    </p>

    <p class='ocr_par' dir='ltr' id='par_1_10' title="bbox 1430 3263 2399 3357">
     <span class='ocr_line' id='line_1_106' title="bbox 1491 3263 2399 3305; baseline 0.004 -10"><span class='ocrx_word' id='word_1_653' title='bbox 1491 3263 1523 3303; x_wconf 88' lang='lat' dir='ltr'>c)</span> <span class='ocrx_word' id='word_1_654' title='bbox 1542 3267 1585 3295; x_wconf 86' lang='lat' dir='ltr'>De</span> <span class='ocrx_word' id='word_1_655' title='bbox 1603 3264 1945 3295; x_wconf 82' lang='lat' dir='ltr'>llomerocentonibus</span> <span class='ocrx_word' id='word_1_656' title='bbox 1961 3265 2116 3301; x_wconf 70' lang='lat' dir='ltr'>patricii,</span> <span class='ocrx_word' id='word_1_657' title='bbox 2132 3264 2319 3305; x_wconf 67' lang='lat' dir='ltr'>audaciae,</span> <span class='ocrx_word' id='word_1_658' title='bbox 2338 3269 2399 3300; x_wconf 87' lang='lat' dir='ltr'>Pe-</span> 
     </span>
     <span class='ocr_line' id='line_1_107' title="bbox 1430 3313 2398 3357; baseline 0.007 -13"><span class='ocrx_word' id='word_1_659' title='bbox 1430 3313 1509 3353; x_wconf 77' lang='lat' dir='ltr'>lagii</span> <span class='ocrx_word' id='word_1_660' title='bbox 1529 3314 1597 3346; x_wconf 67' lang='lat' dir='ltr'>disi</span> <span class='ocrx_word' id='word_1_661' title='bbox 1618 3313 1703 3344; x_wconf 89' lang='lat' dir='ltr'>libro</span> <span class='ocrx_word' id='word_1_662' title='bbox 1719 3314 1753 3345; x_wconf 74' lang='lat'>2.</span> <span class='ocrx_word' id='word_1_663' title='bbox 1770 3313 1995 3345; x_wconf 76' lang='lat' dir='ltr'>Bibliothecae</span> <span class='ocrx_word' id='word_1_664' title='bbox 2015 3315 2158 3346; x_wconf 85' lang='lat' dir='ltr'>Graecae</span> <span class='ocrx_word' id='word_1_665' title='bbox 2175 3322 2248 3355; x_wconf 87' lang='lat' dir='ltr'>cap.</span> <span class='ocrx_word' id='word_1_666' title='bbox 2269 3316 2300 3349; x_wconf 91' lang='grc'>7.</span> <span class='ocrx_word' id='word_1_667' title='bbox 2319 3318 2350 3357; x_wconf 85' lang='lat' dir='ltr'>S.</span> <span class='ocrx_word' id='word_1_668' title='bbox 2367 3318 2398 3351; x_wconf 75' lang='lat'>4.</span> 
     </span>
    </p>
   </div>
  </div>
 </body>
</html>
