2500 3841
999 230 1213 269 Emit,

117 307 164 341 (te
201 302 288 341 sais
329 298 661 352 apparitionibus.
704 300 838 340 Rebus
880 301 1071 340 valedixit

117 364 304 404 humanis
332 363 406 402 An.
437 361 514 401 716
543 363 649 400 vitae
674 364 906 413 scriptorem
929 368 1071 402 nactus

116 427 154 465 S.
202 423 558 466 BERCIVALDUM
580 454 588 473 ‚
640 425 726 463 sive
768 425 1071 463 BERHTWAL-

113 489 249 538 DUM,
277 487 314 536 d)
343 486 695 538 Archiepiscopum
726 488 1070 537 Cantuariensem,

113 550 181 600 qui
209 548 315 588 diem
354 549 449 588 obiit
473 547 546 588 An.
577 548 668 588 731.
706 549 804 588 Vide
850 549 1068 588 Lelandum

113 622 198 663 cap.
229 612 291 650 68.
321 611 484 650 Baleum
514 612 679 652 Centur.
709 614 745 652 1.
774 623 861 663 cap.
896 612 957 651 91.
993 613 1071 651 Pit-

112 685 227 714 seum
246 686 335 726 pag.
357 675 426 714 121
462 679 502 713 et
530 676 716 714 vossium
746 686 833 725 pag.
863 674 954 722 271,
985 686 1067 724 seq.

168 738 211 777 S.
237 737 374 776 ElGIL
398 768 406 786 ,
432 739 517 776 sive
541 738 696 777 AEIGIL
712 769 722 786 ,
748 736 880 776 Abbas
901 737 1072 777 Fuldcn-

112 801 169 840 sis
193 799 243 839 ab
265 798 340 841 An.
365 800 444 839 818
469 799 518 838 ad
542 799 633 838 822.
650 799 749 838 Vide
775 810 908 850 supra,
934 800 1069 839 AEGlL

110 867 206 902 tom.
236 863 269 900 1.
293 873 381 913 pag.
406 862 457 900 24
478 866 519 900 et
550 862 599 901 de
631 861 879 909 CAlN'DIDO,
911 863 980 912 qui
1006 862 1073 900 Ei-

114 925 204 977 gilis
230 925 352 963 vitam
377 925 563 975 scripsit,
587 935 674 975 pag.
699 925 789 963 269.
814 924 992 963 BRUUN.

164 986 480 1037 EINHARDUS,
511 998 631 1037 supra
648 1018 658 1035 ,
689 986 1025 1027 EGINHARDUS.

161 1049 449 1089 EINHARDUS
479 1049 528 1088 de
558 1050 902 1100 Catzenelebogen
937 1050 1072 1099 (Catti-

109 1110 312 1159 meliboco)
341 1122 392 1149 ex
421 1111 573 1150 Abbate
604 1112 882 1161 Limburgensi
906 1111 1072 1161 Episco—

107 1184 184 1225 pus
211 1172 261 1212 ab
288 1172 364 1211 An.
395 1173 499 1212 1057
527 1173 576 1212 ad
619 1174 720 1212 1067
761 1174 794 1221 a>
838 1172 1040 1225 Spirensis
1059 1204 1070 1220 ,

109 1236 280 1286 scriptor
310 1232 509 1274 librorum
538 1239 714 1287 quatuor
742 1235 789 1275 de
818 1234 1072 1274 caerimoniis

106 1297 335 1348 Ecclesiae,
380 1298 488 1348 quod
524 1289 679 1349 insigne
724 1300 915 1338 volumen
955 1302 1071 1336 vocat

106 1361 317 1401 Cornelius
347 1360 624 1412 Schultingius
654 1361 692 1399 in
722 1360 966 1400 Bibliotheca
995 1361 1072 1399 Ec-

110 1423 346 1463 clesiastica.

165 1485 516 1534 EITELREDUS,
553 1484 817 1534 Athelredas‚
848 1483 1069 1533 Valreclus,

107 1547 241 1588 Abbas
283 1548 550 1597 Rivallensis,
594 1559 742 1598 supra,
784 1546 1071 1586 ADILREDUS

108 1615 206 1650 tom.
231 1612 266 1651 1.
284 1622 372 1662 pag.
398 1611 460 1650 14.

163 1673 509 1722 EITELREDUS,
557 1674 643 1711 sive
686 1671 1070 1721 AETHELREDUS,

106 1736 230 1775 totius
259 1734 466 1784 Albionis,
496 1736 582 1774 sive
612 1734 778 1785 Angliae
807 1735 916 1782 Rex,
954 1733 1071 1784 cujus

106 1798 257 1836 Charta
284 1796 377 1836 data
405 1798 587 1836 Vulfsino
615 1798 811 1847 Episcopo
842 1800 881 1834 et
920 1797 1072 1836 Coeno-

109 1860 173 1899 bio
202 1859 504 1898 Scireburnensi
528 1858 603 1897 An.
634 1860 712 1897 998
733 1862 866 1897 exstat
897 1859 934 1896 in
968 1860 1071 1897 Hen-

109 1923 179 1961 rici
194 1921 378 1961 Wartoni
393 1920 536 1972 Anglia
556 1921 675 1959 Sacra
699 1925 793 1959 tom.
813 1922 849 1960 1.
867 1933 953 1972 pag.
981 1920 1068 1960 170.

160 1983 557 2032 EITELWOODUS,
588 1983 985 2032 ElTELWOLFUS⁷
1013 1985 1072 2021 in-

111 2047 168 2086 fra
189 2077 198 2096 ‚
227 2045 463 2086 ETHELW.

160 2108 401 2148 ELBODUM
437 2105 724 2146 Venedotarum
755 2108 792 2145 in
823 2106 967 2158 Anglia
999 2107 1072 2147 Ar-

28 2220 33 2224 ·
109 2171 405 2222 chiepiscopum
422 2170 590 2208 Vossius
606 2181 692 2220 pag.
710 2171 800 2209 261.
814 2169 1070 2221 Cangiusque

111 2233 339 2285 appellant,
364 2232 528 2271 Baleum
557 2233 686 2271 secuti
710 2233 874 2271 Centur.
902 2233 936 2271 1.
961 2243 994 2271 c.
1020 2232 1070 2272 72

108 2300 150 2334 et
177 2297 355 2334 Pitseum
384 2306 473 2346 pag.
506 2295 595 2334 105.
620 2293 731 2333 [dem
760 2293 940 2333 Elbodus
965 2294 1070 2345 apud

112 2357 332 2397 Lelandum
362 2368 448 2408 cap.
480 2357 529 2396 45
553 2356 698 2396 dicitur
726 2357 956 2395 Venetorum
981 2357 1074 2408 Epi-

115 2431 275 2471 scopus,
300 2420 450 2458 rectius
474 2430 583 2469 sane,
608 2424 652 2458 ut
676 2419 963 2469 intelligamus,
984 2419 1075 2469 Epi-

119 2483 299 2534 scopatui
315 2493 406 2521 eum
425 2482 672 2532 praefectum
689 2481 902 2520 Venetensi
925 2480 1073 2530 (Gvent)

108 2545 266 2583 Paterni
291 2546 331 2582 in
355 2544 618 2584 Southwallia
654 2543 832 2594 Angliae.
873 2555 922 2581 ex
962 2543 1075 2582 lucu-

107 2606 355 2646 brationibus
379 2605 467 2657 ejus
491 2606 591 2644 nihil
622 2609 794 2645 aetatem
820 2605 923 2654 tulit⁷
945 2610 1073 2655 'quan-

110 2680 232 2720 quam
261 2669 405 2708 Baleus
434 2673 475 2707 et
503 2669 662 2707 Pitseus
691 2678 784 2705 eum
813 2666 859 2705 de
896 2665 1072 2705 celebra-

107 2730 209 2770 tione
249 2730 463 2770 Paschatis
506 2730 740 2780 scripsisse,
774 2732 814 2766 et
849 2728 1071 2768 Historiam

106 2792 175 2832 sui
197 2793 384 2845 temporis
424 2791 638 2831 tradidisse
676 2790 880 2838 referunt,
919 2792 1070 2831 clarum

109 2855 214 2906 apud
240 2855 435 2895 Cambros
458 2855 562 2893 circa
586 2853 778 2892 Annunm
805 2853 893 2891 610.

160 2916 395 2956 ELDADUS
414 2945 423 2964 ,
448 2917 534 2954 sive
559 2914 828 2953 HELDADUS
849 2945 857 2964 ,
879 2914 1068 2954 EALDA-

104 2980 231 3030 DUS,
260 2980 483 3031 Episcopus
511 2977 939 3027 Claudiocestriensis‚
981 2981 1066 3018 sive

18 3079 21 3085 ,
104 3043 414 3084 Glocestriensis
438 3043 540 3081 circa
563 3041 722 3079 Annum
752 3041 825 3079 190
848 3042 885 3078 in
910 3041 1065 3092 Anglia,

161 3230 194 3268 d)
217 3231 350 3262 Henrici
377 3230 546 3260 Wartiioni
571 3229 687 3268 Angiia
718 3232 816 3260 Sacra
843 3232 923 3258 tom.
956 3226 964 3256 l
993 3235 1069 3267 pag.

100 3277 172 3311 158.
193 3281 296 3319 Supra
313 3303 322 3318 ‚
345 3280 666 3310 BERTHOWALDUS
692 3282 726 3310 et
749 3278 1043 3309 BRlTHWALDUS.

105 3327 196 3409 1⁰53)
221 3329 466 3361 sammarthani
491 3333 573 3361 tom.
597 3329 617 3361 5
642 3327 765 3360 Galliae
803 3327 1016 3359 Christianae
1038 3336 1071 3367 p.

2021 227 2092 265 501

1145 301 1261 353 cujus
1284 302 1494 341 Orationes
1518 298 1738 339 invectivas
1754 298 1794 336 in
1812 299 1998 338 Saoeones
2020 308 2102 335 me—

1145 370 1273 403 morat
1302 366 1458 403 Pitseus
1488 375 1574 415 pag.
1605 362 1669 400 90.

1197 426 1548 473 ELDEFONSUS,
1580 425 1707 472 infra⁷
1737 423 2061 462 ILDEFONSUS.

1200 487 1418 540 Philuppus
1441 486 1697 537 Harvenyius
1733 484 1779 524 de
1812 483 2104 524 ELEEMOSY-

1142 549 1207 589 ΝΑ
1233 582 1240 601 ,
1271 552 1309 590 S.
1341 549 1556 589 Bernhardi
1591 549 1768 595 amicus,
1803 547 1937 586 Abbas
1977 547 2102 585 bonae

1145 615 1236 664 Spei
1259 614 1295 651 in
1318 613 1514 652 Coenobio
1545 613 1786 659 Hannoniae,
1806 610 1966 648 Ordinis
1988 610 2104 648 Prae-

1146 675 1454 712 monstratensis
1483 705 1492 721 ,
1539 673 1754 712 defunctus
1796 676 1886 723 post
1941 672 2101 710 Annum

1147 738 1263 776 1180.
1294 737 1392 787 Ejus
1422 737 1567 785 scripta
1595 736 1765 785 junctim
1797 735 1902 773 edita
1931 734 2053 773 Duaci
2083 747 2105 772 a

1143 798 1300 836 Nicolao
1334 797 1549 845 Cliamart,
1587 802 1628 835 et
1658 798 1742 846 ipso
1767 797 1951 836 Coenobii
1980 797 2105 835 bonae

1146 860 1237 910 Spei
1268 859 1446 909 Abbate,
1476 860 1596 898 Duaci
1630 859 1760 907 1620,
1793 859 1854 897 foi.
1894 858 1990 897 Vide
2034 859 2108 898 Ca-

1147 933 1269 960 veum
1300 921 1349 960 ad
1377 921 1540 960 Annum
1578 922 1696 961 114-0.
1738 922 1981 960 Swecrtium
2018 933 2105 972 pag.

1148 986 1237 1024 941.
1262 984 1464 1023 Valerium
1489 984 1692 1023 Andream
1717 996 1805 1034 pag.
1836 982 1926 1022 772.
1953 984 2108 1033 Scripta

1148 1049 1210 1087 illa
1251 1052 1370 1086 sunt·
1409 1047 1612 1098 Epistolae
1651 1047 1746 1085 XXI.
1789 1045 2107 1085 Commentarius

1146 1110 1338 1162 mysticus
1361 1116 1401 1149 et
1423 1109 1672 1150 Moralitates
1697 1109 1737 1148 in
1772 1108 1938 1149 Cantica
1974 1107 2110 1147 Canti-

1147 1184 1296 1211 corum.
1328 1173 1383 1211 De
1413 1173 1562 1211 somnio
1605 1170 2016 1211 Nabuchodonosoris.
2053 1170 2108 1208 De

1149 1235 1264 1288 lapsu
1282 1235 1412 1286 primi
1433 1235 1612 1274 hominis.
1638 1236 1694 1274 De
1717 1233 1967 1273 damnatione
1997 1231 2108 1272 Salo-

1147 1298 1284 1338 monis.
1311 1300 1367 1337 De
1390 1297 1630 1337 clericorum
1653 1297 1855 1349 diqnatate
1875 1329 1885 1346 ¹,
1911 1295 2077 1335 scientia
2095 1327 2105 1343 ,

1137 1361 1325 1414 justitia,
1357 1361 1594 1399 continentia
1623 1359 1844 1399 obedientia
1877 1363 1915 1398 et
1941 1358 2106 1398 silentio.

1152 1424 1239 1464 Vita
1254 1425 1295 1463 S.
1311 1422 1525 1475 Auyustini
1539 1423 1801 1476 Hipponensis
1822 1427 1862 1461 et
1878 1423 1917 1462 S.
1935 1420 2108 1460 Amandz

1148 1485 1316 1525 Abbatis
1342 1486 1581 1537 Tunyrensis
1600 1518 1612 1535 ,
1638 1485 1778 1524 Passio
1801 1486 1871 1525 SS.
1896 1483 2109 1536 Cyriaciet

1146 1548 1309 1588 Julittae
1334 1580 1345 1597 ,
1392 1547 1599 1601 Salviique
1638 1547 1846 1599 Martyris.
1886 1548 1996 1586 Vitae
2034 1546 2105 1585 SS.

1146 1611 1321 1652 Foillani
1337 1643 1347 1660 ,
1375 1610 1528 1650 Gisleni
1543 1609 1723 1658 Abbatis,
1749 1607 1958 1648 Landelini
1977 1605 2112 1646 Abba-

1148 1674 1198 1714 tis
1220 1705 1228 1723 ‚
1255 1673 1361 1714 Odae
1389 1672 1587 1725 Viryinis,
1612 1674 1645 1722 a)
1677 1670 1961 1712 Walcletrudae
1985 1669 2112 1721 Vir9i—

1145 1737 1220 1776 nis.
1236 1736 1376 1776 Passio
1397 1737 1437 1776 S.
1462 1735 1625 1787 Aqnetis
1654 1733 1840 1785 Viryinis.
1866 1734 1983 1773 Varia
2010 1733 2112 1772 Car-

1146 1799 1278 1847 mina,
1303 1797 1520 1849 Epitaphia
1543 1798 1580 1845 b)
1608 1795 1839 1848 loyoqriphi.

1201 1861 1486 1908 ELEREDUS,
1510 1871 1647 1911 supra7
1672 1858 1970 1907 ADILREDUS,
1994 1855 2114 1896 EAL-

1143 1924 1324 1963 REDUS.
1341 1922 1440 1962 Vide
1456 1924 1575 1961 etiam
1594 1923 1633 1960 in
1651 1922 1689 1960 S.
1706 1920 1948 1959 EDUARDO
1965 1920 2083 1968 Rege.

1195 1987 1414 2033 ELERIUS
1443 1985 1666 2032 CambriuS,
1697 1983 1831 2022 Abhas
1861 1983 1899 2020 in
1924 1981 2108 2022 Cambria

1144 2060 1337 2100 praesens
1366 2048 1440 2086 An.
1487 2048 1563 2085 660
1609 2046 1791 2085 interfuit
1835 2044 2032 2084 discessui
2071 2044 2110 2083 S.

1154 2108 1411 2162 Wenefredae
1439 2110 1612 2160 Virginis
1641 2107 1810 2159 ejusque
1843 2109 1969 2145 vitam
2016 2106 2112 2144 scri«

1144 2173 1237 2222 psit,
1267 2183 1318 2210 ex
1349 2183 1428 2222 quo
1458 2172 1637 2222 profecit,
1659 2172 1692 2219 c)
1722 2171 1789 2220 qui
1814 2171 1918 2207 circa
1950 2168 2113 2207 Annum

1145 2235 1247 2274 4440
1273 2234 1322 2273 de
1346 2233 1484 2272 eadem
1512 2233 1670 2285 Virgine
1694 2231 1865 2282 ejusque
1890 2231 1964 2270 An.
1994 2231 2110 2270 1138.

1146 2297 1345 2349 Salopiam
1381 2297 1644 2336 translatione
1688 2295 1959 2334 narrationem
2003 2304 2111 2331 com-

1145 2361 1279 2411 posuit
1301 2359 1575 2408 ROPERTUS,
1599 2358 1733 2397 Abbas
1757 2358 2023 2408 Salopiensis,
2045 2367 2112 2394 cu-

1143 2422 1214 2473 jus
1230 2421 1511 2473 compendium
1528 2421 1633 2472 apud
1653 2421 1813 2459 Surium
1829 2418 2110 2457 3Novembris.

1151 2484 1526 2524 Laudant-Eleiium
1545 2483 1746 2522 Lelandus
1766 2493 1851 2532 cap.
1878 2481 1941 2519 49.
1968 2480 2111 2518 Baleus

1148 2548 1212 2595 X,
1245 2546 1293 2586 10
1312 2576 1320 2592 ,
1350 2550 1390 2584 et
1419 2547 1576 2584 Pitseus
1600 2556 1687 2596 pag.
1722 2544 1810 2584 109.

1205 2607 1458 2647 ELEUSIUS
1482 2608 1556 2646 alio
1588 2607 1748 2644 nomine
1773 2603 2031 2643 GEORGIUS
2054 2603 2112 2641 di-

1147 2676 1265 2717 ctus,
1290 2670 1508 2709 Monachus
1537 2673 1578 2708 et
1606 2668 1828 2719 discipulus
1853 2668 1892 2706 S.
1923 2665 2114 2705 Theodori

1146 2735 1353 2782 Siceotae,
1379 2732 1563 2783 Episcopi
1603 2730 2006 2780 Anastasiopolitani,
2037 2729 2111 2768 Ar-

1145 2794 1435 2834 chimandritae
1460 2793 1749 2833 Coenobiorum
1772 2793 1809 2830 in
1836 2792 1988 2831 Galatia
2006 2822 2016 2838 ,
2042 2791 2111 2830 de-

1146 2858 1271 2897 functi
1295 2856 1370 2895 An.
1407 2857 1484 2896 613
1515 2855 1632 2906 cujus
1679 2854 1806 2894 Vitam
1842 2855 2003 2905 scripsit
2029 2865 2106 2892 non

1145 2922 1282 2959 Latine
1311 2924 1446 2958 autem
1467 2951 1474 2968 ‚
1497 2918 1565 2959 sed
1593 2920 1742 2957 Graece
1758 2949 1768 2965 ‚
1794 2919 1869 2956 etsi
1896 2918 2034 2955 Latine
2055 2917 2110 2955 le-

1143 2984 1250 3033 gitur
1283 2981 1387 3032 apud
1414 2982 1575 3020 Surium
1601 2981 1651 3019 22
1676 2980 1798 3031 April.
1837 2992 1884 3018 ex
1923 2979 2108 3016 versione

1144 3045 1248 3082 l‘otri
1275 3045 1472 3083 Francisci
1499 3045 1579 3082 Zini
1604 3073 1610 3079 .
1631 3054 1752 3093 quam
1791 3043 1914 3081 solam
1946 3052 2108 3091 quoque

1203 3230 1235 3269 a)
1259 3232 1289 3260 S.
1314 3228 1402 3259 odae
1432 3230 1502 3260 vita
1525 3228 1557 3259 in
1581 3231 1671 3260 Actis
1695 3231 1893 3260 Sanctorum
1920 3233 1943 3261 t.
1966 3229 1986 3260 2
2009 3229 2114 3270 April.

1137 3278 1178 3309 20
1197 3285 1271 3317 pag.
1299 3276 1373 3306 575.

1199 3327 1234 3365 b)
1259 3325 1475 3365 Epitaphium
1500 3327 1533 3356 in
1558 3328 1691 3357 ivonem
1717 3330 1741 3358 t.
1768 3329 1791 3357 V
1814 3328 1888 3367 Maji
1915 3327 1956 3358 20
1983 3335 2014 3366 p.
2039 3327 2113 3358 ⁶248.

1199 3376 1231 3414 c)
1256 3379 1348 3408 voss.
1377 3384 1453 3415 pag.
1477 3376 1540 3407 267
1566 3378 1647 3408 i-iist.
1671 3378 1740 3408 Lat.
