2500 3841
893 262 1282 305 CAELESTiS

85 339 220 382 labore
255 336 456 387 adhibite,
481 334 787 387 composuissem
814 323 944 386 'cujus
983 335 1047 374 rei

75 402 303 456 periculum
324 400 476 453 factum
499 402 560 438 est
576 396 755 436 maoet‘me
780 397 820 436 in
841 397 1016 449 prandio
1032 429 1041 445 ,

79 465 185 518 quod
204 461 435 505 Cardinalis
460 461 634 500 Pisanus
648 458 838 512 pluribus
854 459 919 498 sui
936 459 1044 497 ordi-

78 527 142 567 πίε
167 527 269 567 viris
293 523 532 565 clar-issimis
551 521 667 561 dedit.
694 521 798 560 Nam
833 533 924 560 cum
953 519 1042 559 Ale-

77 589 240 628 mamzer
263 585 494 628 Cardinalis
528 583 750 623 Faruesius
766 615 776 632 ,
800 582 1041 636 fasciculum

71 650 219 702 florum
233 648 357 690 Silvio
375 646 630 695 tradidisset,
647 657 763 697 quem
780 645 854 685 illli
867 658 923 685 eac
941 647 1043 686 Car-

75 710 278 751 dinalibus
305 708 482 750 convivis
518 707 719 757 redderet,
754 708 828 760 qui
854 706 1042 759 Pontifeac

74 774 285 813 Maximus
302 772 470 826 futurus
489 774 605 819 esset,
615 782 718 822 puer
735 769 948 811 Car-(liucili
961 771 1041 809 Me-

73 835 210 875 dicaeo
233 834 389 884 obtul-it,
410 834 483 887 qui
507 831 628 872 multo
647 837 739 885 post
758 832 812 871 ad
832 831 1040 883 Pontifica-

73 901 158 938 tum
175 898 403 938 maximum
426 896 492 936 Pii
505 895 652 946 Quarti
664 894 828 945 nomine,
848 894 1037 943 ascendit,

75 960 240 1013 ejusque
263 959 417 1010 laudes,
441 958 495 998 ad
515 958 626 1011 lyrae
645 961 816 1008 cantum,
832 956 1039 1008 eleyantis-

69 1022 183 1062 simis
199 1026 441 1075 prosecutus
464 1025 525 1061 est
535 1019 719 1060 versibus
735 1033 747 1069 ;
766 1019 872 1072 quod
894 1017 1039 1059 Cardi-

70 1076 176 1126 ualis
199 1085 246 1125 de
275 1084 477 1124 industria
511 1083 680 1137 factum,
710 1093 836 1134 neque
872 1091 1035 1120 carmen

69 1147 171 1187 illud
183 1146 546 1200 eoetemporarium,
563 1145 634 1185 sed
647 1147 838 1184 accurate
852 1142 1037 1195 coyitate-

69 1222 145 1263 que
163 1210 421 1264 compositum
443 1209 633 1260 domoque
668 1206 854 1257 allatum,
893 1204 1037 1245 ‹tacisti-

68 1284 198 1321 mans,
223 1276 271 1312 ut
291 1272 374 1325 ipse
399 1270 572 1314 ludibrio
601 1268 829 1317 haberetur,
855 1280 932 1307 non
951 1267 1033 1307 leve

69 1334 254 1375 commoti
273 1334 402 1373 animi
417 1334 574 1385 siqnum
596 1331 705 1371 dedit
717 1345 729 1379 ;
750 1331 822 1371 sed
841 1344 868 1370 a
889 1330 1035 1371 Cardi-

66 1395 247 1448 ualibus,
273 1395 316 1435 id
330 1399 545 1448 persancte
567 1392 822 1446 negantibus,
851 1397 1031 1445 royatus,

65 1463 113 1499 ut
131 1459 408 1511 experiretur,
437 1462 477 1497 et
494 1459 794 1509 aryumentum,
817 1455 924 1508 quod
949 1468 1035 1494 ma-

61 1521 126 1574 yi's
148 1520 230 1561 sibi
243 1520 444 1573 placeret,
466 1520 507 1559 in
534 1518 706 1559 medium
730 1518 925 1570 afferret;
949 1522 1032 1558 tum

62 1583 193 1638 ipsum
208 1594 302 1623 vere
320 1582 367 1622 de
381 1581 507 1634 pueri
519 1581 672 1634 inqenio
688 1580 1034 1631 existimaturum,-

62 1646 169 1699 quod
188 1644 240 1685 ab
264 1657 306 1685 eo
328 1644 482 1699 factum
498 1656 589 1684 cum
612 1647 736 1695 esset,
761 1643 818 1682 ita
834 1655 942 1694 puer
957 1643 1032 1683 elc-

57 1709 174 1760 9anti
192 1707 370 1748 carmine
384 1739 394 1757 ,
417 1707 474 1746 ita
491 1705 708 1746 verborum
747 1717 796 1744 ae
816 1706 1029 1745 sententia-

59 1782 153 1809 rum
175 1768 392 1809 luminibus
407 1768 569 1817 illustri,
584 1779 671 1806 rem
691 1767 770 1806 sibi
780 1767 1027 1820 propositam

59 1831 294 1883 explicavit,
313 1835 358 1870 ut
372 1829 615 1878 Caret-inalis,
630 1841 828 1868 summam
844 1830 885 1868 in
900 1830 1027 1869 admi-

57 1894 254 1932 rationem
277 1892 430 1941 elatus,
454 1890 624 1931 simulac
643 1890 778 1943 factus
807 1895 865 1930 est
887 1891 1026 1944 Pontis.

57 1955 274 2008 conquisito
292 1954 365 2005 illi,
385 1957 424 1993 et
436 1953 608 2003 invento,
628 1953 843 2004 Pontificiis
864 1953 902 1992 iu
917 1952 1026 1992 aecli-

58 2016 149 2068 bus,
193 2017 454 2069 honorificum
498 2015 641 2064 locum,
677 2019 716 2053 et
747 2015 1022 2066 quotidianum

53 2080 226 2130 victum,
250 2078 458 2130 maqnifice
489 2075 740 2129 praebuerit.
772 2077 929 2116 Addam
959 2078 1021 2116 his

53 2143 147 2182 licet
166 2141 428 2181 Franciscum
451 2138 612 2179 Macedo
635 2140 1018 2189 Conimbricensem,

53 2208 112 2243 tot
135 2204 332 2255 inclytum
355 2203 515 2254 scriptis
535 2194 627 2241 tum
645 2202 814 2252 propriis
837 2205 922 2240 tum
953 2201 1022 2241 ad-

51 2267 342 2314 versariorum,
358 2277 480 2316 quem
497 2263 695 2304 Calendae
720 2262 808 2314 Maji
825 2263 898 2302 An.
919 2265 1012 2304 4681

52 2329 196 2368 aetatis
226 2327 276 2367 87
300 2329 523 2367 extinxere.
549 2327 593 2375 a)
617 2327 687 2364 Hic
715 2327 908 2366 Mantuae·
933 2338 1021 2377 pro-

53 2390 184 2429 fessus
207 2394 271 2429 est
291 2389 465 2441 publice,
482 2388 580 2426 nihil
595 2392 757 2427 exstare
776 2389 813 2426 in
832 2389 1020 2427 universo

50 2451 211 2502 Virgilio
230 2451 540 2502 reprehensione
563 2453 633 2489 aut
655 2461 827 2489 censura
841 2450 1020 2501 dignum,

51 2524 96 2552 ac
121 2524 154 2552 si
177 2514 241 2552 cui
264 2512 369 2552 aliud
394 2511 621 2562 videretur,
651 2511 741 2562 ejus
765 2523 808 2550 se
833 2510 1020 2561 objectio-

50 2587 124 2615 nes
147 2575 285 2614 statim
308 2574 609 2612 confutaturum
634 2575 778 2624 quovis
802 2573 865 2611 ille
895 2572 1019 2611 vellet

50 2638 240 2677 carminis
264 2647 427 2687 genere:
454 2635 573 2685 idque
597 2635 740 2673 deinde
779 2635 871 2673 fecit
893 2634 1021 2673 versi-

50 2699 128 2738 bus
150 2698 345 2747 Hero'i'cis,
370 2695 792 2747 Sapphicis,Adoniis,
818 2695 1020 2746 Asclepia-

50 2761 153 2811 deis,
178 2761 357 2811 aliisque.
383 2759 418 2806 b)
445 2759 612 2808 Omitto,
636 2769 738 2807 quae
762 2758 902 2795 Jovius
931 2769 1017 2808 pag.

53 2825 130 2864 ⁴56
153 2824 370 2874 elogiorum
393 2821 508 2872 plura
531 2820 579 2858 de
601 2819 810 2858 Cammillo
834 2819 1017 2869 Querno,

51 2882 620 2937 Monopolitano,Archi-Poeta
635 2882 821 2920 LeonisX
839 2880 885 2919 ad
902 2881 1018 2931 cujus

55 2959 238 2988 mensam
258 2946 412 2985 infinita
432 2946 605 2984 carmina
629 2944 817 2982 torrentis
836 2943 961 2981 effusa
978 2944 1016 2981 in

55 3022 225 3059 morem,
240 3008 410 3048 rotundo
434 3019 500 3046 ore
522 3006 762 3045 decantavit.
779 3005 835 3043 De
848 3003 1016 3054 ,³lccolt0,

55 3075 319 3124 cognomento
346 3070 484 3119 Unice,
512 3069 674 3108 Aretino
706 3067 802 3106 haec
825 3066 1018 3105 Joliannis

56 3133 282 3174 Matthaeus
302 3135 508 3172 Toscanus
529 3132 566 3170 in
592 3130 706 3182 peplo
735 3129 869 3168 Italiae
895 3129 958 3167 lib.
984 3130 1016 3168 11
1053 3129 1058 3136 '

57 3207 143 3248 cap.
169 3195 240 3236 95.-

115 3309 150 3348 a)
174 3310 339 3342 Heni-icus
362 3311 458 3340 noris
472 3312 554 3340 tom.
571 3311 618 3346 ,iv
636 3310 719 3348 Opp.
738 3318 769 3348 p.
793 3306 866 3339 801.
922 3331 927 3336 .

114 3359 152 3399 b)
173 3361 399 3390 Sancassanus
434 3360 469 3390 in
508 3361 764 3390 continuatione
798 3357 1025 3392 Bibliothecae

53 3409 198 3443 volantis
224 3407 428 3440 Cineliianae
446 3413 525 3440 tom.
546 3411 612 3440 'iix
631 3416 705 3448 pag.
724 3407 776 3438 fii.

2010 260 2090 300 ΞΜ

1111 334 1270 365 Carmina
1285 356 1297 370 ,
1318 338 1405 371 qnae
1424 328 1538 362 subito
1551 329 1614 362 tihi
1633 333 1710 362 sunt
1729 329 1834 362 effusa
1852 328 1964 362 calore
1977 355 1986 370 ,

1155 383 1210 415 vel
1233 390 1319 423 quae
1336 386 1416 413 sunt
1435 380 1514 412 lima
1533 389 1631 421 saepe
1651 379 1756 420 polita
1775 384 1853 416 tua,

1110 435 1174 472 Qui
1200 433 1294 473 legit,
1311 431 1400 463 haud
1423 433 1533 463 cernit
1551 429 1633 470 quid
1658 430 1791 460 differat
1813 431 1959 470 impetus
1977 435 2051 462 arte
2072 455 2082 468 ,

1155 485 1197 513 Et
1218 489 1365 523 procusa
1384 481 1456 520 pari
1482 485 1606 511 cuncta
1627 478 1741 510 labore
1764 483 1873 518 putat.

1108 534 1216 571 Atque
1233 533 1301 562 ait:
1317 530 1400 562 haee
1414 531 1441 561 si
1459 533 1508 561 cst
1527 538 1579 560 ars
1591 552 1601 567 ‚
1621 528 1705 560 nihil
1723 529 1784 559 hac
1801 534 1850 560 est
1865 528 1990 560 cultius
2007 535 2099 562 arte:

1150 584 1181 613 Si
1203 581 1319 619 furor,
1338 584 1386 611 est
1404 587 1457 610 ars
1482 579 1545 610 hoe
1569 578 1661 610 culta
1682 577 1794 609 surore
1819 580 1942 609 minus.

1114 632 1225 670 Idem
1250 633 1456 669 'l'oscanus
1479 627 1528 666 de
1552 627 1715 666 ,laurea
1752 629 1919 666 ‚rlIuroue
1941 629 2093 667 Brixia-

1116 704 1166 731 no
1195 704 1282 743 cap.
1312 690 1376 729 67.

1108 764 1286 800 Carmina,
1303 762 1361 792 vix
1383 759 1459 791 aliis
1485 759 1586 797 longo
1612 758 1759 799 perfecta
1783 758 1898 790 labore
1913 783 1923 798 ,

1148 812 1196 843 Ad
1219 811 1386 843 citharam
1413 809 1527 840 subito
1550 809 1621 839 susa
1646 810 1758 840 calore
1781 811 1884 840 canit.

1103 862 1216 893 Audiit
1243 860 1324 891 haec
1342 860 1510 898 quisquis,
1535 858 1732 897 deprompta
1755 866 1794 888 ex
1818 863 1968 897 tempore
1983 860 2091 898 juret,

1145 908 1390 941 praemeditata
1412 913 1526 939 tamen
1544 931 1552 946 ,
1576 909 1633 947 qui
1659 907 1739 946 legit
1763 907 1818 938 illa
1836 932 1844 943 ,
1869 912 1976 946 putat.

1103 962 1212 1000 Usque
1232 960 1315 990 adeo
1339 966 1447 998 neque
1470 960 1519 990 sic
1543 959 1737 998 properanti
1758 956 1865 987 defuit
1883 957 1965 988 liare
1979 982 1989 995 ‚
2007 967 2095 997 quae

1145 1010 1351 1041 cunctantes
1375 1007 1498 1039 multos
1526 1009 1635 1047 gratia
1658 1006 1826 1038 destituit.

1105 1060 1190 1091 Mira
1217 1058 1319 1096 fides,
1343 1057 1400 1090 sed
1419 1062 1529 1089 certa:
1556 1056 1665 1089 oculis
1689 1057 1853 1088 absistere
1877 1055 2050 1093 flammae,

1143 1109 1268 1141 sudare
1295 1111 1328 1139 et
1352 1107 1455 1140 facies
1479 1109 1550 1138 visa
1574 1108 1727 1139 canentis
1752 1113 1856 1145 aquas

1101 1161 1225 1191 Fronte
1247 1160 1379 1189 tument
1402 1164 1527 1194 venae,
1546 1158 1657 1196 quatit
1681 1160 1774 1187 artus
1795 1155 1937 1186 entheus
1960 1155 2092 1194 horror,

1145 1208 1264 1246 Dulcia
1286 1207 1450 1239 distincto
1480 1207 1581 1238 verba
1605 1211 1723 1237 tenore
1746 1205 1870 1236 ssuunt.

1102 1259 1180 1290 Tale
1204 1258 1307 1289 melos
1330 1256 1476 1288 fundens
1500 1257 1640 1295 indigna
1668 1260 1760 1295 peste
1784 1256 1888 1286 Poeta

1142 1310 1354 1348 opprimitur
1375 1330 1383 1345 ‚
1407 1314 1529 1347 magno
1554 1307 1721 1343 crimine,
1749 1305 1881 1336 Phoebe
1897 1328 1907 1342 ,
1932 1307 2003 1336 tuo.

1099 1358 1232 1390 scilieet
1254 1358 1386 1396 antiqui
1411 1359 1466 1388 cui
1491 1357 1609 1388 cedere
1634 1358 1726 1386 Musa
1750 1356 1897 1386 maronis

1141 1409 1283 1447 Coepit,
1308 1407 1350 1436 ab
1374 1406 1437 1437 hoc
1460 1407 1552 1437 vinei
1580 1409 1613 1436 te
1637 1413 1773 1444 quoque
1798 1412 1896 1444 posse
1917 1409 2028 1445 putas.

1160 1465 1421 1507 CAELES‘HS
1448 1465 1627 1514 Scriptor
1653 1463 1760 1502 Vitae
1792 1462 1999 1502 Valeriani
2009 1464 2081 1515 ja-

1104 1528 1245 1567 mioris
1269 1530 1305 1566 et
1328 1525 1502 1566 Gallieni
1532 1526 1841 1575 Imperatorum,
1872 1530 1917 1563 ut
1951 1526 2076 1575 conji-

1104 1594 1186 1632 cias
1209 1603 1260 1631 ex
1282 1589 1476 1629 Trebellio
1499 1587 1673 1627 Pollione
1712 1598 1798 1638 cap.
1823 1588 1851 1626 Ι.
1876 1587 2077 1627 Valeriani

1101 1654 1286 1706 junioris.

1157 1714 1490 1756 CAELESTINUS
1513 1714 1529 1752 I
1553 1714 1658 1764 Papa
1678 1711 1726 1751 ab
1750 1710 1868 1750 Anno
1894 1712 1982 1751 423.
2007 1713 2078 1751 Se*

1101 1778 1296 1831 ptembris
1320 1777 1368 1816 46
1393 1775 1442 1815 ad
1465 1775 1630 1814 Annum
1656 1775 1744 1813 432.
1770 1775 1827 1813 De
1851 1786 1931 1825 quo
1965 1774 2074 1813 Gen-

1099 1841 1243 1881 nadius
1265 1851 1350 1891 cap.
1375 1834 1438 1878 54.
1473 1837 1573 1877 Acta
1603 1839 1844 1877 Sanctorum
1871 1838 1893 1874 6
1919 1836 2071 1888 Aprilis

1100 1908 1197 1942 tom.
1221 1904 1236 1942 I
1261 1914 1348 1954 pag.
1374 1901 1463 1940 543.
1485 1899 1587 1950 Ejus
1610 1898 1814 1950 Epistolae
1838 1899 1930 1937 XIV
1951 1901 1989 1937 in
2016 1905 2076 1937 to-

1099 1968 1176 2005 mis
1200 1965 1486 2006 Conciliorum:
1517 1963 1732 2001 nonnullae
1761 1962 1883 2000 etiam
1921 1961 2073 2000 Graece

1096 2030 1201 2067 inter
1225 2029 1264 2067 S.
1290 2025 1430 2076 Cyrilli
1455 2026 1604 2076 Opera,
1629 2029 1670 2063 et
1695 2026 1734 2062 in
1758 2023 1870 2063 Actis
1905 2024 2071 2063 Concilii

1091 2090 1298 2141 Ephesini.
1314 2086 1413 2127 Vide
1424 2087 1616 2125 Ludovici
1631 2085 1765 2124 ¹iacobi
1783 2084 2068 2132 Bibliothecam

1092 2151 1337 2191 Pontificiam
1361 2161 1447 2201 pag.
1466 2149 1515 2187 39
1541 2152 1581 2187 et
1605 2148 1804 2196 Caveum,
1821 2147 1890 2197 qui
1909 2148 2069 2196 spurias

1093 2226 1184 2254 esse
1208 2216 1320 2252 notat
1345 2216 1429 2251 tres
1449 2211 1548 2250 alias
1577 2208 1799 2261 Epistolas,
1838 2209 1887 2248 de
1919 2209 2067 2260 quibus

1093 2277 1339 2328 Nicephorus
1363 2275 1454 2314 XIV
1475 2274 1526 2312 39
1550 2272 1599 2312 ad
1624 2273 1839 2322 Cyrilium,
1856 2271 1906 2310 ad
1921 2271 2069 2309 Johan-

1094 2351 1187 2378 nem
1208 2337 1530 2383 Antiochenam,
1553 2339 1594 2373 et
1631 2335 1778 2373 Rufum
1813 2334 2067 2373 Thessaloni-

1094 2412 1276 2440 censem:
1303 2401 1342 2438 in
1366 2399 1443 2438 illis
1466 2399 1574 2437 enim
1599 2397 1647 2436 de
1672 2397 1798 2436 Procli
1821 2397 2028 2435 evectione
2044 2407 2068 2434 a

1094 2464 1295 2513 Cyzicena
1338 2461 1434 2500 sede
1484 2460 1533 2499 ad
1578 2459 2061 2508 Constantinopolitanam

1094 2527 1256 2573 mentio,
1281 2535 1383 2575 quae
1411 2522 1554 2562 accidit
1586 2521 1659 2560 An.
1689 2520 1764 2559 432
1789 2520 1944 2558 duobus
1975 2525 2063 2568 post

1093 2587 1307 2628 Caelestini
1327 2586 1479 2624 obitum
1504 2585 1632 2622 annis.
1660 2584 1714 2620 De
1742 2577 2061 2619 Auctoritatibus

1091 2649 1196 2688 sedis
1230 2646 1478 2699 Apostolicac
1509 2644 1797 2695 Episcoporum
1835 2641 1881 2679 de
1917 2641 2063 2679 Gratia

1129 2711 1163 2748 E
1168 2711 1190 2748 I
1208 2714 1246 2748 et
1264 2708 1386 2748 libero
1412 2705 1627 2746 voluntatis
1651 2703 1838 2751 arbitrio,
1859 2702 2062 2753 subjectas

1091 2772 1292 2824 Epistol-ae
1315 2770 1363 2809 ad
1388 2770 1605 2819 Episcopos
1629 2766 1846 2805 Galliarum
1866 2796 1874 2815 ,
1914 2767 1952 2802 in
1978 2765 2059 2803 Sir-

1093 2834 1226 2873 mondi
1251 2832 1436 2872 Conciliis
1459 2830 1607 2868 Galliac
1632 2832 1659 2866 t.
1688 2829 1700 2866 I
1728 2840 1762 2879 p.
1789 2829 1839 2866 00
1865 2828 1960 2866 etin
1978 2826 2061 2866 edi-

1092 2898 1198 2935 tione
1223 2896 1326 2934 Petri
1352 2894 1549 2933 Constant
1571 2902 1655 2942 pag.
1684 2892 1697 2929 ’1
1714 2891 1824 2928 >iss-i
1838 2891 1925 2928 105.
1957 2900 2060 2939 quas

1090 2959 1288 2998 Antonius
1312 2956 1451 2996 Carasa
1480 2959 1520 2993 et
1550 2952 1790 2993 Sirmondus
1834 2954 2028 3004 Prospero
2049 2981 2058 2999 ,

1090 3020 1332 3067 ansnellns
1357 3016 1475 3057 Leoni
1491 3018 1631 3067 ,llayno
1654 3015 1811 3062 tribuit,
1830 3015 2057 3053 Caelestino

1092 3083 1268 3121 vindicat
1291 3085 1447 3132 practer
1472 3079 1652 3118 laudatos
1676 3090 1697 3116 a
1715 3078 1848 3117 Caveo
1874 3082 1913 3115 et
1938 3088 1960 3115 a
1985 3075 2063 3114 Til-

1092 3146 1281 3185 lemontio
1318 3148 1414 3182 tom.
1437 3143 1526 3182 xvi
1557 3153 1643 3193 pag.
1671 3143 1732 3180 415.
1770 3142 1891 3178 ctiam
1923 3141 2060 3190 Lupus

1095 3208 1361 3248 Ferrariensis
1384 3205 1431 3245 de
1452 3205 1580 3243 trihus
1604 3203 1907 3253 quaestionibus
1929 3213 1965 3252 p.
1984 3201 2062 3240 ⁶268

1097 3276 1136 3309 ct
1158 3275 1259 3308 teste
1281 3271 1319 3307 in
1345 3270 1448 3306 notis
1472 3278 1557 3318 pag.
1587 3267 1676 3304 tot.
1714 3267 1894 3314 Baium,
1920 3266 2063 3303 Petrus

1097 3333 1145 3371 <le
1171 3334 1310 3371 Marcu.
1334 3331 1471 3370 Saltim
1497 3328 1712 3367 Caelestini
1731 3328 1850 3378 jussu
1873 3327 2062 3366 collectas

1100 3400 1161 3435 est
1187 3394 1414 3434 verisimile.
1443 3391 1794 3434 Commonitorium
1817 3391 1939 3430 breve
1969 3389 2067 3440 Epi-
