2500 3841
989 211 1237 261 naono

115 288 294 340 Epistola
326 289 427 327 Flori
465 288 520 327 aa
547 288 757 328 leeoclonis
786 289 905 330 Villae
933 292 1071 331 Conci-

115 349 210 389 lium
235 349 433 389 adversus
458 349 580 390 libros
603 350 816 391 Amatarii.

167 413 202 451 5.
237 411 387 451 Contra
407 411 603 452 Johannz's
627 413 737 453 Scoti
759 426 949 454 erroneas
978 414 1071 466 clesi—

113 473 282 512 nitiones
304 503 311 522 ‚
354 474 422 524 qui
466 475 626 525 scripsit.
664 477 824 515 nomine
866 477 1071 515 Ecclesiae

113 535 396 586 Lugdunensis
419 567 426 584 ,
452 537 491 573 in
521 537 686 576 Gilbcrti
719 539 919 589 Mangvini
945 538 1073 576 vindi-

114 599 185 636 ciis
209 598 366 636 Gratiae
391 602 431 636 et
454 598 835 638 Praedestinationis
855 612 904 638 ex
926 601 1072 639 saeculi

114 661 207 699 noni
252 660 511 710 scriptoribus
549 665 645 699 tom.
685 663 719 701 1.
758 674 844 713 pag.
884 661 1072 701 585-738.

113 723 273 761 Parisiis
299 722 401 761 1650
423 751 431 771 ‚
464 723 497 760 4.
524 727 564 761 et
585 728 678 762 tom.
706 724 788 762 XV.
808 724 1073 762 Bibliothecae

112 786 276 824 Patrum
300 783 392 823 edit.
416 785 671 835 Lugdunens.
701 797 789 836 pag.
831 787 900 825 611
937 786 1076 824 viden-

111 847 208 886 dum
227 846 398 885 fueritne
419 847 521 886 alius
542 859 564 886 a
586 853 720 887 nost-ro
741 848 938 887 FLORUS
959 846 1075 886 PRU-

110 909 330 947 DENTIUS
350 908 599 958 GALlNDO,
625 910 848 962 Episcopus
881 908 1075 947 Tricassi-

111 981 212 1019 nus,
233 969 350 1020 cujus
374 975 414 1010 et
438 972 540 1010 aliae
565 976 728 1011 exstant
753 971 950 1010 adversus
975 982 1073 1009 eun-

113 1032 205 1071 dem
231 1033 394 1071 Scotum
419 1034 714 1073 lucubrat-iones
735 1035 784 1073 ab
804 1033 943 1072 eodem
969 1034 1074 1071 Man-

113 1094 246 1144 guino,
281 1094 422 1132 editae.
468 1095 566 1134 Vide
605 1098 751 1147 etiam,
786 1107 887 1147 quae
935 1098 1073 1134 contra

115 1157 358 1194 sententiam
396 1157 508 1194 Floro
552 1163 688 1196 nostro
740 1159 932 1208 scriptum
976 1156 1072 1195 illud

114 1217 359 1256 tribuentem
387 1218 579 1257 disseruit
615 1221 893 1258 Menetrierius
918 1221 955 1257 in
990 1230 1074 1257 me-

115 1282 251 1320 moriis
271 1282 474 1320 litterariis
501 1283 743 1321 Trevoltinis
767 1282 841 1321 An.
865 1280 968 1321 4705
986 1292 1072 1332 pag.

116 1343 191 1383 344
214 1372 222 1392 ‚
253 1353 364 1393 seqq.

171 1405 206 1442 6.
236 1403 413 1443 Alterius
448 1405 569 1444 etiam
612 1406 850 1445 vetustioris
897 1406 1040 1445 FLORI
1061 1436 1072 1454 ,

112 1466 290 1507 Monachi
336 1468 374 1506 S.
414 1467 636 1517 Trudonis,
669 1468 832 1507 Ordinis
871 1468 1073 1507 Benedict.

115 1529 309 1568 dioecesis
344 1528 625 1579 Leodicensis‚
659 1531 764 1569 circa
801 1529 964 1569 Annum
998 1529 1074 1568 760

114 1592 210 1630 clari
238 1595 335 1630 sunt
357 1590 638 1630 Additamenta
665 1592 720 1631 acl
741 1591 1077 1644 lilartyrologyium

115 1652 246 1692 Bedae
268 1664 360 1692 cum
385 1654 449 1692 iilo
475 1654 636 1704 vulgata
661 1654 710 1693 ab
745 1654 997 1693 Henschenio
1038 1654 1075 1691 in

115 1714 227 1754 Actis
263 1715 502 1755 Sanctorum
539 1721 631 1755 ante
670 1721 826 1756 tomum
853 1716 1077 1755 secundum

117 1779 270 1826 Martii,
294 1782 334 1816 et
368 1779 588 1817 novissime
628 1790 721 1817 cum
751 1778 880 1817 Bedae
916 1779 1080 1817 historia

119 1839 402 1878 Ecclesiastica
432 1841 563 1891 gentis
600 1839 820 1890 Anglorum
861 1852 911 1879 ex
944 1852 1083 1879 recen—

122 1903 232 1940 sione
272 1903 437 1940 Joannis
462 1902 612 1952 Smith,
642 1902 1079 1954 Cantabrigiaeqil72‘2,

122 1964 185 2003 fol.
202 1962 315 2002 Adde
334 1962 519 2003 Carolum
536 1965 675 2003 Cointe
691 1968 786 2002 tom.
808 1965 843 2002 4.
864 1964 1078 2003 Annalium

120 2027 362 2065 Francorum
387 2038 474 2077 pag.
502 2026 576 2065 470
600 2056 608 2075 ,
630 2037 714 2076 seq.

175 2088 197 2111 ³*
211 2088 368 2127 Adiecit
382 2090 503 2127 etiam
520 2089 715 2138 elegiacos
726 2087 922 2137 quosdam
937 2098 1082 2126 versus

122 2152 164 2188 in
187 2150 295 2189 calce
319 2149 528 2189 cuiusdam
554 2151 706 2188 veteris
738 2150 1017 2188 commentarii
1041 2150 1081 2186 in

121 2213 301 2251 Psalmos
330 2213 396 2262 qui
422 2213 460 2250 in
494 2212 629 2251 codice
655 2212 762 2250 mille
787 2222 984 2250 annorum
1003 2211 1080 2250 MS.

121 2276 161 2313 in
190 2274 373 2313 Biblioth.
397 2274 687 2314 Mediolanensi
711 2273 976 2312 Ambrosiana
1000 2283 1084 2310 ser-

120 2340 253 2376 vatur.
278 2337 450 2377 Carmen
475 2336 550 2374 hoc
574 2335 700 2374 edens
729 2336 970 2374 Muratorius
1002 2334 1084 2373 An-

121 2399 192 2449 tiq.
217 2403 313 2438 tom.
338 2399 405 2449 ILI.
429 2409 515 2449 pag.
541 2398 618 2437 856
644 2399 682 2436 in
706 2409 751 2436 ea
771 2401 848 2447 „est
871 2397 1054 2446 opinione
1070 2426 1082 2445 ,

121 2462 209 2500 eius
234 2464 442 2500 auctorem
466 2462 599 2511 ipsum
639 2471 730 2498 esse
768 2458 1083 2509 Lugdunensem

120 2524 341 2562 Diaconum
366 2523 512 2562 saeculi
540 2523 601 2561 sui
626 2522 777 2570 lumen,
794 2532 920 2570 aeque
946 2524 1082 2558 tamen

121 2585 277 2625 dubitat
294 2584 851 2630 commentariorum-illorum
873 2581 1083 2620 authorem

121 2660 142 2687 a
161 2648 201 2687 S.
218 2648 471 2697 Hieronymo,
489 2648 606 2685 cuius
632 2656 776 2683 nomen
804 2643 948 2681 ibidem
973 2654 1085 2694 prae-

122 2711 199 2749 fert
222 2710 339 2760 longe
364 2719 454 2747 esse
478 2708 700 2746 diversum.
728 2708 846 2744 Porro
866 2706 905 2742 in
930 2717 975 2743 eo
999 2716 1084 2743 car-

123 2773 230 2811 mine
245 2771 294 2810 ad
315 2769 533 2809 Eloardum
550 2768 748 2807 Abbatem
773 2767 926 2805 directo
943 2768 1083 2806 Florus

123 2832 376 2871 recensuisse
392 2841 435 2868 se
455 2830 789 2868 commentarium
809 2829 918 2867 illum
936 2833 1082 2867 narrat.

123 2893 320 2934 Eamdcm
336 2893 717 2930 commentationem
735 2903 785 2929 ex
805 2891 998 2929 Elonensi
1015 2892 1088 2931 Co-

125 2957 214 2996 dice
239 2955 312 2994 sibi
337 2958 471 2992 notam
498 2953 626 2991 eidem
673 2953 784 2990 Floro
821 2953 1008 2991 Usserius
1047 2954 1085 2990 in

124 3019 264 3057 histor.
293 3015 510 3055 Gothesch.
549 3019 589 3053 et
626 3016 787 3054 Caveus
826 3013 1085 3062 adscribunt,

127 3081 196 3120 sed
222 3091 273 3119 ex
297 3079 476 3117 carmine
500 3090 520 3116 a
541 3078 754 3117 Muratorie
780 3076 905 3114 relato
930 3077 1085 3114 nullum

125 3143 230 3183 aliud
271 3141 319 3180 ab
349 3151 395 3178 eo
432 3151 581 3179 munus
619 3139 857 3190 praestitum
894 3136 1087 3177 discimus

124 3216 244 3256 quam
266 3203 513 3243 correctoris.
536 3203 748 3243 Caeterum
774 3203 814 3237 et
841 3200 922 3250 ipse
948 3199 1087 3237 Florus

126 3268 369 3316 Hieronymo
398 3264 602 3303 vindicare
627 3273 727 3314 opus
752 3259 847 3299 illud
875 3261 987 3299 visus
1011 3265 1085 3298 est.

178 3326 349 3367 DROGO
368 3327 585 3369 Monachus
606 3324 819 3375 Bcrgensis
844 3323 881 3360 in
904 3324 929 3360 F
937 3322 1084 3361 landria

2031 225 2108 265 479

1149 293 1460 340 Benedictinus7
1487 294 1647 343 scripsit
1675 293 1798 332 Vitam
1828 295 1867 333 S.
1899 294 2051 333 llv'inoci·
2072 300 2110 333 et

1144 355 1191 394 de
1215 355 1301 406 ejus
1338 353 1574 403 miraculis,
1602 367 1680 405 quo
1706 357 1743 393 in
1785 355 1882 394 libro
1914 357 2108 406 Drogonis

1144 418 1326 467 Episcopi
1362 420 1552 466 tanquam
1577 417 1722 455 diversi
1762 429 1782 456 a
1820 429 1863 456 se
1889 419 2096 466 meminit,

1145 478 1267 517 edidit
1291 479 1538 516 Mabillonius
1562 479 1660 517 Saec
1692 481 1726 518 3.
1752 479 1997 518 Benedictin.
2019 491 2106 530 pag.

1147 541 1236 579 310.
1274 539 1495 578 Historiam
1534 539 1811 579 translationis
1847 542 1885 580 S.
1922 541 2109 580 Lewinae

1147 600 1299 651 Anglae
1323 602 1361 638 in
1382 603 1667 639 Monasterium
1690 604 1888 653 Bergense
1917 603 2024 641 iibris
2046 604 2078 642 11
2101 634 2108 652 ‚

1147 663 1195 702 ad
1226 663 1419 701 Abbatem
1456 663 1698 701 Rumoldum
1736 664 1808 702 An.
1851 665 1953 704 1058
1986 678 2109 716 quam

1148 730 1238 775 post
1283 724 1550 763 Mabillonium
1595 724 1739 763 dedere
1773 726 2110 777 Antwcrpicnses

1151 787 1188 824 in
1217 786 1329 824 Actis
1351 787 1590 825 Sanctorum
1614 787 1676 824 24.
1702 787 1808 835 Julii,
1834 793 1929 826 tom.
1957 790 1998 827 V.
2023 801 2110 840 pag.

1150 849 1240 887 613,
1267 847 1393 887 Vitam
1414 848 1452 886 S.
1482 846 1684 886 Osswalcli
1717 849 2045 899 Northumbriae,
2073 853 2109 889 in

1147 910 1286 959 Anglia
1311 911 1454 960 Regis,
1485 914 1525 947 etv
1545 909 1593 947 de
1618 909 1758 948 eodem
1780 911 1989 950 Sermones
2010 912 2109 950 (tuos

1147 973 1291 1011 MStos.
1314 973 1370 1010 De
1407 971 1600 1010 Oswaldo
1631 971 1694 1009 illo
1720 971 1862 1011 Surius
1887 973 1934 1011 ad
1961 975 2004 1011 V.
2030 974 2112 1012 Au-

1148 1034 1252 1084 gusti
1277 1045 1326 1072 ex
1354 1033 1481 1072 Bedae
1506 1034 1603 1072 libro
1628 1035 1662 1072 3.
1690 1033 1878 1073 historiae
1913 1035 2114 1074 Ecclesia-

1149 1096 1271 1133 sticae
1295 1094 1529 1145 Anglorum,

1201 1156 1370 1196 DROGO
1379 1157 1571 1196 Sacerdos
1583 1157 1851 1197 Glzistellensis
1867 1160 1905 1197 in
1919 1159 2038 1198 Fland
2046 1161 2112 1207 ria,

1148 1223 1268 1268 atque
1286 1218 2115 1271 indetlsorinormnEpiscopusBoloniensis

1149 1281 1352 1319 Teruanae
1369 1282 1454 1319 sive
1466 1281 1780 1330 TERVANAEa)
1798 1282 1847 1320 ab
1863 1282 1938 1321 An.
1952 1284 1965 1321 1
1979 1283 2047 1322 031
2065 1283 2113 1321 ad

1149 1341 1253 1380 1078
1278 1344 1438 1393 scripsit
1464 1343 1589 1382 Vitam
1614 1345 1655 1383 S.
1679 1344 1917 1393 Goclelenae,
1942 1343 2114 1395 Virffl‘ms

1151 1407 1190 1442 et
1210 1404 1285 1443 An.
1309 1404 1423 1443 1070.
1446 1406 1642 1457 Martyris
1667 1407 1714 1445 ad
1739 1406 1996 1455 Ratboldum,
2021 1408 2115 1457 Epi-

1151 1468 2112 1517 scopumNoviomensemetTornacensem.llanc

1152 1529 1436 1578 sinceriorem,
1467 1530 1587 1579 quam
1614 1531 1757 1569 Surius
1781 1531 1829 1569 ad
1855 1532 1876 1568 6
1902 1532 1979 1570 Jul.
2004 1531 2114 1569 dedit

1151 1590 1356 1628 Johannes
1381 1592 1558 1641 Baptista
1585 1592 1775 1631 Solierius
1807 1594 1845 1630 in
1875 1592 1986 1631 Actis
2018 1594 2116 1632 San-

1154 1656 1313 1691 ctorum
1336 1658 1431 1691 tom.
1458 1654 1494 1691 ⁶2.
1529 1655 1622 1692 Julii
1653 1666 1736 1705 pag.
1765 1655 1840 1693 409Ι
1863 1666 1955 1693 cum
1981 1656 2116 1701 notis,

1155 1713 1371 1765 subjuncta
1395 1716 1515 1754 etiam
1533 1727 1620 1767 pag.
1641 1717 1731 1757 409.
1748 1718 1916 1756 Suriana
1933 1717 2117 1756 editione.

1181 1778 1353 1816 DROGO
1370 1789 1420 1815 ox
1436 1779 1628 1817 Monacho
1649 1779 1908 1818 Benedictino
1925 1781 2121 1818 Monaste—

1155 1840 1199 1876 rii
1220 1840 1414 1878 Nicasiani
1434 1840 1537 1890 apud
1573 1842 1798 1880 Remenses
1822 1842 1953 1880 Priore
1979 1846 2019 1880 et
2042 1840 2121 1879 Ab-

1155 1900 1246 1939 bate
1280 1901 1535 1940 Laudunensi
1574 1903 1797 1954 Episcopus
1850 1903 2039 1942 Ostiensis
2081 1907 2121 1941 ct

1155 1962 1376 2002 CardInalis
1403 1964 1451 2002 ab
1471 1964 1546 2002 An.
1576 1966 1677 2004 1130
1699 1965 1747 2003 ad
1771 1967 1874 2004 1138
1900 1966 2059 2016 scripsit
2074 1964 2120 2003 de

1156 2025 1415 2064 Sacramento
1455 2026 1692 2065 Dominieae
1716 2027 1922 2066 Passionis
1952 2028 2121 2076 librum⁷

1158 2087 1244 2125 sive
1266 2099 1496 2126 sermonem
1536 2089 1700 2128 obvium
1732 2091 1768 2127 in
1803 2089 2123 2140 Orthodoxogra-

1156 2149 1247 2199 phis
1271 2151 1453 2200 utrisque
1473 2181 1481 2200 ‚
1522 2155 1561 2189 et
1587 2152 1624 2188 in
1655 2152 1911 2190 Bibliothecis
1932 2154 2094 2190 Patrum
2114 2183 2120 2188 .

1165 2212 1202 2248 in
1220 2213 1440 2251 novissima
1462 2217 1598 2251 autem
1620 2213 1883 2262 Lugdunensi
1899 2218 1994 2252 tom.
2015 2214 2123 2261 XXI,

1158 2272 1249 2311 huic
1279 2273 1541 2325 subjungitur
1566 2286 1654 2325 pag.
1682 2274 1753 2314 341
1791 2275 1890 2314 liber
1931 2275 1978 2314 (te
2011 2286 2124 2313 crea-

1159 2334 1260 2373 tione
1297 2339 1336 2373 et
1364 2336 1590 2375 reclentione
1620 2337 1748 2388 primi
1787 2337 1954 2376 hominis
1990 2337 2123 2376 editus

1158 2399 1336 2448 primum
1359 2398 1434 2437 An.
1455 2399 1557 2438 4622
1580 2411 1600 2437 c
1620 2400 1729 2439 MSto
1746 2399 1889 2439 Codice
1912 2399 2126 2437 Bibliothe-

1158 2470 1226 2497 cae
1247 2460 1461 2498 Elnensis:
1486 2472 1558 2498 nec
1581 2472 1659 2498 non
1694 2473 1780 2511 pag.
1807 2462 1883 2499 344
1919 2459 1965 2498 (le
2002 2461 2122 2511 septi-

1156 2519 1280 2572 formi
1297 2524 1419 2571 orata
1442 2522 1620 2573 Spiritus
1642 2522 1781 2561 Sancti
1802 2534 1849 2560 ac
1871 2521 1917 2560 (le
1942 2522 2119 2560 Beatita—

1158 2581 1344 2630 (linibus,
1370 2587 1409 2620 et
1430 2594 1516 2633 pag.
1555 2585 1632 2623 345
1669 2583 1716 2622 (le
1748 2583 1903 2623 Divinis
1938 2583 2085 2636 Officiis
2102 2615 2111 2631 ,

1162 2654 1234 2682 seu
1255 2642 1363 2681 horis
1395 2644 1620 2683 Canonicis.

1210 2704 1494 2744 DRUSIANUS
1532 2707 1613 2755 (101
1664 2717 1737 2745 scu
1782 2708 1913 2756 potius
1948 2708 2118 2746 TURRI-

1158 2765 1364 2816 SIANUS)
1409 2768 1649 2815 (Trithemio
1687 2779 1774 2806 can.
1811 2769 1900 2806 543.
1956 2768 2123 2807 Crusta-

1158 2838 1233 2866 nus
1255 2859 1266 2877 ,
1306 2829 1393 2866 aliis
1429 2828 1686 2878 Crucicznus„
1728 2829 1916 2867 Mei-klino
1955 2830 2121 2868 anrza-

1159 2900 1234 2927 nus
1258 2888 1304 2927 cle
1350 2890 1577 2938 anreanis,
1610 2891 1714 2929 Julio
1749 2893 1866 2942 Nigro
1895 2891 2116 2931 Trnsianus

1162 2950 1400 2990 Rusticelius
1444 2951 1655 3002 Valerius)
1700 2953 1877 2991 Thaddei
1904 2953 2123 2991 Florentini

1160 3012 1296 3051 Medici
1334 3014 1502 3051 celebris
1534 3015 1612 3064 (qui
1644 3015 1717 3053 An.
1760 3016 1875 3054 1286.
1909 3015 2122 3054 llonorium

1161 3078 1347 3123 quartum
1378 3077 1546 3124 curavit)
1586 3075 1832 3126 discipuluS‚
1869 3077 2124 3116 Florentinus

1161 3138 1201 3171 et
1243 3135 1353 3185 ipsc,
1392 3140 1511 3186 atquc
1555 3138 1658 3176 inter
1697 3138 1869 3177 Medicos
1904 3136 2122 3190 plusquam

1217 3284 1248 3315 al
1264 3285 1344 3317 vide
1358 3287 1629 3319 saninmrihanos
1644 3291 1767 3321 tonuit.
1780 3289 1904 3321 Galliae
1918 3290 2129 3321 Christianae

1158 3343 1232 3374 pag.
1252 3335 1325 3365 430.
