2500 3841
958 185 1272 225 CIRINUS

113 258 220 298 thaei
237 254 415 305 Pz'llard,
440 255 489 295 de
514 267 703 307 prospero
732 260 773 295 et
802 256 972 296 adverso
1001 258 1073 297 Or-

113 322 216 361 dinis
236 322 358 358 statu.

166 381 388 430 CIRINUS,
406 379 600 432 Cyrinus,
618 381 911 433 supra,AR1BO
927 395 963 434 p.
981 382 1069 422 427.

163 445 337 482 Joannes
372 443 592 493 CIRITTA,
630 443 764 484 Abbas
793 446 1072 494 Taurocanus,

109 508 194 546 sive
217 506 444 546 Monasterii
472 506 665 545 Johannis
692 507 742 546 de
771 508 947 547 Tarauca
975 507 1069 547 Ord.

109 571 275 609 Cisterc.
295 568 373 608 An.
394 569 496 609 4432
518 569 672 610 fundati
693 571 732 608 in
750 571 978 619 Lusitania,
1003 570 1071 610 de-

109 633 272 672 functus
285 631 360 670 An.
380 631 498 671 1164.
515 630 578 670 Ad
598 631 706 671 hunc
725 632 904 684 Epistola
924 633 962 672 S.
976 634 1071 671 Ber-

105 694 248 734 nhardi
268 694 357 733 368.
379 695 469 745 Ipse
489 705 582 734 cum
602 694 824 734 Guiscardo
849 694 972 734 sodali
996 706 1068 735 suo

106 758 275 809 scriptor
293 756 466 808 Reyulae
489 756 702 810 Equz'tz'bus
722 756 884 797 militiae
907 757 1068 798 Ordinis

104 818 152 858 de
169 818 292 869 Avis,
317 821 404 860 sive
423 819 557 859 sz‘sz'i
573 851 581 870 ,
601 818 721 870 jussu
743 819 897 859 Alfonsi
921 822 1065 872 Regis,

105 893 226 934 quam
245 883 429 934 vulgavit
445 883 761 933 Chrysostomus
780 884 1006 934 Henriquez
1026 884 1067 922 in

103 945 192 996 ejus
214 946 298 984 vita
315 975 325 994 ,
349 945 414 984 lib.
446 947 480 985 1.
508 946 684 985 fasciculi
710 946 948 985 Sanctorum
972 945 1064 985 Ord.

105 1009 272 1048 Cisterc.
291 1007 382 1047 dist.
400 1009 449 1048 19
471 1020 548 1048 una
569 1020 662 1048 cum
680 1006 838 1047 duabus
853 1007 1066 1061 Epistolz‘s,

103 1082 183 1109 una
206 1070 254 1109 ad
278 1071 490 1110 Monachos
516 1072 794 1121 Taurocanos,
818 1082 911 1110 cum
939 1070 1069 1109 Abba-

103 1134 180 1172 tiae
196 1135 438 1173 renuncians
454 1135 538 1186 ipse
554 1135 594 1172 in
609 1134 897 1172 monasterium
909 1132 1068 1172 S.Chri-

104 1195 282 1247 stophori
297 1198 588 1236 concessisset:
606 1200 647 1235 et
665 1196 791 1235 altera
806 1195 855 1234 ad
870 1197 1067 1234 Boemun-

101 1259 224 1309 dum,
249 1258 445 1299 Abbatem
473 1261 765 1298 Taurocanum.
796 1257 894 1298 Vide
915 1256 1064 1297 Vischii

101 1322 201 1361 Bibl.
226 1323 395 1362 Cisterc.
420 1333 506 1373 pag.
537 1322 614 1361 203
645 1326 686 1360 et
714 1321 920 1360 Nicolaum
942 1319 1068 1359 Anto—

101 1386 212 1424 nium
234 1390 328 1424 tom.
349 1386 396 1424 II.
412 1384 676 1423 Bibliothecae
697 1384 846 1422 veteris
866 1384 1064 1434 Hispanae

100 1448 164 1486 lib.
190 1449 280 1499 Vll,
304 1459 388 1499 cap.
415 1449 464 1498 6,
487 1459 574 1498 pag.
601 1446 663 1486 17.

98 1536 319 1588 Scriptores
342 1535 391 1575 de
415 1535 766 1576 CISTERCIENSI
790 1535 965 1585 Ordine,
989 1537 1061 1574 Be-

146 1598 336 1638 nedictini
357 1599 570 1649 propagine
584 1629 595 1647 ,
618 1609 721 1649 quae
741 1609 791 1636 ex
807 1597 975 1637 Abbatia
996 1598 1061 1637 Ci-

148 1661 359 1700 sterciensi
372 1659 448 1699 An.
462 1661 566 1700 1098
583 1659 749 1699 fundata
765 1661 879 1712 longe
899 1661 1059 1711 lateque

149 1723 375 1774 pullulavit.

151 1810 334 1861 Orzyz'nes
365 1811 642 1852 Cisterciensis
674 1811 862 1862 Ordinis,
896 1813 1059 1852 incertis

95 1873 325 1914 auctoribus
354 1875 551 1925 scriptae,
581 1877 619 1912 in
650 1875 793 1914 Labbei
828 1875 924 1913 Bibl.
955 1886 1059 1914 nova

93 1937 201 1976 MSS.
224 1942 318 1976 tom.
341 1938 383 1986 I,
407 1948 494 1988 pag.
521 1937 710 1976 640647.

144 1999 347 2051 Anonymi
357 1999 586 2039 Eaeordz‘um
603 1999 765 2039 Ordinis
781 1999 1056 2040 Cz’stercz'ensz's

91 2062 468 2115 minus,·scriptum
496 2061 571 2102 An.
604 2064 705 2103 ⁴420
744 2067 784 2102 et
819 2074 911 2102 cum
949 2065 1054 2101 notis

90 2126 243 2166 editum
270 2127 319 2165 ab
348 2127 500 2177 Ignatio
522 2127 696 2164 Firmino
723 2125 773 2164 de
801 2126 969 2175 Hibero,
993 2127 1056 2164 Fi-

90 2190 262 2227 terensis
275 2188 463 2229 Coenobii
480 2189 518 2227 in
535 2200 656 2240 regno
673 2189 871 2227 Navarrae
880 2187 1052 2236 Abbate‚

91 2252 209 2290 Fiteri
239 2252 366 2302 1610,
403 2252 466 2291 fol.
502 2252 688 2291 Coloniae
723 2251 852 2302 1614,
892 2253 928 2291 4.
956 2252 1054 2291 Vide

90 2314 224 2353 Jacobi
253 2315 289 2353 le
318 2316 426 2366 Long
455 2315 739 2354 Bibliothecam
768 2316 1053 2354 Historicorum

91 2376 240 2416 Galliae
262 2389 353 2428 pag.
377 2379 479 2426 259,
505 2389 588 2429 seq.

142 2439 372 2478 Eoeordium
403 2439 564 2480 Ordinis
591 2440 867 2481 Cistercz'ensz's
890 2441 1022 2495 majus
1037 2472 1048 2491 ,

91 2502 285 2552 scriptum
309 2501 384 2541 An.
409 2503 526 2543 1212.
556 2504 654 2543 Vide
678 2503 943 2544 Bertrandum
968 2505 1052 2541 Tis-

89 2564 169 2602 sier
197 2567 292 2602 tom.
322 2564 351 2602 Ι.
381 2564 646 2604 Bibliothecae
673 2569 857 2605 veterum
887 2567 1053 2616 scripto-

89 2637 179 2665 rum
208 2625 368 2664 Ordinis
391 2627 555 2666 Cisterc.
586 2631 626 2665 et
655 2628 755 2666 infra
783 2627 1050 2668 CONRADUS

89 2688 395 2728 EverbacensiS.

142 2749 332 2790 anm-clia
350 2751 464 2790 sacri
483 2751 645 2791 Ordinis·
666 2751 944 2791 Cz'sterciensis
958 2784 969 2802 ,
993 2753 1048 2792 al-

89 2818 220 2853 terum
245 2826 266 2853 a
290 2815 328 2853 S.
352 2815 608 2862 ROBERTO,
639 2816 678 2853 S.
702 2813 979 2866 ALBERICO,
1009 2816 1047 2854 S.

89 2877 355 2917 STEPHANO
375 2878 463 2927 ejus
482 2877 642 2915 Ordinis
663 2877 936 2916 fundatoribus
955 2882 1048 2916 ante

18 2971 24 2975 .
86 2940 400 2991 quadringentos
445 2951 468 2979 a
511 2939 700 2979 Monacho
742 2940 1050 2979 Claraevallensi

87 3004 337 3054 conscripta:
371 3007 412 3042 et
444 3003 493 3042 ab
528 3003 668 3042 eodem
698 3002 747 3041 de
775 3003 916 3041 Hibero
945 3002 1051 3041 edita

86 3066 314 3117 Pampilone
356 3066 486 3113 1631,
526 3065 589 3104 fol.
635 3065 702 3116 qui
740 3065 938 3115 posterius
975 3064 1049 3103 hoc

86 3128 124 3167 S.
147 3127 439 3168 HELINANDO
469 3129 633 3177 tribuit,
664 3127 769 3178 quod
786 3127 979 3166 refellitur
1002 3128 1050 3167 ab

87 3189 235 3240 Angelo
264 3192 492 3242 Manriquez
528 3190 577 3230 ad
615 3189 778 3229 Annum
809 3189 922 3229 1100.
953 3191 1049 3230 Vide

87 3253 215 3300 infra,
239 3252 574 3293 HELINANDUS.

141 3313 372 3356 ANONYMI
389 3317 681 3366 Cistercicnsis,
699 3316 765 3366 qui
783 3316 821 3354 in
837 3315 1047 3357 Germania

1144 261 1234 309 post
1257 256 1420 296 Annum
1446 257 1548 296 1153
1585 257 1770 307 scripsit,
1799 255 1990 308 Dz'aloyus
2019 256 2117 295 duo-

1145 333 1235 360 rum
1267 319 1549 360 Monachorum
1588 319 1867 358 Cluniacensis
1896 324 1936 358 et
1960 320 2110 360 Cister-

1143 384 1315 433 ciensis,
1336 382 1385 422 de
1410 383 1530 421 variis
1556 383 1767 432 utriusque
1791 381 1952 421 Ordinis
1975 382 2110 421 obser-

1142 447 1271 496 vatis,
1310 457 1431 497 quem
1455 446 1638 496 vulgavit
1661 444 1902 484 Edmundus
1924 447 2102 484 Martene

1142 513 1236 548 tom.
1261 509 1315 547 III
1338 507 1637 547 Anecdotorum
1660 519 1747 558 pag.
1781 507 2024 548 1561-1654.

1193 571 1357 610 Joannis
1379 569 1633 620 d'slssz'qm'es
1656 571 1769 609 Vitae
1804 571 2043 610 Sanctorum
2068 576 2108 609 et

1141 635 1380 674 Sanctarum
1403 632 1564 671 Ordinis
1587 633 1878 672 Cisterciensis.
1906 634 2054 672 Gallice
2078 635 2102 674 2

1138 696 1416 736 Voluminibus
1439 695 1479 732 in
1505 694 1540 732 4.
1565 695 1687 733 Duaci
1707 696 1820 734 1598.
1857 700 1897 734 et
1912 697 2110 736 Montibus

1147 759 1264 798 1606.

1194 821 1227 858 F
1227 819 1439 858 ranciscus
1452 817 1658 868 Bivarz'us,
1678 819 1764 857 sive
1778 819 1982 869 Vivarz'us,
1999 823 2008 870 (
2026 833 2108 859 ma-

1140 883 1175 921 le
1199 881 1304 933 apud
1329 882 1586 920 Teissierium
1607 880 1825 930 Rz'varz‘us)
1851 881 2102 921 Madritensis

1138 944 1188 983 de
1207 944 1312 983 Viris
1336 947 1376 982 et
1396 944 1596 982 Foeminis
1615 943 1838 982 illustribus
1859 943 2018 982 Ordinis
2039 946 2102 983 Ci—

1140 1006 1383 1045 sterciensis.
1406 1006 1505 1046 Vide
1528 1006 1735 1046 Vischium
1760 1018 1846 1057 pag.
1874 1006 1950 1045 114
1975 1011 2014 1045 et
2039 1007 2102 1045 Ni-

1139 1069 1294 1108 colaum
1317 1068 1536 1108 Antonium
1560 1073 1655 1108 tom.
1690 1070 1705 1108 I
1729 1068 1997 1108 Bibliothecae
2036 1080 2106 1107 no-

1139 1142 1213 1170 vae
1238 1132 1435 1182 Hispanae
1456 1142 1543 1182 pag.
1572 1132 1663 1171 342.

1188 1192 1427 1233 Bernardas
1449 1193 1561 1232 Brito
1587 1195 1624 1232 in
1650 1194 1822 1233 Historia
1843 1193 2006 1232 Ordinis
2042 1195 2105 1233 Ci-

1137 1258 1394 1307 sterciensis,
1433 1256 1539 1295 edita
1577 1257 1805 1296 Lusitanice
1824 1285 1833 1306 ,
1858 1257 2099 1309 Ulyssipone

1140 1319 1268 1367 4602,
1294 1319 1358 1358 fol.

1190 1380 1456 1421 CAESARIUS
1472 1382 1767 1421 Heisterbacen.
1791 1382 1839 1421 de
1867 1394 1944 1433 quo
1966 1394 2100 1434 supra.

1192 1443 1388 1484 Claudius
1409 1443 1639 1485 Charlemot
1661 1447 1699 1482 in
1726 1447 1828 1484 serie
1860 1447 2101 1485 Sanctorum

1135 1511 1175 1544 et
1192 1507 1408 1546 illustrium
1423 1508 1607 1546 Virorum
1624 1507 1783 1545 Ordinis
1799 1508 2097 1556 CistereiensiS,

1134 1570 1293 1608 Parisiis
1319 1570 1420 1609 1660
1440 1601 1448 1620 ,
1476 1571 1510 1608 4.
1535 1568 1729 1620 Ejusdem
1752 1569 1929 1608 Annales
1953 1571 2100 1609 Cister-

1134 1633 1291 1671 cienses
1315 1633 1339 1673 2
1362 1632 1664 1672 Voluminibus:
1697 1633 1907 1671 memorati
1936 1633 2095 1672 Vischio

1134 1706 1223 1746 pag.
1243 1694 1294 1733 78
1319 1696 1454 1734 nescio
1478 1707 1528 1734 an
1554 1695 1662 1734 editi.

1184 1758 1357 1797 Joamws
1381 1757 1427 1796 cle
1452 1758 1668 1807 CIREYO,
1691 1769 1813 1809 supra
1837 1769 1923 1809 pag.
1952 1759 2040 1797 352.

1188 1818 1386 1860 Claudina
1401 1820 1433 1858 F
1435 1823 1564 1868 evret,
1581 1819 1793 1859 Abbatissa
1810 1820 2101 1859 Bernhardina»

1132 1894 1222 1922 rum
1244 1884 1522 1930 Divionensis,
1548 1883 1587 1920 in
1608 1884 1737 1921 Diario
1759 1883 2000 1922 Sanctorum
2024 1883 2096 1920 Or-

1132 1945 1235 1983 dinis
1265 1946 1568 1996 Cisterciensis‚
1604 1944 1710 1984 edito
1748 1945 1896 1984 Gallice
1928 1946 2094 1984 Divione

1133 2008 1261 2057 1706,
1287 2009 1323 2046 8.

1184 2069 1455 2122 Chrysostomi
1471 2069 1598 2108 Henri
1626 2081 1701 2109 uez
1715 2069 1995 2110 Calendarium
2020 2071 2091 2107 Or-

1129 2133 1233 2171 dinis
1255 2133 1547 2173 Cisterciensis.
1572 2081 1770 2172 iffi-axellis
1801 2133 1915 2171 462¹).
1956 2133 2087 2170 Fasci-

1128 2196 1244 2235 culus
1261 2197 1499 2236 Sanctorum
1515 2195 1675 2234 Ordinis
1689 2195 1980 2235 CisterciensiS.
1998 2196 2095 2233 Bru-

1127 2259 1243 2298 xellis
1267 2260 1394 2308 1624,
1420 2259 1483 2298 fol.
1505 2258 1662 2298 duobus
1684 2258 1975 2297 Voluminibus.
2014 2258 2094 2295 Me-

1126 2323 1328 2374 nologium
1359 2323 1636 2363 Cisterciense.
1672 2320 1933 2371 Antwerpiae
1965 2320 2092 2369 1630,

1125 2385 1188 2423 fol.
1210 2385 1234 2425 2
1257 2385 1413 2425 Volum.
1439 2385 1487 2424 de
1509 2396 1587 2435 quo
1611 2382 1827 2423 Bollandus
1849 2383 2092 2434 praefatione

1124 2446 1173 2486 ad
1195 2447 1294 2486 Acta
1319 2449 1557 2487 Sanctorum
1579 2447 1757 2486 Januarii
1786 2457 1871 2496 cap.
1899 2446 1919 2482 4
1947 2445 1967 2495 ξ,
1999 2446 2020 2481 9
2046 2450 2086 2482 et

1123 2510 1364 2561 praefatione
1388 2509 1437 2549 acl
1461 2508 1563 2549 Acta
1586 2509 1700 2547 Febr.
1725 2519 1810 2558 cap.
1829 2508 1864 2545 6.
1883 2508 2089 2546 Constitu-

1124 2573 1278 2620 tiones,
1298 2571 1458 2622 regulae
1478 2575 1519 2610 et
1541 2571 1747 2621 privilegia
1763 2569 1924 2606 Ordinis
1940 2569 2087 2608 Cister-

1123 2634 1281 2673 ciensis.
1306 2632 1397 2671 ibid.
1425 2633 1517 2671 Lilia
1542 2632 1742 2679 Cistercii,
1765 2631 1850 2668 sive
1871 2631 1977 2667 vitae
1995 2641 2086 2668 san—

1121 2700 1277 2734 ctarum
1300 2695 1507 2745 Virginum
1531 2698 1606 2732 etc.
1631 2692 1824 2743 Ejusdem
1845 2691 2084 2742 Chrysosto-

1122 2759 1175 2797 mi
1191 2757 1366 2796 Phoenix
1383 2757 1653 2803 reviviscens,
1680 2766 1753 2793 seu
1770 2755 1990 2804 Scriptores
2011 2755 2084 2793 Or-

1121 2821 1225 2859 dinis
1262 2820 1542 2859 Cisterciensis
1565 2818 1730 2868 Angliae
1768 2821 1808 2856 et
1846 2818 2087 2867 Hispaniae,

1122 2882 1319 2922 Bruxellis
1335 2882 1456 2931 4626,
1473 2882 1506 2920 4.
1518 2882 1671 2920 Omitto
1682 2881 1754 2919 alia
1767 2879 1870 2930 apud
1881 2879 2087 2918 Vischium

1123 2957 1210 2996 pag.
1232 2945 1308 2994 66,
1333 2955 1416 2994 seq.
1442 2948 1482 2982 et
1506 2944 1709 2982 Nicolaum
1734 2942 1952 2981 Antonium
1983 2945 2078 2979 torn.

1126 3009 1140 3046 Ι
1164 3007 1429 3046 Bibliothecae
1454 3018 1579 3045 novae
1600 3007 1795 3056 Hispanae
1819 3016 1905 3055 pag.
1929 3005 2019 3043 194.

1177 3068 1396 3120 Auyussmi
1420 3068 1719 3116 INFANGATI,
1743 3068 1985 3115 Florentini,
2009 3069 2086 3106 Mo-

1126 3130 1239 3170 nachi
1260 3131 1299 3169 S.
1327 3131 1545 3169 Salvatoris
1579 3131 1628 3170 de
1651 3131 1867 3180 Septimio,
1905 3129 2083 3168 defuncti

1126 3192 1196 3231 An.
1220 3192 1334 3231 1499.
1352 3192 1576 3231 Chronicon
1593 3192 1641 3230 de
1658 3193 1781 3243 gestis
1801 3190 2081 3230 Monachorum

1123 3254 2080 3303 OrdinisCisterciensis,soxVoluminibus,MSS.

1123 3318 1161 3356 in
1186 3317 1251 3356 illo
1273 3318 1524 3357 Monasterio.
1542 3316 1640 3357 Vide
1661 3317 1810 3356 Julium
1832 3317 1994 3367 Nigrum
2019 3319 2081 3356 Bi-

1654 3396 1676 3434 -ἰ
1681 3397 1704 3436 5
