2500 4009
443 229 518 266 '⁸88

420 298 578 327 sTlet's
592 294 714 332 eloquii
729 287 896 329 jucundus
913 284 1026 316 melle.
1043 285 1186 314 duorum

435 353 531 377 Arma
550 347 636 375 canit
654 342 789 371 fratrum
804 338 836 366 ai
855 335 917 366 sub
934 334 1018 364 duce
1035 339 1187 371 quaeque
1205 339 1266 362 suo
1282 344 1288 360 :

416 396 583 427 tressis
598 392 704 423 clarae
722 388 834 418 ciiiia
853 383 938 414 bella
955 382 1110 412 lucernae
1254 389 1257 391 ·

436 445 575 484 imponit
593 465 600 476 ,
626 443 729 469 metro
749 433 910 465 lucidiore
928 433 1032 462 canit.

414 498 510 525 Lucet
522 488 752 522 ALEXANDER
767 484 802 520 b)
816 483 937 513 Lucani
958 481 1041 512 luce.
1059 482 1201 511 Meretur

439 542 565 576 Laudes
578 538 762 574 descriptas
783 530 965 563 historialis
983 530 1109 561 honor.

414 591 529 622 liunini
548 587 677 621 sordes,
695 589 724 614 et
742 585 883 614 virtutes
901 580 1075 612 stiliconis

432 642 490 670 Cui
508 639 584 669 dant
604 636 714 666 thema
731 633 762 668 c)
782 633 869 671 sapit
897 631 951 662 hic
970 630 1138 661 Heliconis
1156 636 1231 668 ope.

432 694 489 720 bat
506 687 667 724 Phrygius
681 684 808 714 DARES
830 681 866 721 d)
885 682 995 712 veraci
1015 680 1120 711 limite
1137 686 1255 711 causas

432 739 529 769 Exilii
552 737 668 774 Trojae
686 732 864 764 seditionis
883 739 982 762 onus.

412 788 549 818 instruit
567 788 599 817 in
624 785 754 823 Trojam
773 784 914 812 Graecos
931 803 940 816 ,
958 785 990 811 et
1016 779 1131 818 pandit
1152 778 1337 808 lloxlEltL's
1350 799 1358 814 ‚

430 842 519 874 Quae
538 834 633 865 vehat
654 834 743 864 unda
761 835 847 863 rates
865 829 1125 867 Argolicumque.
1145 826 1276 857 dolum.

410 886 534 917 sidonii
555 885 587 923 e)
604 885 690 922 regis
708 884 766 921 qui
784 882 890 920 pingit
907 879 1049 919 praelia,
1067 885 1191 907 rnorem

432 937 611 975 Egregium
628 932 774 964 calamus
791 931 1025 961 leONlANL's
1045 928 1143 958 habet

411 984 623 1016 Christicolas
637 984 725 1014 acies
743 981 981 1011 SOLYMAthJs
1002 978 1028 1016 l)
1046 981 1153 1008 armat
1174 978 1206 1008 in
1226 976 1337 1007 hostes

432 1035 554 1065 Christi
572 1034 673 1063 solius
692 1031 808 1071 plenus
827 1036 939 1059 amore
958 1028 1080 1060 crucis.

410 1084 594 1115 Herbarum
611 1085 700 1113 vires
718 1080 863 1111 declarat
884 1079 1033 1109 carmine
1049 1077 1179 1107 »laet-:tt
1198 1075 1233 1115 g)

432 1138 542 1166 Servat
564 1135 596 1164 in
615 1132 733 1163 officiis
753 1130 841 1160 bunc
861 1127 1028 1159 medicina
1052 1128 1132 1158 suis.

415 1187 553 1214 Naturas
572 1181 719 1220 lapidum
736 1181 845 1209 varias
858 1201 867 1216 ‚
886 1179 1064 1215 variosque
1078 1175 1207 1208 colores

440 1235 502 1271 Qui
524 1234 617 1271 ponit
636 1229 782 1270 lapidum
801 1228 835 1266 h)
855 1236 921 1259 non
940 1229 1025 1266 sapit
1043 1226 1095 1257 ille
1108 1229 1226 1256 metro.

416 1284 562 1313 PETltt'S
578 1282 670 1311 RlGA
685 1302 692 1313 ,
712 1283 807 1319 petra
830 1281 924 1319 cujus
943 1279 1031 1315 rigat
1050 1277 1171 1306 intima
1189 1274 1360 1313 Christus,

432 1335 548 1370 Legem
567 1329 728 1360 mellifluo
748 1329 829 1359 texit
848 1332 1025 1365 utramque
1045 1324 1141 1364 stylo.

413 1382 602 1411 ‹juiiteinnit
622 1380 731 1418 paleas
748 1378 944 1409 SEDL'LIL'S.
962 1376 1065 1413 Eligit
1081 1378 1176 1414 aptas

442 1432 501 1459 iles
522 1426 716 1465 Evangelii,
734 1424 913 1456 sedulitate
935 1425 1045 1454 metri.

415 1482 482 1509 λοι]
502 1482 570 1509 aret
586 1479 669 1508 serie
688 1477 782 1507 metri
802 1500 811 1510 .
829 1475 884 1505 sed
904 1473 999 1504 floret
1019 1474 1176 1503 ARATOR

437 1532 556 1559 ivm-tus
572 1552 581 1566 ,
601 1526 790 1567 Apostolica
811 1525 898 1555 sacta
919 1525 1077 1554 decenter
1096 1527 1179 1553 arat.

417 1582 577 1609 Virtutem
598 1577 741 1617 prudens
760 1575 1004 1605 PRUDENTlL'S
1027 1575 1133 1603 armat
1155 1573 1188 1602 in
1215 1572 1337 1603 hostes.

434 1632 505 1666 Quo
520 1653 528 1663 ‚
545 1630 628 1659 vitio
649 1628 737 1657 victo
755 1625 898 1665 gaudeat
916 1623 991 1659 illa,
1010 1623 1118 1654 docet.

415 1683 571 1716 :-··pteiias
589 1678 664 1716 quis
681 1676 746 1706 alat
764 1679 851 1705 artes
868 1672 1027 1703 describit
1049 1674 1208 1703 ALANL'S.
1227 1674 1249 1708 i)

436 1729 575 1758 Virtutis
592 1727 716 1766 specics
735 1725 939 1764 proprietate
958 1723 1075 1753 docet.

419 1777 536 1808 'tobias
560 1779 579 1809 k
616 1778 648 1806 in
663 1783 742 1814 agro
766 1775 870 1804 veteri
894 1773 1047 1808 lascivit,
1066 1775 1097 1801 et
1115 1779 1221 1810 aeque
1237 1796 1246 1807 ‚

437 1833 497 1861 Res
518 1831 617 1858 novat
634 1851 645 1865 ,
664 1831 694 1856 et
714 1826 810 1855 inetri
827 1823 1000 1853 nobilitate
1018 1821 1137 1861 placet.
1157 1821 1180 1858 l)

416 1882 482 1910 ,trs
500 1885 589 1907 'ioca
607 1873 774 1907 scribendi
795 1873 841 1910 tn)
865 1871 1002 1911 speciali
1021 1870 1126 1909 fulget
1145 1870 1273 1900 honore
1290 1892 1299 1906 ,

435 1929 542 1960 Rebus
560 1934 635 1958 cum
651 1924 758 1955 verbis
779 1922 937 1953 deliciosa
958 1924 1039 1952 suis.

417 1979 511 2017 Quod
527 1978 620 2017 pueri
641 1978 754 2015 potent
773 1972 833 2003 tibi
851 1972 1050 2003 doctrinale
1070 1970 1105 2007 n)
1123 1970 1279 2009 propinat

479 2161 511 2187 a)
539 2149 704 2180 Etlieoclis
734 2152 763 2178 et
795 2146 976 2184 Polynicis,
1007 2146 1040 2175 in
1068 2143 1176 2175 Statii
1201 2143 1267 2171 Xll.
1287 2141 1380 2172 libris

421 2198 618 2231 thebaidos.

481 2247 516 2286 b)
544 2247 732 2285 Philippus
771 2244 963 2275 Gualterus
992 2244 1135 2280 scriptor
1162 2243 1198 2272 Χ.
1226 2239 1385 2270 librorum

422 2296 692 2329 Alexandr-eidos.

483 2349 514 2383 c')
537 2345 760 2376 claudianus
778 2342 870 2374 libris
893 2341 1023 2373 duobus
1044 2341 1076 2370 in
1096 2340 1266 2374 ltuiinum,
1288 2342 1317 2368 ct
1345 2337 1385 2368 li-

432 2399 499 2428 bris
516 2398 573 2426 lli.
590 2398 622 2426 in
645 2394 692 2424 Η.
716 2393 885 2423 stiliconis
902 2395 1081 2428 utrumque
1098 2387 1325 2419 consulatum.

480 2446 514 2482 dstv
530 2443 674 2484 Josrpht'
693 2441 812 2473 Iscam'
829 2442 868 2471 de
887 2439 970 2471 bellu
986 2440 1127 2478 TrOJano
1147 2438 1221 2468 libri
1241 2438 1290 2467 Vl.
1309 2437 1390 2467 scri-

422 2498 466 2535 μί
484 2495 574 2527 culto
603 2494 738 2524 heroico
757 2492 919 2528 carmine,
946 2493 978 2520 et
997 2489 1059 2520 sul)
1088 2486 1233 2519 Daretis
1253 2485 1301 2516 vel
1325 2484 1386 2516 sub

423 2544 580 2575 l'orneli't'
595 2542 743 2582 Nepotis
759 2539 958 2571 Nominibus
979 2538 1059 2569 salso
1073 2538 1222 2577 jactacti.

480 2603 510 2625 er
530 2593 608 2625 Vide
633 2592 718 2623 infra
738 2593 772 2622 in
787 2590 946 2621 Sidonio.

482 2647 495 2675 l
524 2645 550 2674 1,·
558 2643 724 2673 untherns
742 2642 842 2671 Poeta
859 2639 898 2670 dc
911 2641 1004 2679 cujus
1019 2641 1169 2678 poemate
1184 2635 1384 2675 Solymario

422 2695 527 2725 adhue
547 2694 686 2724 ineditio
705 2691 803 2728 intra,
822 2693 855 2721 in
878 2689 1071 2722 Gunthero.

482 2750 500 2779 ιζ
530 2741 645 2771 ,ttricri'
665 2740 782 2769 ovidio
799 2737 922 2769 laudati
938 2745 1054 2776 poema
1071 2736 1110 2767 de
1128 2734 1239 2766 herbis
1255 2733 1383 2774 pridem

428 2789 608 2827 intercidit,
625 2788 680 2820 sed
705 2788 746 2819 ab
771 2786 960 2818 Eberhardo
985 2787 1162 2825 respicitur
1186 2791 1301 2823 poema
1321 2783 1384 2813 hu—

419 2843 470 2880 jus
488 2841 674 2872 arcumenti
699 2850 705 2863 ι
723 2839 787 2868 uod
804 2839 935 2876 saepius
954 2835 1078 2875 prodiit
1094 2834 1155 2864 sub
1177 2833 1297 2864 AEmilii
1316 2834 1382 2864 Ma·

424 2892 469 2920 cri
489 2891 634 2920 nornine.
653 2887 733 2918 Vide
749 2887 989 2918 Bibliothecam
1006 2886 1159 2915 Latinam
1177 2885 1229 2914 lv.
1247 2882 1295 2913 12.
1313 2882 1344 2914 7.

484 2938 517 2976 li)
537 2937 764 2968 Jlarhodeum
784 2937 909 2973 innuit,
936 2937 1030 2974 cnjus
1049 2933 1089 2964 de
1108 2934 1250 2972 gemmis
1269 2940 1386 2972 poema

428 2986 540 3016 itidem
558 2987 748 3025 frequenter
766 2984 848 3016 vidit
868 2985 985 3015 lucem.

487 3038 508 3073 i„
532 3039 575 3066 De
599 3036 705 3066 Alani
729 3035 769 3065 ab
797 3035 917 3065 insulis
941 3036 1010 3065 anti
1039 3033 1224 3064 Claudiano
1258 3031 1386 3064 dictum

431 3090 508 3116 torn.
534 3084 545 3114 1
572 3094 646 3125 pag.
668 3085 720 3115 ot.

488 3134 521 3172 k)
542 3135 757 3164 Prudentius
785 3135 818 3164 in
841 3132 1117 3171 psychomachia.

490 3182 512 3217 1)
535 3183 651 3212 Tobios
676 3182 830 3213 ,tlaertthai'
855 3181 1123 3214 vindocinensis.

492 3231 536 3265 ω’)
563 3231 731 3267 (invisi-edi
756 3233 881 3271 poi'etria
906 3239 1003 3261 nova.

497 3288 513 3307 n
557 3281 754 3310 ,litui-under
788 3283 829 3311 de
865 3281 949 3310 silla
976 3281 1060 3318 lini,
1087 3280 1125 3310 tlt·
1153 3283 1246 3320 eujus
1270 3279 1389 3310 doctri-

438 3328 502 3356 nali
527 3336 622 3365 snpra
647 3334 724 3360 tom.
752 3331 762 3360 1
796 3340 826 3368 p.
852 3330 904 3361 ⁸33.
931 3339 997 3367 seq.

1166 213 1671 251 tilissitnsxttbus

1458 281 1576 312 Prisci·
1599 282 1757 313 doctoris
1780 283 1816 323 o)
1838 283 1975 315 utiliora
1995 283 2085 323 legit.

1441 331 1667 362 Graecismus
1681 330 1716 372 p)
1726 333 1857 371 recitat,
1871 334 1997 372 peperit
2007 340 2088 372 quas
2104 330 2241 362 Graecia
2253 337 2362 362 voces.

1458 384 1546 419 Quas
1560 382 1693 412 Latium
1717 382 1796 419 (lat,
1819 389 1903 421 quac
1926 382 2115 421 significata
2133 381 2252 412 lerant.

1439 433 1476 462 ili
1501 435 1565 462 tres
1580 432 1790 470 conjungunt
1805 439 1862 470 per
1878 438 1912 463 se
1930 431 2156 463 modulamina
2173 431 2272 462 metri

1460 481 1528 511 Tali
1542 480 1685 512 lectores
1700 479 1879 512 alliciendo
1894 482 2007 513 modo.

1440 530 1601 562 Fontibus
1617 538 1656 561 ex
1670 531 1773 562 sacris
1790 530 1924 568 haurit,
1941 531 2000 570 qui
2018 531 2173 571 dogmata
2188 528 2298 561 tundit

1459 582 1637 610 PROSPElt
1653 578 1828 611 doctrinae
1847 580 2065 619 prosperitate
2081 580 2190 620 sapit,

1439 629 1608 661 scribendi
1628 631 1715 669 regit
1732 633 1802 660 arte
1820 630 1941 669 stylum
1955 652 1965 667 ,
1982 629 2165 666 RUFOQUE
2182 631 2326 668 negante
2341 627 2379 667 q)

1459 679 1602 710 Laudem
1617 681 1835 710 MATTHAEUS
1850 678 2081 711 vindocicnsls
2105 678 2204 710 habet

1441 731 1634 766 enumerat,
1650 729 1782 768 probat,
1797 727 2314 768 eximiuslilieraequivocoram
2327 751 2336 767 ,
2350 728 2379 765 r)

1461 781 1571 810 Dictio
1589 783 1671 818 quot
1685 781 1718 809 ln
1738 786 1772 809 se
1785 778 1975 817 significata
1994 780 2100 817 gerat.

1441 828 1543 860 Felici
1567 827 1736 859 scribente
1755 827 1840 867 stylo
1855 826 1997 857 FELlCE
2011 827 2188 857 CAPELLA

1463 877 1563 908 Nubit
1580 878 1743 908 Mercurio
1762 876 1944 916 philologia
1962 877 2054 907 ΠΕΟ.

1442 929 1569 959 Eximia
1587 929 1719 958 ratione
1736 926 1813 957 beat
1827 926 2025 957 BOETtilUS
2040 948 2051 964 ,
2070 928 2108 956 ut
2123 924 2178 957 det

1461 978 1610 1010 Solamen
1629 978 1751 1008 misero
1768 975 1981 1016 philosophia
1995 976 2081 1007 viro.

1442 1031 1633 1059 Tractatum
1648 1026 1761 1058 titulos
1778 1025 1883 1058 laudis
1895 1027 2126 1058 BERNARDUS
2138 1025 2168 1066 s)
2182 1025 2364 1058 habentem

1463 1080 1508 1108 De
1525 1077 1658 1114 gemina
1679 1075 1795 1107 mundi
1810 1077 1994 1115 partitione
2009 1075 2117 1107 (locet.

1442 1128 1579 1157 Naturas
1601 1126 1868 1156 t’llYSlOLOGUS
1884 1124 1911 1162 t)
1929 1123 2127 1165 exponendo
2149 1124 2296 1157 serarum

1464 1175 1682 1214 Quarundam
1701 1182 1788 1214 quae
1803 1175 1846 1205 sit
1863 1174 2023 1214 allegoria
2039 1174 2148 1207 docet.

1443 1228 1599 1257 llortatur
1613 1226 1749 1264 propria
1765 1233 1823 1264 per
1833 1226 1957 1264 scripta
1974 1225 2216 1257 PARACLITUS
2223 1225 2260 1265 u)
2271 1232 2387 1257 omnes

1463 1277 1656 1306 Peccantcs.
1671 1276 1812 1305 veniam
1828 1276 1937 1314 gratia
1953 1273 2057 1306 donat
2075 1275 2135 1306 eis.

1444 1326 1506 1355 Per
1522 1328 1568 1354 tot
1587 1332 1743 1363 personas
1759 1323 1825 1354 duo
1842 1327 2042 1356 testamenta
2061 1323 2183 1363 figurat

1466 1375 1642 1404 Stnoxltsss
1658 1373 1709 1411 Ὗ)
1726 1373 1832 1405 ,iudex
1849 1373 2063 1414 philosophia
2077 1373 2180 1406 sedet.

1449 1428 1554 1461 Quam
1573 1423 1682 1462 plures
1699 1423 1757 1455 alii
1773 1426 1869 1455 metri
1884 1423 2063 1456 dulcedine
2080 1423 2226 1464 quadarn

1466 1476 1560 1505 nocti
1581 1482 1615 1505 se
1633 1473 1694 1512 legi
1713 1481 1917 1513 supposuere
1935 1481 2043 1505 meae.

1446 1527 1510 1555 llos
1528 1529 1621 1555 taceo
1641 1549 1648 1561 ,
1665 1532 1748 1563 qnos
1768 1523 1855 1554 sama
1874 1527 1962 1554 tacet
1980 1548 1989 1560 ,
2008 1528 2075 1556 etc.

1505 1618 1853 1663 ElllilillAltliUS,
1878 1619 1964 1656 sivo
1988 1617 2307 1658 EBIRHARDUS
2326 1619 2404 1657 Μο-

1455 1680 1607 1718 nachus
1629 1678 1857 1728 Fuldensis,
1882 1678 2000 1730 cujus
2023 1678 2257 1719 Summaria
2279 1679 2404 1718 tradi-

1453 1741 1600 1779 tionum
1626 1740 1881 1780 Fuldensium
1903 1771 1910 1790 ‚
1935 1742 2021 1780 sive
2058 1740 2312 1780 donationum
2337 1752 2405 1780 ve-

1451 1807 1579 1841 lerum
1603 1805 1642 1842 S.
1668 1802 1870 1855 Bom'facz'o
1893 1802 2116 1854 Ieyatarum
2133 1835 2145 1852 ,
2167 1807 2329 1842 exstant
2365 1804 2403 1841 in

1454 1867 1496 1903 V.
1520 1866 1563 1904 C.
1588 1866 1752 1904 ,loannis
1777 1865 1963 1905 Friderici
2002 1865 2205 1905 Schannat
2241 1876 2403 1917 corpore

1452 1927 1707 1966 traditionum
1727 1927 1984 1967 Fuldcnsium
2009 1939 2094 1979 pag.
2115 1927 2304 1968 280-346.

1503 1990 1842 2028 EBERHARDUS
1863 1989 2087 2040 Presbyter,
2112 1991 2181 2040 qui
2205 2001 2255 2028 ex
2280 1989 2404 2030 Chro-

1451 2054 1537 2089 nico
1559 2052 1694 2090 Latino
1711 2051 2089 2090 Gandersheimensi
2113 2051 2290 2102 antiquo,
2316 2063 2406 2092 ver-

1451 2114 1562 2151 sibus
1586 2114 1792 2151 saxonicis
1820 2115 1922 2151 circa
1960 2113 2035 2150 An.
2060 2113 2162 2152 lete
2191 2112 2404 2165 descripsit

1450 2174 1719 2226 fundationem
1749 2178 1787 2212 et
1808 2174 2049 2212 incrementa
2071 2173 2274 2214 Ecclesiae
2299 2175 2404 2214 Gan-

1453 2235 1758 2274 ‹lersheimense's
1784 2246 1911 2286 usque
1935 2235 1982 2275 ad
2009 2237 2164 2276 ilenrici
2191 2237 2249 2287 ll,
2274 2239 2403 2276 sancti

1456 2298 1706 2347 imperatoris
1727 2301 1903 2347 tempora
1923 2297 1995 2336 An.
2019 2298 2134 2338 4002.
2159 2298 2295 2338 Edidit
2319 2300 2404 2338 Lei-

1454 2359 1603 2397 bnitius
1627 2363 1720 2396 toni.
1742 2360 1763 2397 3
1785 2359 2025 2409 scriptorum
2045 2361 2404 2399 Brunsvicensium

1458 2432 1544 2470 pag.
1572 2421 1659 2459 isit).

1508 2482 1841 2521 EBERIIARDUS
1863 2481 2102 2523 Maz'narctus
2115 2514 2127 2534 ‚
2152 2484 2408 2537 Moguntinus

1505 2632 1539 2670 o)
1564 2633 1699 2664 utiliora
1723 2640 1823 2672 quam
1845 2634 2026 2665 Prisciani.

1506 2682 1541 2722 p)
1574 2682 1819 2713 Graectsmum
1847 2691 1944 2714 suum
1965 2682 2183 2716 Eberhardue
2207 2685 2415 2718 Bethunien·

1445 2734 1490 2763 sis
1512 2734 1671 2772 respicit,
1693 2732 1817 2771 dequo
1839 2740 1939 2772 supra
1962 2740 2037 2771 pag.
2060 2731 2136 2766 218.

1505 2782 1540 2820 q)
1563 2782 1676 2812 Glossa
1700 2783 1762 2812 MS.
1789 2780 2077 2814 MATTHAEUS
2092 2781 2267 2815 describit
2291 2788 2419 2817 contra

1445 2831 1605 2863 RUFUM
1632 2831 1833 2863 Curiatium
1855 2831 2040 2862 doctrinas
2054 2855 2066 2871 ,
2091 2836 2126 2864 et
2143 2830 2279 2866 obtinet
2300 2835 2421 2868 victo·

1448 2881 1524 2911 rias
1552 2885 1582 2911 et
1601 2881 1725 2913 laudes
1748 2884 1883 2911 contra
1899 2881 2038 2920 ipsum.

1509 2931 1538 2969 r)
1562 2929 1718 2962 Joannis
1743 2929 1784 2960 de
1809 2929 2074 2963 Garianvaria.

1508 2980 1537 3019 s)
1562 2980 1772 3011 Bernardus
1801 2979 2003 3020 sylvester,
2027 2980 2067 3012 de
2091 2988 2159 3020 quo
2185 2985 2266 3015 torn.
2301 2982 2315 3013 1
2342 2991 2419 3024 pag.

1449 3029 1521 3061 2l7.

1511 3080 1547 3118 t)
1575 3078 1762 3111 ‘theobaldi
1798 3079 1956 3119 Episcopi
1992 3078 2034 3111 de
2070 3081 2200 3112 naturis
2234 3080 2414 3115 duodecim

1450 3130 1665 3161 animalium.

1513 3182 1547 3217 u)
1573 3180 1651 3211 vide
1675 3179 1762 3211 infra
1779 3203 1790 3218 ,
1820 3176 2043 3210 paraclitus.

1512 3230 1546 3268 v)
1568 3229 1736 3261 Sidonius
1761 3229 1896 3264 Poeta,
1934 3227 1975 3258 de
2012 3227 2146 3259 daubus
2189 3230 2415 3262 testamentis

1455 3279 1552 3310 ,Vnum
1575 3282 1608 3309 et
1638 3278 1749 3311 Veteri
1770 3284 1834 3316 per
1855 3275 1946 3305 ‹laas
1967 3284 2142 3315 personas
2159 3301 2170 3316 ‚
2195 3278 2333 3312 scilicet
2357 3281 2416 3312 Ju-

1454 3329 1580 3358 dueum
1603 3328 1633 3358 el
1659 3327 1903 3358 Wirt'slianam
1930 3325 2089 3366 scripsit.
2117 3327 2230 3359 Glossa
2256 3330 2316 3362 MS.
