2500 3841
997 228 1277 269 CELSUS

142 294 228 346 yelo
253 295 363 335 Celso
389 296 522 344 JCtis,
546 300 586 333 et
610 296 658 335 de
686 296 790 336 Mino
816 298 953 348 Celso,
979 299 1095 351 cujus

143 357 286 397 librum
309 358 358 397 de
382 359 591 398 haereticis
613 361 768 410 capitali
799 363 988 413 supplicio
1018 374 1095 401 non

140 419 357 460 afficiendis
380 421 597 470 habemUS,
621 421 670 460 de
694 434 771 472 quo
803 423 883 462 dixi
922 426 958 462 in
998 425 1095 463 libro

138 482 188 521 de
214 483 479 535 Evangelicae
508 484 608 523 lucis
636 487 914 536 propagatione
938 498 974 537 p.
1004 487 1092 526 505.

191 544 214 568 *
232 546 338 585 Celsi
358 546 476 585 huius
496 546 622 585 habeo
640 558 835 587 excusum
856 549 1093 599 opusculum

139 607 213 647 hoc
235 609 353 647 titulo
372 610 663 648 Monumentum
683 610 999 662 compendiosum
1018 623 1092 663 pro

135 670 447 723 confessio-nibus
467 672 746 712 Carclinalium
769 673 1092 726 reliquorumque

136 732 431 773 Praelalorum.
451 735 596 774 Prodiit
618 734 690 774 An.
718 735 820 775 4478
845 737 994 787 absque
1017 737 1091 776 loci

136 795 405 847 adscriptione
430 798 468 835 in
495 798 528 835 4.
554 799 650 836 item
672 799 817 838 Romae
843 800 937 839 4494
962 829 970 847 ,
996 802 1032 839 4.

186 857 401 906 CELSUS,
425 862 494 910 qui
531 871 573 898 se
610 860 818 911 profitetur
855 863 1087 912 scriptorem

130 919 249 959 libelli
270 921 318 960 de
333 922 354 959 J
359 921 497 960 udaica
515 922 803 961 incredulitate.
818 923 914 962 Vide
928 924 1084 962 Roberti

128 982 220 1021 Coci
244 994 455 1022 censuram
478 985 716 1034 scriptorum
738 990 922 1025 veterum
939 998 975 1036 p.
996 987 1082 1026 452.

181 1044 397 1085 CENCIUS
420 1044 466 1084 de
486 1044 681 1097 Sabellis,
712 1047 931 1087 Cardinalis
953 1052 993 1086 et
1016 1059 1084 1098 po-

128 1111 213 1146 stea
240 1107 492 1147 HONORIUS
521 1110 585 1147 Ill.
617 1110 718 1160 Papa
747 1110 795 1148 ab
824 1108 938 1148 Anno
965 1111 1080 1150 4246.

126 1169 188 1220 48.
208 1170 300 1208 Julii
323 1171 372 1209 ad
398 1170 513 1211 4227.
545 1173 607 1211 48.
630 1173 768 1211 Martii.
795 1173 961 1223 Scripsit
985 1184 1081 1211 non—

125 1230 222 1269 dum
240 1233 418 1271 Pontifex
439 1234 727 1274 Caerz'mom'ale
739 1235 1079 1285 Romanum,quod

123 1293 296 1343 primum
313 1295 495 1346 vulgavit
510 1297 756 1335 Mabillonius
780 1301 886 1335 tomo
903 1297 937 1335 ΙΙ
955 1298 1080 1336 Musei

122 1355 247 1393 Italici
270 1367 356 1407 pag.
383 1357 471 1396 467.
502 1359 593 1398 220.
621 1357 787 1398 Librum
815 1369 1003 1397 censuum
1030 1359 1080 1397 de

123 1415 309 1456 omnibus
328 1419 438 1457 Rom.
452 1421 657 1460 Ecclesiae
681 1421 874 1460 reditibus
894 1425 934 1459 et
956 1422 1080 1460 vecti-

123 1479 278 1530 galibus
299 1481 437 1520 habuit
460 1484 679 1532 Baronius,
703 1485 771 1534 qui
794 1483 1078 1535 praefationem

122 1541 245 1581 edidit
275 1543 325 1582 ad
347 1543 509 1584 Annum
549 1547 665 1586 4492.
703 1558 811 1586 num.
837 1547 898 1585 49.
932 1546 1077 1585 Habuit

118 1605 237 1644 etiam
253 1606 463 1656 Onufrius,
481 1612 526 1647 ut
543 1620 593 1647 ex
611 1620 752 1660 magno
767 1608 854 1659 ejus
870 1609 1074 1648 ritualium

117 1672 301 1708 veterum
325 1681 443 1720 opere
458 1702 469 1719 ,
493 1671 571 1710 MS.
596 1672 634 1709 in
658 1671 899 1710 Bibliotheca
921 1672 1075 1711 Vatica-

118 1741 192 1781 na,
217 1733 371 1770 notavit
394 1734 536 1783 Pagius
560 1734 609 1772 ad
632 1733 708 1773 An.
733 1737 747 1774 4
763 1735 848 1774 492.
874 1747 982 1774 num.
1009 1735 1074 1774 42.

118 1803 167 1831 ex
191 1804 268 1843 quo
287 1798 444 1833 constat
466 1796 633 1845 singulis
656 1798 776 1835 etiam
800 1808 822 1835 a
845 1797 989 1837 Cencio
1004 1796 1073 1835 ad-

118 1854 199 1894 dita
222 1856 378 1906 publica
401 1856 656 1896 documenta.

169 1916 192 1940 ³¹⁶
208 1918 323 1957 Liber
336 1919 400 1957 ille
425 1919 631 1959 Censuum
649 1921 687 1959 S.
703 1921 746 1959 R.
765 1921 810 1959 E.
829 1933 949 1971 quem
969 1923 1071 1962 Cen-

116 1981 203 2018 cius
218 1981 294 2019 iste
309 1980 474 2032 digessit
487 1981 568 2031 jam
584 1983 747 2021 tandem
764 1984 918 2034 prodiit,
934 1996 1073 2034 quam-

116 2053 236 2092 quam
261 2053 341 2080 non
364 2044 450 2081 sine
472 2045 841 2095 interpolationibus
871 2057 942 2085 seu
962 2046 1071 2085 addi-

115 2105 306 2143 tamentis
331 2116 354 2143 a
375 2107 659 2156 posterioribus
683 2108 856 2146 inductis
873 2119 991 2158 opera
1012 2108 1070 2148 CI.

117 2168 318 2206 Muratorii
331 2169 371 2206 in
386 2172 482 2207 tom.
498 2169 542 2208 V.
559 2168 717 2207 dissert.
744 2169 858 2208 Medii
871 2169 969 2208 Aevi
984 2181 1070 2220 pag.

116 2230 206 2269 854.
228 2230 316 2268 908.
339 2230 531 2269 Eiusdem
559 2232 679 2270 etiam
706 2232 887 2282 opusculi
916 2232 1072 2271 MStum

117 2291 212 2333 Cod.
236 2292 499 2332 Chartaceum
525 2293 634 2332 Saec.
659 2295 731 2333 XV
755 2298 901 2333 servat.
933 2294 1074 2333 Biblio-

115 2355 233 2394 theca
255 2356 485 2396 Canonicor.
499 2357 631 2395 Maior.
647 2356 849 2395 Ecclesiae
866 2358 1070 2405 Lucensis,

118 2427 169 2455 ex
197 2427 275 2466 quo
313 2417 477 2456 lacunas
500 2419 540 2455 in
563 2417 668 2456 edito
690 2418 890 2456 Muratorii
918 2418 1075 2457 relictas

118 2478 282 2529 implere
311 2479 416 2517 licet.

173 2539 384 2580 conradus
413 2540 630 2588 CELTES,
653 2541 727 2579 alio
747 2542 906 2579 nomine
930 2542 1074 2579 Protu-

119 2602 204 2643 cius
223 2606 264 2641 et
285 2601 459 2652 Meissel,
485 2603 807 2651 Swinfurtensis,
832 2602 971 2640 eadem
995 2613 1074 2652 qua

117 2667 336 2717 Imperator
354 2665 646 2704 Maximilianus
669 2664 731 2703 die
755 2665 817 2704 22.
843 2665 970 2702 Martii
993 2664 1075 2702 An-

119 2739 170 2766 no
195 2727 310 2767 ⁴459.
334 2731 479 2774 natus,
503 2737 623 2776 quem
648 2725 888 2776 discipulum
911 2727 1074 2764 loannis

120 2789 334 2840 Dalburgi,
362 2788 546 2839 Episcopi
572 2787 902 2835 Wormatiensis,
932 2786 1076 2825 Rudol-

120 2853 189 2904 phi
212 2851 430 2903 Agricolae,
453 2850 612 2889 Marsilii
627 2850 765 2897 Ficini,
781 2849 973 2887 Johannis
989 2849 1076 2888 Cal-

121 2915 278 2968 phurnii
302 2914 542 2961 Brixiensis,
565 2912 754 2960 Guarini,
777 2910 953 2949 Beroaldi
974 2940 981 2958 ,
1007 2910 1076 2949 Sa-

118 2978 249 3017 bellici
272 2981 312 3015 et
333 2975 532 3026 Pomponii
552 2975 678 3021 Laeti,
700 2974 855 3023 ingenio
876 2976 916 3010 et
935 2971 1078 3010 doctri-

123 3052 175 3080 na
193 3040 381 3087 nobilem,
403 3037 624 3076 Fridcricus
648 3037 713 3074 lll.
730 3036 948 3085 Imperator
971 3045 1077 3073 com-

122 3102 337 3142 mendante
352 3101 547 3140 Friderico
564 3100 767 3150 Sapiente,
784 3098 964 3136 Electorc
982 3098 1073 3136 SaX.

123 3177 246 3204 manu
278 3176 351 3204 sua
372 3165 482 3203 lauro
507 3163 658 3214 po'ctica
680 3166 712 3209 a)
739 3161 894 3199 ornavit
923 3160 1077 3198 Norim-

181 3306 214 3346 a)
235 3305 354 3338 confer
381 3305 525 3337 conradi
553 3303 650 3334 Celtis
678 3301 837 3341 Daphnen
861 3300 1084 3339 Apollinarem

120 3355 280 3390 Gethardi
303 3357 414 3389 lileicri
442 3356 530 3388 notis
549 3353 750 3386 illustratam
776 3351 968 3390 editamque
994 3352 1092 3383 llam-

2049 237 2125 276 339

1168 302 1334 353 bergae,
1359 302 1463 354 quod
1493 304 1576 354 ipse
1601 303 1663 342 his
1691 304 1875 344 versibus
1905 309 2118 346 memoriae

1169 364 1374 404 hominum
1398 358 1585 405 mandare
1610 378 1689 406 non
1713 367 1933 407 dubitavit:

1180 437 1311 468 Primus
1333 445 1395 476 ego
1417 436 1554 469 titulum
1576 440 1664 477 gessi
1689 446 1880 478 nomenque
1903 440 2048 479 Poetae,

1180 487 1348 518 Caesareis
1370 487 1529 519 manibus
1548 487 1660 521 laurea
1687 496 1770 520 nexa
1786 512 1796 527 ,
1823 489 1920 521 mihi.

1167 547 1258 584 Post
1280 547 1514 586 Academias
1529 549 1612 587 XV.
1629 550 1662 597 a)
1684 560 1785 599 quae
1805 553 1903 588 tunc
1921 550 2115 590 ssorebant

1166 609 1204 646 in
1228 608 1463 657 Germania,
1489 620 1566 647 non
1591 611 1788 650 incuriose
1812 612 2028 662 lustratas,
2053 614 2116 652 In-

1164 670 1343 720 golstadii
1365 671 1488 709 bonas
1519 671 1671 710 litteras
1701 672 1834 711 docuit
1858 673 1971 713 Anno
1996 675 2111 714 4495.

1163 733 1253 771 inde
1276 733 1324 772 ab
1344 731 1417 772 An.
1444 734 1560 772 4504.
1588 734 1788 783 Viennae,
1815 736 1879 774 ubi
1905 737 2114 776 Bibliothe—

1160 806 1228 834 cae
1248 795 1465 834 Caesareae
1488 796 1712 846 praefectus
1735 797 1841 836 diem
1861 798 1954 837 obiit
1978 811 2114 850 supre-

1159 869 1270 896 mum
1304 856 1378 896 An.
1410 858 1525 896 4508.
1557 858 1592 896 4.
1623 858 1733 896 Febr.
1770 861 1977 899 Memoriae
2015 872 2110 900 suae

1156 930 1373 969 praecones
1388 923 1529 959 nactus
1544 923 1618 968 est,
1629 925 1674 959 ut
1690 923 1992 961 meruitmultos
2002 935 2111 973 prae—

1155 982 1378 1033 clarosque,
1405 983 1583 1033 inprimis
1598 984 1729 1022 virum
1747 983 1925 1030 doctum,
1951 987 2018 1035 qui
2042 987 2111 1024 So-

1154 1043 1306 1083 cz‘etate's
1328 1044 1568 1084 Lz‘tterare'ae
1586 1045 1798 1085 Rhenanae
1816 1047 1852 1096 b)
1876 1049 2034 1086 nomine
2056 1050 2112 1087 vi—

1154 1110 1235 1145 tam
1259 1106 1346 1157 ejus
1374 1107 1555 1158 praefixit
1583 1109 1837 1148 Poematibus
1861 1111 1985 1150 Celtis
2003 1142 2012 1160 ,
2042 1123 2110 1150 ex-

1153 1169 1261 1207 cusis
1282 1168 1532 1220 Argentorati
1559 1171 1687 1219 4543,
1714 1172 1748 1209 4.
1773 1173 1987 1211 Henricum
2010 1175 2109 1212 Pan—

1151 1231 1348 1270 taleonem
1371 1233 1484 1270 Parte
1510 1233 1545 1272 2.
1570 1232 1618 1272 (16
1642 1234 1744 1272 Viris
1762 1235 1991 1278 illustribus
2013 1236 2109 1276 Ger-

1152 1295 1324 1344 maniae,
1345 1294 1596 1334 Melchiorem
1619 1295 1819 1336 Adamum
1839 1298 1876 1335 in
1902 1299 1996 1337 vitis
2020 1299 2106 1337 Phi-

1151 1357 1429 1408 losophorum,
1466 1359 1627 1397 Petrum
1664 1359 1919 1399 Lambecium
1957 1365 2063 1399 tomo
2087 1363 2105 1400 Ι

1150 1420 1247 1457 Bibl.
1276 1420 1439 1459 Vindob.
1470 1432 1556 1471 pag.
1589 1422 1651 1460 34.
1684 1433 1767 1472 seq.
1801 1423 1987 1462 Vossium
2015 1436 2102 1475 pag.

1151 1483 1239 1521 644.
1265 1482 1312 1521 (16
1335 1484 1540 1521 Historicis
1561 1484 1728 1532 Latinis,
1749 1488 1789 1522 et
1809 1486 1877 1535 qui
1900 1497 1992 1536 prae
2016 1497 2104 1525 cae-

1148 1546 1244 1583 teris
1267 1545 1476 1596 diligenter
1499 1547 1537 1583 in
1562 1545 1635 1584 hoc
1659 1552 1892 1596 argumento
1916 1553 2102 1587 versatus

1146 1610 1220 1653 est,
1235 1607 1277 1645 D.
1290 1607 1491 1646 Nicolaum
1501 1608 1786 1658 Hieronymum
1801 1609 2099 1661 Gundlingium‚

1145 1667 1478 1708 Observationum
1489 1670 1728 1709 selectarum
1741 1675 1836 1709 tom.
1858 1672 1873 1710 Ι
1892 1671 2099 1711 Observat.

1143 1732 1170 1769 Ι.
1196 1730 1363 1782 ejusque
1386 1733 1642 1771 insistentem
1664 1735 1846 1784 vestigiis
1868 1735 1910 1772 B.
1941 1735 2100 1774 Hubne-

1144 1805 1235 1832 rum
1258 1798 1439 1833 nostrum
1460 1795 1651 1834 Centuria
1663 1796 1726 1835 VI.
1751 1796 2016 1836 Bibliothecae
2038 1799 2102 1836 Hi-

1145 1857 1313 1895 storicae
1330 1857 1808 1909 Hamburgensiscap.30.
1825 1859 1997 1898 Conradi
2015 1861 2102 1900 Cel-

1143 1920 1195 1957 tis
1218 1921 1454 1970 proseuticis
1479 1920 1731 1961 Carminibus
1746 1920 1794 1959 ad
1816 1921 1952 1960 divum
1970 1922 2102 1961 Fride-

1144 1982 1270 2020 ricum
1294 1984 1457 2022 tertium
1476 1995 1552 2035 pro
1573 1982 1715 2021 laurea
1735 1982 1974 2034 Apollinari,
1998 1998 2100 2035 quae

1144 2043 1268 2082 habeo
1289 2045 1395 2083 edita
1409 2045 1688 2095 Norimbergae
1709 2047 1822 2085 4500.
1840 2047 1873 2084 4.
1892 2046 2101 2097 subjicitur

1140 2105 1275 2156 fiyura
1300 2105 1409 2146 Coeli
1432 2105 1504 2144 An.
1533 2107 1650 2145 4487.
1678 2108 1739 2145 48.
1769 2107 1904 2159 Aprile
1929 2109 2029 2147 hora
2057 2112 2095 2149 5.

1144 2165 1220 2206 411¹.
1247 2166 1329 2208 42⁰.
1353 2167 1577 2219 inaequalis
1617 2170 1634 2217 (
1645 2169 1828 2220 coequalis
1853 2169 1952 2208 liora
1985 2172 2024 2211 6.
2051 2173 2068 2210 4
2077 2170 2096 2210 ’.

1145 2229 1230 2272 20⁰.
1240 2232 1256 2280 )
1267 2234 1364 2282 post
1382 2230 1588 2269 meridiem
1602 2262 1613 2280 ,
1630 2242 1705 2282 quo
1731 2235 1900 2283 tempore
1924 2231 2106 2272 bii-raea—

1147 2296 1210 2331 lus
1235 2296 1270 2331 el
1293 2292 1501 2332 laureatus
1522 2296 1581 2332 est
1597 2305 1624 2331 a
1642 2293 1818 2333 Caesare
1839 2294 1879 2332 ‘in
1898 2306 1992 2333 arce
2016 2296 2100 2334 Na-

1146 2354 1385 2406 rnberyensz'
1406 2355 1616 2395 Com'aclzls
1635 2355 1771 2405 Celtis,
1797 2360 1929 2395 erecta
1947 2369 2024 2408 per
2041 2360 2107 2396 Jo—

1148 2429 1293 2456 annem
1310 2419 1460 2456 Kanter
1479 2417 1526 2456 cle
1543 2417 1767 2468 Groninyen
1791 2419 1949 2457 Frzsz'ae
1968 2419 2107 2457 Astro-

1146 2491 1304 2517 nomum
1320 2491 1398 2530 pro
1419 2482 1510 2518 tunc
1530 2479 1885 2531 divilmpercicoris
1903 2481 2103 2519 Fre'dericz

1149 2540 1256 2578 tertii
1266 2552 1423 2591 semper
1438 2540 1619 2591 Auqasli.
1640 2543 1780 2580 Nescio
1803 2553 1852 2580 an
1879 2542 1969 2580 huic
1994 2543 2105 2580 testi—

1149 2604 1279 2640 monio
1303 2613 1500 2652 opponere
1525 2603 1583 2640 fas
1613 2604 1689 2647 sit,
1715 2614 1816 2652 quae
1846 2603 1894 2640 ab
1919 2604 2004 2641 alii's
2034 2615 2102 2654 pro

1146 2664 1260 2703 Anno
1285 2665 1400 2703 4494.
1427 2664 1700 2714 disputantur,
1728 2669 1770 2702 ut
1795 2676 1816 2702 a
1842 2666 1904 2703 W.
1931 2666 1973 2703 E.
2000 2667 2103 2704 Ten—

1147 2728 1262 2765 tzelio
1286 2727 1324 2763 in
1353 2725 1516 2776 dialogis
1541 2725 1743 2764 litterariis
1767 2726 1840 2765 An.
1868 2727 1982 2766 4693.
2014 2738 2099 2778 pag.

1149 2789 1238 2826 963.
1269 2799 1355 2837 sqq.
1380 2788 1560 2838 Diploma
1588 2788 1867 2837 Maximiliani,
1897 2800 1975 2839 qua
2004 2789 2106 2829 Celti

1142 2931 1240 2970 burgi
1263 2929 1354 2961 1615.
1376 2929 1407 2961 8.
1427 2931 1500 2969 lpse
1517 2933 1628 2961 tamen
1648 2929 1687 2961 de
1704 2929 1815 2961 laurea
1832 2930 1886 2961 illa
1903 2938 1963 2961 sua
1978 2930 2095 2962 celtes.

1173 2992 1205 3022 Si
1229 2997 1282 3021 me
1306 2997 1374 3021 non
1398 2991 1503 3029 pietas
1519 3013 1528 3029 ,
1553 2991 1683 3026 virtus,
1705 2988 1862 3022 doctrina
1884 2995 2075 3028 coronant,

1214 3040 1342 3079 Ecquid
1364 3038 1515 3079 proderit
1542 3040 1624 3071 hacc
1653 3048 1736 3071 nexa
1759 3047 1884 3071 corona
1907 3039 2017 3071 mihi?

1203 3098 1236 3137 a)
1258 3097 1438 3136 Basileam‚
1461 3099 1653 3136 Coloniam,
1673 3098 1863 3136 Erfurtum,
1887 3099 2111 3139 Friburgam‚

1144 3147 1441 3188 Gryphiswaldiam
1455 3171 1465 3186 ‚
1490 3147 1742 3186 Heidelbergam
1756 3172 1765 3186 ,
1801 3148 2006 3188 licrbipolim
2021 3173 2031 3188 ‚
2057 3151 2113 3181 ln-

1145 3199 1362 3238 golstadium,
1380 3200 1544 3238 Lipsiam‚
1569 3199 1764 3235 modicum,
1789 3200 2014 3238 moguntiam,
2031 3202 2113 3231 Pra-

1147 3258 1222 3290 gam
1237 3274 1246 3286 ‚
1269 3248 1482 3280 Rostocliiuin
1498 3271 1506 3284 ,
1530 3249 1716 3286 Tubingnni
1734 3271 1743 3285 ‚
1771 3250 1942 3280 Viennam.

1214 3299 1248 3338 b)
1272 3302 1314 3329 De
1341 3299 1402 3330 hac
1423 3301 1583 3330 societate
1603 3299 1647 3330 W.
1666 3300 1901 3330 E.Ten!zelius
1918 3301 1950 3331 in
1970 3299 2111 3340 dialogis

1155 3349 1327 3382 litterariis
1349 3352 1383 3383 Α.
1411 3348 1500 3381 1095.
1525 3358 1558 3393 p.
1582 3348 1634 3380 90.
