2500 4009
390 225 460 265 132
1109 258 1114 262 .

438 291 714 334 ARNOljit'S,
732 288 814 323 sive
834 279 1110 328 ARNOLFUS,
1128 278 1270 318 Comes
1286 275 1334 314 de

384 359 508 396 (Iliam
529 360 565 392 et
587 349 790 396 Voehburg
808 374 815 392 7
837 338 1232 387 Emmerammensis‚
1249 339 1334 376 sive

386 423 423 459 S.
465 409 771 456 Emineranimi.
806 404 1019 444 Monachus
1050 406 1089 441 et
1121 400 1333 450 Presbyter

383 483 482 519 circa
504 477 574 514 An.
613 471 707 511 1010
729 469 885 518 scripsit
920 466 1037 504 libros
1062 464 1186 513 duos,
1207 473 1332 501 unum

384 542 428 579 de
458 528 660 576 nio-aculis
682 532 725 569 Β.
741 526 1041 575 Euenor-ammi,
1076 524 1334 565 Pictaviensis

383 599 483 652 apud
507 596 636 635 Gallos
656 593 838 643 Episcopi
857 622 865 637 ,
887 589 1063 629 defuncti
1082 587 1197 627 Anno
1218 586 1294 625 652
1314 585 1335 608 *

382 668 416 699 ot
440 661 606 699 alterum
627 658 652 705 *2-
673 655 812 705 dialogi
829 664 935 691 more
950 651 996 690 cle
1014 649 1202 690 memoria
1219 646 1338 686 culto-

385 735 471 762 rum
488 722 584 772 ejus.
602 719 822 766 Utrumque
838 714 959 753 edidit
976 714 1157 753 Canisius
1175 715 1268 748 tom.
1286 710 1336 758 11,

382 797 468 836 pag.
492 784 541 821 35
557 786 596 819 et
617 790 742 818 novae
762 777 944 816 editionis
960 781 1053 813 tom.
1071 775 1121 812 Ill
1135 803 1142 822 ,
1158 784 1244 823 pag.
1264 771 1338 810 403

384 858 461 886 una
480 855 570 883 cum
590 839 767 892 Epistola
786 837 840 877 ad
856 835 1137 876 Bnrchordum
1151 832 1340 873 ,ibbatem

384 920 469 959 pag.
491 908 553 944 89.
576 905 747 944 Carmen
776 898 1022 939 acrostichon
1043 901 1080 937 in
1105 899 1229 936 vitam
1249 897 1343 934 Em-

387 968 591 1008 merannni
608 967 793 1015 scriptam
810 975 830 1001 a
846 960 1100 1012 Meginsredo,
1117 959 1240 998 edidit
1253 959 1345 996 Ber—

387 1030 534 1069 nardus
555 1030 628 1066 Pez
649 1031 753 1064 tomo
779 1025 826 1063 IV
847 1022 1139 1062 Anecdotorum
1159 1022 1272 1059 Parte
1292 1020 1344 1067 11,

388 1105 472 1144 pag.
499 1092 546 1130 37
570 1095 609 1129 et
633 1086 843 1128 Homiliam
864 1085 909 1125 cle
939 1089 1019 1123 octo
1042 1079 1347 1122 beatitudinibus

390 1168 474 1207 pag.
498 1155 557 1193 ²29.
579 1152 687 1191 Idem
714 1150 872 1188 videtur
889 1150 986 1187 viris
1007 1147 1133 1186 doctis
1157 1144 1347 1184 Arnulfus

390 1216 626 1259 Monachus,
648 1224 766 1263 quem
801 1210 1033 1259 Sigebertus
1067 1219 1151 1258 cap.
1185 1206 1259 1246 157
1295 1207 1349 1244 ait

391 1280 651 1329 excipientem
681 1275 729 1313 de
754 1270 982 1313 Proverbiis
1011 1268 1230 1309 Salomonis
1258 1279 1349 1306 con-

393 1342 656 1379 venientiores
685 1336 923 1384 sententias,
944 1338 983 1371 et
1005 1334 1176 1371 litteram
1196 1362 1204 1381 ,
1229 1336 1268 1369 et
1297 1329 1352 1368 al-

392 1404 578 1453 legoriam
599 1400 761 1438 metrico
783 1398 912 1448 lepore
942 1395 1148 1446 scripsisse
1166 1398 1205 1432 et
1225 1392 1353 1443 diges-

395 1466 517 1512 sisse⁷
556 1461 660 1513 quod
689 1458 860 1499 Arnoldo
893 1456 1251 1497 Emmerammensi
1290 1454 1353 1492 alii

398 1527 596 1571 tribuunt..
619 1533 738 1573 quem
771 1520 904 1558 itidem
936 1517 1155 1557 illustribus
1191 1515 1356 1555 Benedi-

396 1589 512 1626 ctinis
528 1582 960 1625 accensetTrithemius
976 1581 1007 1619 ll
1026 1580 1088 1618 92,
1107 1579 1170 1618 alii
1185 1577 1356 1617 Arnoldo

400 1647 640 1698 Corbejensi.

451 1709 717 1751 ARNOLDL'S
740 1704 1086 1747 Ilalberstaclensis
1108 1704 1327 1754 Episcopus
1347 1730 1355 1749 ‚

399 1773 513 1823 cujus
537 1771 754 1823 Epistolam
778 1769 826 1808 ad
862 1768 1074 1807 llenricum
1114 1766 1355 1815 Episcopum

398 1835 717 1885 llerbipolensem
737 1831 782 1869 cle
821 1829 1058 1869 institutione
1094 1826 1353 1879 Episcopatus

396 1895 695 1947 Bamberssensis
729 1895 916 1944 scriptam
947 1891 1061 1930 Anno
1095 1890 1188 1930 1011
1227 1887 1350 1927 edidit

397 1960 580 1999 Baluzius
595 1963 700 1996 tomo
715 1957 776 1995 IV.
794 1954 1132 1994 Miscellaneorum
1152 1963 1238 2002 pag.
1259 1951 1346 1988 435.

446 2020 710 2060 ARNOLDUS
727 2015 968 2056 Haldrenins
997 2016 1120 2065 patria
1147 2005 1348 2052 Vesalien-

399 2085 471 2129 sis,
493 2081 712 2130 Theologus
727 2078 968 2117 Coloniensis
989 2075 1033 2114 A.
1054 2075 1153 2114 4534
1174 2074 1285 2121 obiit⁷
1300 2073 1348 2111 de

399 2143 513 2192 eujus
545 2141 733 2180 Macrobio
762 2132 879 2178 ‘Anno
905 2138 999 2177 4:52¹
1044 2136 1147 2175 edito
1167 2166 1174 2183 ⁷
1197 2136 1276 2174 dixi
1310 2135 1348 2172 in

401 2204 636 2243 Bibliotheca
669 2203 803 2240 Latina
839 2201 889 2238 111
908 2231 916 2248 ,
951 2200 1011 2238 12.
1052 2200 1106 2237 Dc
1143 2198 1229 2236 aliis
1264 2195 1350 2246 ejus

405 2266 622 2305 Sweertius
637 2296 647 2311 ,
664 2269 702 2301 et
722 2263 946 2310 diligentius
968 2260 1144 2299 Valerius
1160 2257 1349 2297 Andreas.

456 2326 649 2366 Henrieus
664 2325 877 2364 ARNOLDI
889 2355 898 2371 ,
916 2324 1019 2361 Prior
1033 2321 1266 2360 Carthusiae
1280 2320 1352 2357 Ba-

404 2390 607 2436 sileensiS,
629 2388 784 2438 scripsit
806 2387 907 2424 circa
932 2384 1092 2422 Annum
1118 2382 1230 2421 1185.
1261 2379 1356 2418 Dia-

404 2450 530 2501 qunm
553 2449 599 2488 (le
637 2448 743 2487 modo
776 2445 1030 2499 perveniemli
1062 2443 1115 2483 ad
1138 2442 1356 2495 perfectam

406 2512 499 2550 DEI
532 2515 569 2550 et
598 2511 782 2563 proximi
817 2508 1068 2547 dilectionem.
1107 2505 1239 2545 Edidit
1266 2506 1356 2542 Ber—

406 2574 579 2612 nhardus
603 2575 675 2612 Pez
698 2578 802 2610 tomo
823 2576 934 2610 sexto
955 2568 1213 2609 Bibliothecae
1237 2565 1357 2623 Asce—

407 2638 502 2674 tieae
523 2637 839 2685 antiquo-novae.
864 2632 1096 2671 Ratisbonae
1123 2629 1222 2668 1721
1248 2628 1315 2666 8”“.

458 2698 718 2737 ARNOLDL'S
736 2727 744 2743 ,
768 2692 1115 2735 Hiltlesheimensis
1158 2692 1263 2730 Prior
1300 2691 1357 2727 in-

408 2766 510 2798 eerta
537 2759 610 2797 lide
634 2759 801 2797 traditur
819 2788 825 2805 7
843 2770 961 2807 quem
986 2759 1140 2794 constat
1163 2753 1357 2792 Abbatem

408 2821 546 2859 deinde
573 2822 692 2860 fuisse
719 2820 997 2859 Lubet-ensem.
1016 2817 1109 2857 Vide
1136 2816 1255 2863 infra,
1282 2816 1358 2853 Lu-

413 2881 594 2922 beeensis.

465 3034 476 3045 '
497 3033 574 3064 Vide
588 3033 752 3063 Labheum
770 3036 858 3063 tomo
872 3035 898 3062 11
917 3032 1139 3064 Bibliothecae
1157 3037 1262 3062 novae
1278 3031 1360 3061 MSS.

411 3090 482 3122 pag.
499 3083 571 3113 729.

465 3132 487 3170 †
506 3134 563 3163 llic
579 3136 645 3169 est,
664 3141 762 3171 quern
781 3135 968 3170 Anonymus
986 3132 1182 3163 mellicensis
1199 3140 1228 3162 c.
1241 3131 1282 3161 02
1295 3138 1366 3162 me-

411 3185 514 3209 morat
538 3181 708 3221 Dialoglus
734 3181 926 3213 collectitii
953 3185 985 3211 et
1010 3180 1206 3211 Admonicii
1223 3180 1264 3210 de
1287 3179 1365 3210 Vir-

410 3227 537 3258 tutibus
557 3231 762 3261 Sanctorum
776 3256 785 3270 ,
806 3232 865 3271 qui
885 3233 922 3261 in
945 3231 1159 3261 manasterio
1178 3231 1210 3261 S.
1230 3230 1366 3261 Emine-

414 3278 536 3355 rugnmi
555 3279 590 3308 in
618 3289 703 3318 pace
735 3281 864 3321 sepulti
892 3282 1124 3313 novissimam
1154 3277 1365 3320 exspectant

409 3331 444 3354 111
471 3333 536 3355 um.

1183 202 1579 244 ARNOLDUS

1460 274 1727 314 ARNOLDUS
1744 272 1812 322 ,tle
1835 270 2061 322 Hollandia,
2083 272 2181 311 inira
2198 302 2206 320 ,
2227 271 2273 310 de
2289 272 2363 311 Ro-

1409 335 1634 376 tcrodamis.

1460 397 1729 438 ARNOLDUS
1759 397 1900 446 Kivet,
1929 408 2072 448 supra,
2102 395 2366 436 ALBERTUS

1406 462 1444 500 K
1448 460 1524 500 ivet
1543 471 1629 512 pag.
1652 461 1692 499 41
1723 464 1785 499 est
1804 461 1911 498 enim
1934 471 2039 498 unus
2059 459 2258 510 idemque.

1458 521 1675 562 ARNOLDI
1691 520 1849 560 Lalaim·
1862 522 1871 571 (
1886 520 1934 559 de
1950 521 2108 571 Lalaing
2124 520 2133 568 )
2151 520 2366 571 Praepositi

1408 585 1446 624 S.
1469 585 1609 623 Mariae
1625 584 1840 635 Brugensis
1856 612 1864 632 ‚
1879 582 2058 633 Epistola
2081 581 2129 620 de
2146 581 2371 632 Congressu

1410 647 1662 697 Imperatoris
1685 645 1873 684 Friderici
1897 649 1939 684 et
1962 644 2091 683 Caroli
2124 642 2372 694 Burgundiae

1410 709 1530 748 Ducis
1544 708 1619 746 An.
1639 707 1740 747 1473
1761 708 1861 746 sacto
1877 704 2083 757 Augustae
2103 705 2373 752 Trevirorum,

1413 781 1491 808 non
1520 770 1658 808 Latine
1687 771 1858 820 scripta,
1883 767 1955 806 sed
1982 779 2033 806 ex
2062 766 2210 806 Gallico
2238 767 2374 806 Latine

1414 842 1530 870 versa
1550 842 1571 869 a
1590 830 1790 882 Rodolpho
1810 829 1988 881 Agricola
2008 858 2016 879 ‚
2037 828 2179 880 prodiit
2198 829 2374 868 Basileae

1417 894 1543 943 1518,
1569 893 1590 931 1
1615 896 1655 931 et
1682 903 1822 932 recusa
1845 894 1884 930 in
1911 891 2071 930 Freheri
2109 890 2375 942 Scriptoribus

1417 967 1549 995 rerum
1570 955 1895 994 Germanicarum
1914 957 2020 992 tomo
2043 954 2077 992 11
2096 982 2104 1002 ,
2127 963 2214 1004 pag.
2240 952 2330 992 302.

1470 1016 1734 1057 ARNOLDUS
1757 1014 1981 1055 Leodiensz’s
2000 1014 2159 1054 Ordinis
2173 1013 2378 1053 Praedica-

1419 1085 1490 1118 tor.
1508 1080 1671 1119 Saeculo
1684 1079 1782 1119 XlV.
1798 1077 1947 1117 Auctor
1962 1077 2048 1116 libri
2061 1075 2110 1115 de
2131 1075 2375 1114 mirabilibus

1421 1141 1583 1191 mundi,
1612 1142 1746 1180 ordine
1775 1140 2031 1191 alphabetico,
2059 1138 2156 1180 Vide
2183 1130 2374 1178 Jacobum

1419 1203 1646 1244 Echardum
1666 1208 1759 1242 tom.
1785 1204 1825 1251 Ι,
1851 1214 1937 1253 pag.
1959 1201 2049 1241 721.

1473 1265 1738 1305 ARNOLDUS
1757 1276 1806 1303 ex
1825 1264 2012 1303 Monacho
2029 1262 2235 1315 AEgidiano
2254 1263 2380 1301 Brun—

1424 1328 1619 1375 svicensi,
1641 1327 1799 1366 Ordinis
1828 1325 2097 1375 Benedictini‚
2121 1326 2274 1376 primus
2302 1323 2381 1364 Ab-

1424 1389 1494 1428 bas
1516 1387 1750 1429 Lubeeensis
1769 1388 1953 1428 Coenobii
1977 1388 2016 1428 S.
2035 1388 2177 1426 Joanni
2198 1387 2381 1437 Evange-

1426 1452 1538 1490 listae
1568 1451 1683 1490 dicati
1721 1451 1770 1490 ab
1806 1451 1972 1490 Henrico
2001 1451 2154 1498 Leone,
2184 1449 2233 1487 ab
2267 1446 2383 1487 Anno

1427 1514 1529 1554 1175
1552 1513 1600 1552 ad
1623 1513 1724 1553 1210
1745 1513 1808 1552 vel
1829 1514 1948 1552 etiam
1968 1511 2129 1551 diutius.
2150 1510 2248 1550 Vide
2265 1511 2383 1548 Joan-

1429 1576 1491 1614 nis
1510 1576 1654 1615 Molleri
1675 1575 1993 1614 dissertationem
2010 1573 2058 1612 de
2076 1571 2278 1612 Helmoldo
2293 1572 2315 1623 g
2331 1569 2382 1610 27

1430 1649 1512 1689 seq.
1537 1638 1701 1689 Scripsit
1719 1636 1995 1675 derelictorum
2007 1633 2201 1675 Helmoldi
2221 1631 2385 1685 Supple-

1428 1703 1599 1739 mentum
1627 1700 1674 1738 ab
1702 1698 1817 1738 Anno
1854 1698 1951 1738 1171
1981 1697 2032 1737 ad
2056 1697 2158 1737 1209
2189 1694 2303 1735 libris
2336 1695 2389 1735 VI

1429 1762 1478 1801 ad
1501 1762 1721 1812 Philippum
1741 1791 1748 1810 ,
1768 1760 2008 1811 Episcopum
2027 1758 2384 1809 Ratzburgensem‚

1429 1825 1495 1874 qui
1516 1823 1706 1862 llelmoldi
1730 1822 1841 1861 libris
1864 1822 2047 1861 Chronici
2066 1820 2274 1860 Slavorum
2289 1818 2386 1858 duo-

1424 1886 1499 1925 bus
1519 1886 1648 1924 solent
1675 1883 1813 1935 subjici
1831 1914 1842 1933 ‚
1865 1884 2195 1933 constituuntque
2219 1882 2258 1920 in
2284 1883 2386 1921 Ban-

1424 1949 1598 1998 gertiana
1620 1944 1772 1986 ἐκδόσει
1802 1948 1945 1986 librum
1974 1947 2026 1985 111
2049 1946 2115 1996 qui
2145 1945 2317 1996 primum
2345 1947 2386 1982 et

1424 2009 1645 2049 secundum
1669 2009 1835 2048 Arnoldi
1858 2008 2160 2059 complectitur,
2184 2011 2224 2045 et
2246 2006 2310 2045 lib.
2334 2005 2385 2044 IV

1421 2073 1454 2111 V
1476 2073 1525 2111 VI
1547 2073 1626 2111 VII.
1648 2073 1703 2110 De
1725 2071 1797 2110 hac
1823 2071 2075 2121 eaeterisque
2094 2069 2331 2108 editionibus
2345 2072 2386 2107 et

1421 2133 1780 2172 continuationibus
1805 2132 1903 2171 infra
1927 2133 1967 2170 in
1992 2131 2277 2171 HELMOLDO.

1473 2195 1738 2235 ARNOLDUS
1765 2193 1811 2233 de
1838 2192 2063 2244 Meldorpe‚
2097 2193 2262 2234 Saeculo
2291 2192 2387 2232 duo-

1425 2257 1575 2296 decimo
1596 2258 1753 2308 scripsit
1773 2257 1917 2295 librum
1940 2255 2245 2294 meditationum
2261 2259 2301 2293 et
2320 2255 2388 2293 ad—

1428 2319 1692 2358 hortationum
1716 2318 1764 2357 ad
1789 2319 1930 2357 fratres
1950 2319 1988 2356 in
2010 2318 2120 2357 varia
2139 2317 2226 2356 loca
2245 2317 2386 2355 Sacrae

1430 2382 1655 2432 scripturae
1676 2393 1745 2432 per
1765 2382 1891 2432 capita
1909 2381 2049 2421 LXVII
2063 2391 2230 2431 quorum
2250 2378 2387 2418 titulos

1428 2455 1476 2481 ex
1498 2443 1640 2483 Codice
1660 2444 1737 2482 MS.
1760 2445 1798 2482 in
1819 2442 2060 2482 Bibliotheca
2094 2441 2231 2492 templi
2258 2441 2296 2480 S.
2317 2441 2387 2479 Pe-

1430 2506 1478 2542 tri
1504 2505 1625 2555 huJus
1650 2506 1763 2545 Urbis
1787 2505 2097 2555 Hamburgensis
2112 2502 2234 2542 edidit
2252 2504 2294 2542 Β.
2320 2513 2387 2540 no-

1431 2572 1512 2605 ster
1537 2568 1812 2619 staphorstius
1836 2571 1941 2606 tomo
1964 2568 2016 2606 111
2039 2566 2230 2606 Historiae
2252 2564 2388 2604 Eccle-

1433 2631 1613 2669 siasticae
1638 2630 1947 2680 Hamburgensis
1970 2639 2057 2680 pag.
2083 2628 2160 2667 365
2180 2638 2262 2677 seq.

1484 2691 1749 2731 ARNOLDUS
1772 2690 2042 2731 Narbonensis
2064 2690 2112 2730 ab
2135 2688 2250 2733 Anno
2271 2689 2385 2729 1212.

1428 2753 1755 2806 Archiepiscopus
1772 2784 1780 2803 ,
1796 2756 1948 2805 primus
1966 2757 2103 2793 contra
2122 2752 2383 2804 Albingenses

1432 2818 1667 2868 Inquisitor,
1690 2816 1808 2868 cujus
1829 2814 2050 2868 Epistulam
2069 2814 2116 2854 de
2140 2812 2390 2855 Narbonensi

1433 2879 1664 2931 Principem
1685 2884 1821 2919 contra
1845 2879 2065 2918 molitiones
2094 2878 2257 2918 Comitis
2280 2878 2387 2916 Mon-

1432 2943 1595 2982 tisfortis
1609 2974 1620 2992 ‚
1659 2942 1847 2981 exhibent
1881 2939 2174 2980 Sammarthani
2211 2943 2316 2977 torno
2357 2939 2383 2976 l.

1432 3005 1578 3044 Galliae
1602 3004 1846 3044 Christianae
1868 3013 1954 3053 pag.
1985 3001 2061 3040 378
2088 3001 2162 3050 (ex
2199 2999 2383 3038 Guilelmi

1432 3068 1570 3106 Catelli
1592 3066 1686 3105 libro
1702 3066 1728 3103 Ι.
1747 3064 1937 3103 Historiae
1959 3063 2158 3104 Comitum
2175 3061 2385 3099 Tolosano-

1433 3142 1539 3178 rum,
1561 3128 1720 3167 Tolosae
1760 3125 1860 3164 1623
1899 3124 1986 3172 fol.)
2011 3127 2052 3161 et
2079 3134 2164 3174 pag.
2198 3120 2272 3160 379
2299 3133 2383 3173 seq.

1433 3193 1594 3231 alteram
1619 3189 1664 3228 de
1687 3186 1854 3227 victoria
1875 3184 2070 3224 adversus
2088 3185 2253 3224 Mauros
2273 3184 2384 3225 Chri-

1435 3256 1582 3293 stianos
1601 3252 1646 3291 ad
1665 3252 1791 3289 locum
1814 3248 1949 3287 [lanas
1969 3246 2014 3286 de
2033 3244 2166 3285 Tolosa
2186 3250 2383 3298 reportata

1433 3316 1545 3356 Anno
1568 3315 1665 3355 1212
1690 3312 1734 3352 17
1752 3311 1833 3350 Kal.
1853 3308 2018 3362 August.
2035 3320 2083 3348 ex
2106 3308 2254 3362 Uglielli
2272 3309 2391 3361 ltalia3
