2500 3841
950 219 1153 261 BEDAE

121 292 169 329 In
199 288 366 327 Genesin
401 300 486 339 pag.
521 289 581 326 49.
623 287 810 327 Emodum
841 301 926 342 pag.
957 291 1018 331 87.

67 351 284 392 Leviticum
305 361 392 401 pag.
414 350 502 389 424.
526 349 722 389 Numeros
744 363 830 402 pag.
863 354 949 391 439.
979 358 1020 392 et

64 411 423 460 Deuteronomium,
467 411 573 462 quod
610 413 748 451 Latine
787 413 910 453 altera
938 416 1019 453 Lex

64 486 150 526 pag.
177 475 266 514 456.

115 538 165 576 In
181 535 406 577 Samuelem
419 536 672 588 Prophetam,
689 538 774 577 sive
798 539 836 576 in
854 540 1021 589 priorem

63 599 151 651 ejus
173 600 318 639 librum
341 599 548 649 allegorica
563 601 754 650 expositio
778 600 886 639 libris
909 601 958 640 IV
982 613 1018 653 p.

63 661 151 710 467,
171 662 263 709 203,
287 661 378 707 246,
402 661 493 700 293.

113 725 163 764 In
185 721 308 763 libros
330 725 497 775 Re9um,
521 724 595 763 hoc
618 729 682 764 est
716 725 836 765 libros
857 727 1021 766 Samue-

61 787 111 826 lis
128 787 358 880 et3lgggum,
382 787 639 837 quaestiones
669 788 854 838 triginta,
878 788 976 827 liber
1003 789 1019 827 1

59 851 145 892 pag.
251 870 260 878 .

110 902 332 954 Allegorica
353 903 561 953 Expositio
598 902 639 941 in
666 903 818 942 Ezram
841 907 878 943 et
897 902 1021 943 Nehe-

57 962 200 1012 miam,
224 965 312 1015 (qui
333 968 374 1003 et
397 965 522 1004 Ezrae
539 965 758 1015 secundus)
778 965 992 1016 Prophetas
1008 993 1017 1011 ,

56 1026 166 1065 libris
207 1027 259 1065 ΙΙΙ
295 1038 383 1078 pag,
419 1027 509 1075 348,
546 1026 650 1078 375,
681 1028 757 1066 405
787 1027 828 1066 z'n
860 1025 1018 1065 Tobiam

57 1100 143 1140 pag.
175 1088 267 1128 347.

107 1150 156 1188 In
176 1148 318 1189 Jobum
341 1150 427 1189 libri
452 1152 504 1190 111
534 1151 584 1190 ad
605 1151 833 1191 Nectarium
854 1151 1018 1202 Episco-

56 1224 169 1265 pum,
193 1224 314 1263 quem
333 1217 487 1264 patrem
515 1213 792 1252 beatissimum
816 1213 1014 1263 appellat,

54 1286 142 1326 pag.
170 1273 264 1325 447,
285 1275 355 1314 544
376 1303 385 1323 ,
412 1273 489 1314 575
514 1274 589 1313 sub
612 1276 783 1325 genuino
807 1275 1014 1314 PHILIPPI

54 1337 284 1388 Presbyteri
308 1338 468 1377 nomine
493 1337 588 1376 editi
626 1337 802 1375 Basileae
835 1335 882 1376 A.
913 1335 1016 1376 4527

57 1403 177 1450 atque
200 1399 364 1450 Philippi
387 1410 477 1438 esse
501 1399 573 1438 hos
593 1399 632 1436 in
656 1399 797 1437 Jobum
815 1409 1018 1436 commen-

55 1463 196 1511 tarios,
216 1462 285 1511 qui
310 1460 384 1500 sub
400 1462 629 1512 Hieronymi
652 1462 809 1499 nomine
829 1471 852 1499 a
870 1461 1016 1499 Fausto

55 1523 241 1574 Regiensi
275 1522 508 1571 laudantur,
532 1522 652 1561 fidem
676 1522 769 1561 faclt
793 1523 876 1573 ipse
909 1521 1017 1561 Beda

51 1585 149 1624 libro
189 1584 238 1623 de
275 1585 428 1623 ratione
469 1585 690 1624 unciarum.
720 1584 818 1624 Vide
846 1585 945 1624 infra
975 1585 1014 1622 in

54 1645 250 1699 Philippo.

103 1711 234 1760 Super
254 1707 504 1758 Parabolas,
524 1708 611 1748 libri
634 1710 686 1747 ΙΙΙ
710 1720 796 1760 pag.
818 1710 907 1758 634,
925 1709 1014 1758 658,

53 1773 129 1810 698
153 1773 256 1810 inter
278 1772 513 1821 Hieronymi
532 1782 647 1821 opera
661 1782 866 1822 perperam
888 1770 994 1809 editi.

104 1834 152 1872 In
175 1832 341 1874 Cantica
361 1832 622 1872 canticorum
642 1833 727 1871 libri
744 1834 824 1871 Vll.
840 1844 1010 1883 quorum

51 1897 204 1948 primus
228 1898 291 1934 est
313 1900 452 1933 contra
482 1893 688 1932 Iulianum
707 1893 728 1916 *
748 1894 1010 1934 Celanensem

53 1958 316 2008 Episcopum,
341 1958 408 2008 qui
431 1957 728 1995 commentariis
748 1957 832 1996 suis
855 1967 1009 1995 errores

49 2020 277 2070 Pelagianos
299 2022 438 2057 contra
460 2018 635 2057 Gratiam
670 2020 771 2066 DEI,
810 2020 1009 2069 insperse-

49 2085 122 2120 rat.
148 2081 262 2119 Liber
284 2082 480 2131 septimus
503 2083 611 2119 totus
625 2084 688 2118 est
707 2092 757 2118 ex
780 2081 895 2120 dictis
912 2081 1010 2120 Gre-

45 2142 155 2194 gorii
173 2144 225 2183 M.
251 2145 355 2182 sicut
373 2143 553 2181 Paterius
575 2154 626 2181 ex
648 2141 829 2192 ejusdem
849 2145 1007 2195 scriptis

49 2206 239 2246 Catenam
259 2207 299 2243 in
318 2210 441 2245 totam
470 2206 716 2256 Scripturam
745 2206 1008 2245 concinnave-

48 2272 121 2307 rat.
145 2279 230 2319 pag.
253 2267 347 2313 744,
370 2267 461 2318 728,
483 2267 574 2315 748,
591 2266 680 2317 763,
699 2266 787 2317 786,
811 2268 899 2315 807,
917 2270 1006 2308 827.

102 2330 159 2368 De
183 2327 455 2378 tabernaculo,
480 2332 518 2367 et
536 2327 647 2368 vasis
666 2329 751 2381 ejus
769 2339 816 2368 ac
830 2329 1007 2370 vestibus

48 2391 306 2432 Sacerdotum
325 2393 412 2431 libri
435 2392 487 2431 111
507 2403 592 2443 pag.
615 2392 710 2443 838,
735 2393 832 2440 859,
853 2394 942 2431 889.

390 2489 583 2529 ΤΟΜΟ
629 2489 674 2528 V.

100 2573 149 2611 In
166 2571 409 2612 Malthaeum
431 2574 517 2612 libri
541 2574 592 2612 IV
614 2585 700 2625 pag.
719 2578 734 2615 4
750 2606 759 2626 ,
775 2576 839 2623 23,
860 2577 922 2624 45,
941 2577 1002 2614 66.

45 2637 218 2675 Joannes
246 2633 472 2674 Aventinus
507 2635 797 2675 Melanchthoni
832 2642 1005 2678 testatus

48 2698 122 2736 fuit
145 2708 188 2735 se
213 2697 251 2734 in
284 2696 361 2735 MS.
390 2697 638 2735 Passaviensi
674 2697 817 2748 legisse
846 2710 1004 2738 enarra-

48 2760 197 2797 tionem
215 2757 433 2797 Verborum
457 2758 612 2796 Coenae
633 2759 877 2807 Dominicae,
901 2773 1003 2811 quae

48 2821 89 2859 in
109 2820 226 2859 editis
249 2819 510 2858 desideratur.

99 2881 310 2934 Emposz'tio
331 2880 528 2920 Oratimu's
551 2879 777 2919 Dominicae
797 2894 881 2933 pag.
909 2885 973 2924 94.

102 2943 152 2982 Iu
172 2945 355 2983 Marcum
378 2943 465 2982 libri
484 2944 532 2982 VI
552 2955 588 2994 p.
614 2943 684 2993 92,
702 2944 789 2992 422,
806 2946 893 2993 452,
913 2947 999 2986 483.

103 3006 151 3044 In
174 3007 320 3045 Lucam
342 3005 390 3045 ad
422 3006 568 3045 Accam
607 3005 886 3056 Presbyterum
915 3020 1000 3060 pag.

6 3091 8 3096 ,
50 3068 129 3107 245
157 3066 275 3118 eujus
309 3068 487 3120 Epistola
520 3067 784 3107 adhortatoria
812 3080 895 3119 pag.
926 3071 1002 3111 243

50 3130 336 3180 praemittitur,
356 3130 442 3170 libri
465 3131 514 3171 Vl
538 3141 624 3181 pag.
649 3129 745 3178 247,
775 3130 875 3180 262,
900 3132 969 3172 304
993 3162 1003 3183 ,

53 3191 151 3242 338,
175 3191 278 3243 375,
304 3193 391 3232 445.

30 3312 34 3317 .
111 3285 124 3299 ·
144 3286 231 3368 {ide
247 3289 399 3323 vossium
423 3291 506 3324 nist.
523 3290 630 3330 Pelag-
654 3289 711 3322 lib.
730 3290 742 3320 Ι
765 3297 838 3328 cap.
859 3288 876 3321 4
899 3290 918 3329 s
939 3289 957 3322 4
975 3294 1007 3322 et

47 3342 120 3376 cap.
167 3357 177 3368 .

1977 226 2055 265 177

1145 291 1192 330 In
1201 292 1435 340 Iohannem,
1451 295 1669 344 praemisso
1683 294 1894 343 breviario,
1914 295 2055 334 distin—

1092 358 1155 393 cto
1178 355 1372 406 capitibus
1391 356 1480 394 XIV
1503 367 1588 406 pag.
1610 357 1696 395 454.
1721 356 1893 396 Thomas
1917 359 1954 396 in
1979 359 2053 397 Ca—

1093 420 1183 456 tena
1197 428 1270 456 sua
1288 418 1430 468 allegat
1452 417 1689 468 quandoque
1711 430 1733 457 e
1752 418 1874 467 Beda,
1891 431 1992 470 quae
2012 421 2050 458 in

1093 478 1209 517 editis
1237 490 1314 518 non
1343 479 1540 519 habentur
1564 510 1572 529 ,
1602 484 1642 518 et
1677 482 1921 520 conveniunt
1956 493 2049 521 cum

1092 540 1227 580 ERlCI
1256 543 1564 580 commentariis.

1145 603 1193 641 In
1209 601 1310 642 Acta
1330 602 1607 654 Apostolorum
1643 607 1837 655 expositio
1866 606 2017 646 erudita
2038 638 2048 657 ,

1093 663 1141 703 ad
1166 663 1312 704 Accam
1336 667 1593 715 Presyterum
1618 678 1653 716 p.
1685 667 1774 705 625.

1145 726 1356 777 Eaeposz'tae'o
1369 726 1415 764 de
1430 726 1654 766 nomin-ibus
1671 727 1857 778 locorum,
1877 742 2047 781 quorum

1092 789 1233 826 mentio
1256 788 1297 826 in
1320 787 1420 826 libro
1454 787 1625 827 Actuum
1660 788 1932 840 Apostolorum
1960 805 2043 843 pag.

1094 850 1181 888 665.
1207 850 1353 889 Ordine
1376 849 1643 901 Alphabetico.

1144 911 1274 961 Super
1307 911 1505 963 Epistolas
1539 912 1762 953 catholicas
1799 916 1843 953 D.
1888 915 2044 962 Jacobs,

1091 973 1435 1022 Hierosolymitani
1458 975 1658 1026 Episcopi,
1700 988 1786 1027 pag.
1819 977 1906 1025 673.
1936 979 2049 1017 Petri

1091 1035 1106 1073 l
1131 1046 1217 1085 pag.
1256 1036 1331 1074 694
1356 1040 1397 1074 et
1416 1037 1448 1074 ΙΙ
1472 1048 1559 1088 pag.
1594 1037 1618 1075 7
1624 1039 1683 1077 43.
1720 1037 1909 1078 Jokannis
1933 1042 1959 1078 l.
1997 1053 2044 1079 ex

1090 1095 1314 1148 Augustino
1338 1100 1527 1147 maxime,
1551 1111 1637 1150 pag.
1660 1100 1735 1139 727
1754 1131 1763 1148 ,
1793 1103 1825 1140 li
1848 1113 1935 1153 pag.
1966 1103 2043 1141 752

1090 1165 1130 1198 et
1154 1161 1206 1199 ΙΙΙ
1231 1172 1316 1212 pag.
1341 1160 1431 1200 754.
1454 1160 1585 1200 Judae
1608 1173 1694 1213 pag.
1725 1163 1813 1203 755.
1839 1166 2045 1215 Prologum

1089 1222 1210 1261 edidit
1233 1223 1334 1262 Guil.
1353 1224 1459 1263 Cave
1484 1225 1521 1262 in
1546 1226 1715 1264 Historia
1726 1227 1930 1265 Litteraria
1944 1228 2046 1266 Scri-

1088 1289 1247 1335 ptorum
1269 1286 1419 1324 Eccles.
1445 1286 1494 1325 ad
1516 1286 1678 1326 Annum
1703 1287 1790 1326 700.

1141 1347 1190 1385 Iu
1206 1346 1469 1400 Apocalypsin
1500 1360 1592 1388 cum
1616 1351 1775 1401 Prologo
1804 1351 1853 1390 ad
1884 1351 2044 1390 fratrem

1087 1410 1306 1449 Eusebium
1329 1410 1378 1449 de
1402 1414 1555 1461 septem
1576 1410 1662 1460 ejus
1686 1413 1899 1460 Periochis,
1916 1418 1956 1451 et
1985 1425 2046 1452 se-

1087 1475 1197 1522 ptem
1222 1472 1271 1511 ad
1294 1483 1382 1511 eam
1403 1473 1698 1523 intelligendam
1719 1475 1865 1525 regulis
1893 1475 2048 1527 Tyconz'i

1086 1546 1173 1586 pag.
1198 1533 1392 1574 764-846.
1414 1536 1526 1573 Hunc
1549 1535 1870 1586 Comentarium,
1900 1539 1938 1575 in
1962 1549 2039 1587 quo

1087 1596 1332 1636 Primasium
1353 1598 1473 1636 etiam
1497 1602 1708 1636 secututus
1745 1609 1804 1647 se,
1825 1598 1930 1637 Beda
1963 1610 2039 1636 non

1087 1659 1291 1707 diffitetur,
1316 1660 1478 1710 plurimi
1495 1660 1647 1698 faciunt
1664 1660 1847 1699 Nicolaus
1875 1661 2043 1710 Zegerus

1087 1723 1193 1760 notis
1214 1723 1254 1760 in
1274 1723 1370 1761 NOV.
1392 1724 1563 1761 Testam.
1589 1726 1630 1760 et
1651 1722 1759 1761 Rich.
1778 1723 1913 1762 Simon
1938 1726 2043 1761 tomo

1087 1785 1140 1822 III
1164 1784 1262 1823 Hist.
1283 1784 1378 1824 Crit.
1402 1785 1445 1822 N.
1470 1786 1511 1823 T.
1536 1796 1573 1834 p.
1597 1785 1685 1823 345.

1401 1882 1432 1919 T
1455 1881 1488 1919 O
1510 1883 1545 1920 M
1569 1881 1601 1920 O
1650 1882 1713 1920 VI.

1136 1969 1553 2010 Liberretractatz'onis
1570 1970 1609 2008 in
1624 1969 1745 2009 Actus
1762 1969 2037 2022 Apostolorum

1079 2044 1166 2084 pag.
1192 2035 1206 2072 4
1237 2045 1316 2083 quo
1348 2035 1387 2071 in
1424 2032 1519 2071 libro
1557 2033 1774 2083 plurimum
1803 2032 2036 2071 cruditionis

1081 2099 1121 2134 et
1153 2094 1288 2145 judicii
1311 2094 1457 2134 Bedam
1490 2099 1712 2132 monstrare
1750 2095 1902 2132 notavit
1933 2094 2035 2132 idem

1081 2158 1281 2196 Simonius
1300 2169 1386 2207 pag.
1399 2157 1486 2195 340.
1499 2156 1598 2195 adde
1614 2155 1701 2206 ejus
1720 2156 2042 2194 dissertationem

1080 2220 1129 2259 de
1153 2220 1271 2258 MStis
1304 2220 1401 2258 Novi
1425 2219 1671 2257 Testamenti
1710 2230 1796 2268 pag.
1822 2219 1870 2256 59
1896 2229 1977 2267 seq.
2003 2222 2044 2255 et

1079 2283 1242 2322 Joannis
1255 2282 1362 2320 Millii
1381 2281 1657 2332 prolegomena
1691 2280 1740 2318 ad
1778 2281 1929 2318 Novum
1970 2280 2043 2317 Te-

1081 2349 1326 2384 stamentum
1343 2344 1378 2394 g.
1397 2344 1498 2382 4022
1523 2354 1633 2393 seqq.

1133 2407 1178 2445 In
1200 2405 1373 2445 eundem
1402 2404 1576 2444 Actuum
1611 2404 1755 2443 librum
1793 2402 2040 2454 quaestiones

1080 2470 1256 2518 quinque
1280 2479 1366 2517 pag.
1392 2467 1454 2505 29.

1133 2530 1180 2567 In
1201 2527 1400 2579 Epz‘stolas
1438 2527 1558 2566 Pauli
1592 2528 1784 2578 expositio
1806 2538 1855 2565 ex
1879 2526 2036 2575 scriptis

1079 2593 1119 2630 S.
1144 2589 1358 2641 Auqustmz·
1389 2590 1572 2637 collecta,
1596 2590 1635 2634 a)
1663 2591 1699 2626 in
1736 2587 1954 2638 Epistolam
1986 2585 2035 2623 ad

1077 2654 1271 2692 Romanos
1294 2663 1380 2702 pag.
1403 2652 1464 2689 34.
1482 2651 1551 2688 inl
1573 2650 1620 2688 ad
1645 2649 1867 2688 Corinthios
1887 2660 1922 2698 p.
1944 2648 2030 2685 253.

1078 2715 1117 2752 in
1141 2715 1173 2752 II
1188 2725 1274 2765 pag.
1291 2712 1378 2750 447.
1394 2712 1442 2750 ad
1458 2712 1616 2750 Galatas
1632 2722 1716 2760 pag.
1735 2711 1775 2748 51
1792 2711 1823 2748 4.
1840 2709 1887 2747 ad
1904 2708 2033 2758 Ephe-

1077 2777 1156 2814 sios
1178 2787 1263 2825 pag.
1287 2774 1374 2812 562.
1400 2772 1449 2811 ad
1476 2772 1744 2822 Philippenses
1768 2781 1852 2820 pag.
1874 2770 1962 2807 609.
1981 2769 2029 2807 ad

1077 2837 1335 2876 colossenses
1354 2845 1440 2885 pag.
1466 2833 1553 2871 647.
1584 2832 1631 2871 ad
1658 2833 2031 2871 Thessalonicenses

1075 2899 1090 2937 Ι
1116 2909 1200 2948 pag.
1228 2896 1315 2935 673.
1342 2897 1373 2934 ll
1391 2907 1475 2946 pag.
1494 2896 1581 2933 689.
1607 2895 1655 2933 ad
1679 2894 1929 2933 Timotheum
1945 2894 1971 2931 l.
1993 2905 2029 2943 p.

1076 2959 1206 2998 697.11
1224 2970 1309 3009 pag.
1326 2957 1413 2995 738.
1430 2956 1478 2996 ad
1501 2957 1632 2995 Titum
1656 2968 1740 3008 pag.
1765 2956 1853 2995 759.
1879 2954 1926 2993 ad
1945 2954 2029 2992 Phi-

1076 3021 1271 3059 lemonem
1295 3031 1380 3070 pag.
1401 3018 1478 3057 765
1502 3022 1542 3057 ct
1561 3018 1608 3057 ad
1623 3018 1818 3057 Hebraeos
1833 3029 1917 3068 pag.
1938 3016 2026 3054 766.

1077 3081 1380 3132 Subjunguntur
1391 3081 1664 3129 Chrysostomi
1678 3080 1857 3118 homiliae
1874 3082 2027 3128 septem

1079 3155 1128 3182 ex
1152 3143 1292 3182 Aniani
1313 3143 1355 3191 b)
1376 3143 1564 3181 Versione
1578 3154 1670 3181 cum
1686 3141 1771 3191 ejus
1791 3141 1963 3191 Epistola
1980 3139 2026 3178 ad

1130 3243 1164 3282 a)
1187 3241 1378 3282 liujusmorli
1395 3244 1484 3280 Opus
1506 3249 1540 3273 se
1561 3245 1698 3273 curante
1717 3241 1935 3280 compositum
1950 3239 2033 3272 neda

1073 3295 1143 3334 ipse
1165 3295 1303 3323 testatur
1325 3291 1365 3322 ad
1391 3291 1515 3324 calcem
1537 3292 1701 3323 Biston-iae
1727 3290 1918 3330 Anglorum.

1135 3341 1168 3378 b)
1195 3344 1239 3372 De
1263 3340 1318 3372 illo
1344 3348 1441 3381 supra
1466 3349 1499 3380 p.
1520 3341 1591 3370 289.

1510 3408 1558 3445 '253
