2500 3841
614 363 1090 418 ADDENDAjffr

153 523 269 574 Piqec
309 534 388 573 seq.
427 535 478 561 ex
520 522 624 561 nous
659 525 858 574 posterius
890 526 930 561 in
958 526 1062 566 calce

101 591 132 625 t.
159 585 209 625 II
238 590 275 623 et
311 584 368 624 VI
399 584 562 624 adiectis
581 614 590 631 ‚
620 586 703 624 suis
734 585 830 624 locis
871 586 1062 638 adponere

101 647 292 686 omisisse.

153 711 242 760 Pag.
260 709 348 750 373.
365 710 691 750 J0.COLUMNA.
709 710 928 749 Consilium
943 712 1063 750 eden-

99 771 138 811 di
161 773 294 823 operis
317 772 424 812 illius
446 783 468 812 a
485 773 637 811 Joanne
657 772 854 812 Columna
883 773 1060 813 adornati

101 833 330 886 depositum
350 835 467 886 plane
489 835 614 874 fuisse
630 833 713 885 jam
733 835 825 874 olim
842 835 892 874 ab
912 836 1063 886 aliquot

100 897 218 935 annis
258 908 329 948 per
352 897 488 936 literas
510 898 633 936 Roma
656 897 706 937 ad
726 909 789 936 me
812 897 927 936 datas
947 898 1062 936 intel-

92 958 192 1008 lexi3
222 963 344 1010 atque
363 963 500 998 extare
524 961 688 1011 insuper
718 959 835 998 didici
860 961 898 998 in
919 960 1059 999 Biblio-

95 1019 214 1059 theca
241 1021 503 1060 casanatensi
527 1021 804 1060 adnotationes
825 1023 903 1061 MS.
927 1023 1056 1061 claris.

96 1083 136 1120 P.
160 1083 364 1121 Zoannelli
384 1112 393 1130 ,
417 1094 518 1133 quas
542 1083 591 1122 ad
625 1085 804 1134 praelum
831 1089 1054 1137 paraverat.

96 1145 330 1196 Importuna
353 1145 452 1184 forte
471 1147 547 1184 viri
569 1145 673 1185 docti
699 1158 806 1185 mors
829 1147 982 1186 obstitit
1005 1159 1055 1185 ne

95 1208 299 1247 communi
323 1207 570 1247 eruditorum
595 1208 791 1248 desiderio
811 1210 1038 1248 satisfieret.

149 1270 239 1320 Pag.
265 1270 354 1309 435.
377 1269 624 1310 DECTHUS.
659 1272 833 1310 Joannes
868 1272 903 1310 le
939 1273 1054 1324 Paige

95 1333 135 1370 in
155 1332 397 1372 Bibliotheca
416 1333 510 1372 Ord.
535 1334 943 1374 Praemonstratensis
966 1346 1053 1386 pag.

96 1393 186 1433 307.
206 1394 343 1434 laudat
362 1396 449 1434 eius
472 1396 682 1435 Sermones
701 1396 894 1447 plurimos
916 1399 954 1436 in
980 1399 1054 1449 Sy—

95 1456 210 1496 nodis
232 1461 273 1496 et
295 1457 489 1508 Capitulis
511 1457 690 1506 habitos,
731 1463 772 1497 et
810 1460 1055 1500 Commenta-

92 1518 177 1560 rios
199 1518 240 1558 in
261 1520 336 1558 Jus
367 1518 621 1560 Canonicum.
648 1520 757 1560 Idem
788 1522 837 1560 dc
859 1523 1054 1563 Viconen-

10 1581 18 1584 ”
92 1582 149 1620 sis
164 1583 285 1621 etiam
299 1581 489 1621 Abbatiae
504 1582 689 1622 laudibus
704 1583 904 1624 videndus
920 1587 1050 1636 [).529.

148 1645 238 1696 Pag.
269 1645 359 1684 453.
382 1645 573 1695 Discipuli
603 1656 810 1685 sermones
834 1647 882 1686 de
902 1652 1054 1699 tempo-

93 1716 137 1744 re
166 1705 242 1745 sub
265 1705 425 1744 nomine
453 1706 618 1744 Joannis
647 1706 795 1744 Herolti
825 1707 1055 1757 prodierunt

95 1768 268 1807 Norimb.
294 1768 408 1807 1492.
433 1768 497 1806 fol.

147 1832 238 1882 Pag.
270 1829 361 1869 467.
389 1830 621 1871 Dominicus
651 1831 698 1870 (le
726 1831 954 1872 Dominicis.

152 1892 174 1915 *
192 1893 309 1932 Plura
339 1892 389 1931 de
408 1893 596 1944 operibus
617 1895 792 1933 auctoris
822 1893 943 1944 hujus
967 1899 1054 1934 tum

96 1953 219 1994 manu
248 1955 408 2005 scriptis
449 1959 536 1994 tum
565 1955 684 1994 editis
720 1957 898 2007 congerit
927 1958 966 1995 P.
1005 1957 1054 1995 de

93 2018 331 2068 Augustinis
360 2018 399 2055 in
429 2028 489 2068 op.
522 2019 738 2058 vernaculo
767 2019 816 2058 de
847 2020 1056 2070 Scriptori-

95 2080 172 2118 bus
200 2079 365 2118 Venetis
395 2080 424 2118 1.
461 2092 499 2131 p.
530 2081 620 2119 413.
648 2081 711 2119 Ex
740 2092 785 2120 eo
815 2093 910 2120 vero
939 2081 1056 2120 disci-

96 2152 187 2181 mus
214 2142 453 2192 opusculum
496 2141 543 2181 de
578 2141 847 2182 cardinalium
881 2142 1054 2195 leyitima

96 2202 288 2242 erectione
327 2203 521 2254 prodiisse
564 2206 808 2257 impressum
837 2210 928 2257 post
956 2218 1053 2257 qua-

97 2270 188 2304 tuor
214 2266 368 2316 priores
395 2266 515 2305 libros
543 2268 685 2317 prioris
712 2269 934 2307 Voluminis
961 2279 1052 2319 ope-

99 2329 154 2366 ris
175 2326 220 2366 de
239 2325 458 2379 Republica
479 2327 762 2368 Ecclesiastico
781 2333 942 2368 auctore
961 2331 1059 2368 Mar-

2011 239 2079 277 mi

1130 371 1575 426 EMENDANDA

1135 539 1180 566 co
1209 528 1300 567 Ant.
1329 531 1377 569 de
1407 534 1582 573 Dominis
1613 538 1774 576 Londini
1799 543 1912 580 1617.
1937 550 1977 582 et
1998 548 2081 584 llei-

1135 588 1341 642 delbergac
1364 593 1478 632 1618.
1500 597 1709 637 Diversum
1733 612 1825 640 vero
1849 605 1896 642 ab
1927 607 1997 645 hoc
2022 617 2082 646 est

1135 653 1371 700 opusculum
1401 657 1579 695 eiusdem
1604 664 1777 700 auctoris
1806 664 1852 702 de
1881 669 2080 707 creatione

1138 711 1417 753 Cardinalium
1439 717 1492 755 ad
1521 718 1636 758 Pium
1658 722 1710 760 II.
1733 725 1948 766 Consilium
1977 732 2078 781 quod

1137 775 1173 810 in
1211 776 1287 813 MS.
1319 776 1460 816 Codice
1500 781 1708 821 Barberino
1738 796 1947 836 superesse
1981 792 2079 830 idem

1135 836 1174 873 P.
1205 835 1254 875 de
1278 836 1516 887 Augustinis
1540 845 1724 883 testatur.
1748 851 1776 884 t.
1802 849 1814 885 Ι
1840 860 1923 899 pag.
1952 852 2038 890 416.

1188 896 1308 948 *Pag.
1321 897 1410 938 473.
1422 901 1688 952 Hieronymus
1710 906 1956 950 DONATL'S.
1980 914 2078 958 Quid

1135 959 1229 998 mihi
1255 961 1390 1000 fucum
1416 963 1552 1002 fecerit
1580 966 1729 1016 ignom.
1758 970 1931 1011 Proiecto
1961 978 2080 1013 oratio

1132 1022 1197 1060 illa
1221 1024 1361 1062 Donati
1393 1024 1439 1062 ad
1471 1026 1619 1065 lulium
1661 1029 1693 1066 II
1733 1033 1891 1071 nomine
1918 1036 2082 1075 Veneto—

1130 1096 1219 1122 rum
1243 1085 1292 1123 ab
1315 1097 1361 1125 eo
1387 1088 1469 1138 ipso
1494 1090 1642 1128 Donato
1662 1091 1710 1131 ad
1735 1093 1806 1132 hoc
1832 1098 1952 1135 misso
1977 1109 1998 1136 a
2022 1110 2081 1137 se-

1129 1150 1225 1186 natu
1247 1158 1319 1187 suo
1339 1153 1401 1187 est
1421 1149 1564 1199 habita,
1589 1153 1764 1205 nihilque
1786 1157 1823 1194 in
1848 1169 1892 1196 ea
1916 1158 1964 1197 dc
1985 1160 2078 1208 loco.

1129 1210 1167 1246 in
1192 1221 1270 1259 quo
1289 1210 1394 1250 edita
1417 1217 1478 1251 est
1502 1213 1656 1264 legitur.
1677 1228 1799 1267 quare
1823 1231 1867 1258 ea
1891 1232 1992 1270 quae
2018 1222 2078 1261 hic

1127 1273 1265 1322 scripsi
1290 1273 1547 1324 imprudens.
1571 1276 1710 1316 volens
1735 1280 1992 1333 prudensque
2022 1296 2079 1321 re-

1129 1338 1267 1373 tracto.

1180 1398 1269 1448 Pag.
1288 1398 1375 1437 476.
1400 1401 1621 1440 Dorlandus
1644 1402 1690 1440 cle
1714 1403 1921 1443 miraculis
1941 1407 1980 1445 S.
2002 1408 2078 1444 An-

1127 1457 1246 1497 dreae
1268 1461 1304 1497 in
1325 1460 1433 1500 Actis
1454 1462 1686 1502 Sanctorum
1710 1469 1735 1502 t.
1758 1465 1817 1503 VI.
1844 1466 1933 1504 Julii
1957 1467 2017 1505 26.
2043 1481 2075 1517 p.

1130 1520 1220 1560 261.
1251 1522 1340 1560 286.
1364 1523 1453 1562 259.

1177 1583 1265 1633 Pag.
1292 1583 1379 1621 480.
1405 1585 1688 1633 DULCITIUS.
1710 1587 1908 1627 Tribunus
1936 1596 1975 1628 et
2008 1604 2074 1630 no-

1126 1645 1267 1693 tariuS,
1289 1644 1338 1684 ad
1358 1658 1478 1696 quem
1503 1647 1541 1685 S.
1564 1647 1775 1698 Augustini
1804 1650 1982 1701 Epistola
2020 1654 2079 1691 61.

1130 1706 1248 1755 (edit.
1289 1719 1415 1747 novae
1439 1709 1555 1758 204.)
1579 1714 1621 1748 et
1641 1710 1689 1749 ad
1709 1712 1823 1750 cuius
1844 1716 1928 1751 octo
1957 1717 2081 1763 Quae-

1127 1768 1270 1808 stiones
1288 1769 1336 1809 de
1357 1773 1477 1810 variis
1501 1773 1695 1823 capitibus
1715 1774 1966 1826 Theologicis
1981 1778 2081 1815 circu

1128 1830 1290 1871 Annum
1313 1834 1400 1873 421.
1422 1836 1652 1885 propositas,
1676 1838 1878 1886 responsio
1898 1837 2079 1884 ejusdem

1130 1893 1345 1944 Augustini
1368 1901 1498 1935 exstat
1523 1902 1549 1935 t.
1574 1898 1610 1936 6.
1631 1898 1806 1948 Operum
1831 1898 1922 1937 edit.
1948 1899 2074 1938 Anist.

1128 1967 1164 2006 p.
1191 1958 1252 1995 89.
1280 1957 1373 1996 Vide
1399 1962 1439 1996 et
1462 1958 1525 1997 lib.
1550 1960 1586 1998 2.
1609 1961 1875 1999 retractation.
1902 1971 1984 2011 cap.
2019 1963 2078 1999 59.

1136 2024 1175 2058 et
1206 2020 1268 2059 65.

1182 2082 1270 2132 Pag.
1297 2082 1385 2120 486.
1408 2081 1468 2121 Ad
1492 2083 1597 2122 hunc
1626 2084 1828 2122 Ebbonem
1855 2084 2076 2134 (Archiepi-

1127 2153 1207 2190 sc.)
1232 2143 1425 2194 Agobardi
1444 2145 1620 2195 Epistola
1640 2145 1688 2183 de
1713 2157 1782 2196 spe
1803 2150 1841 2183 et
1866 2147 2029 2183 timore.
2055 2151 2078 2181 t⁴

1125 2206 1228 2244 XIV.
1259 2206 1354 2244 Bibl.
1380 2208 1540 2245 Patrum
1559 2206 1680 2257 Lugd.
1700 2219 1736 2257 p.
1769 2208 1858 2246 320.

1178 2268 1269 2317 Pag.
1301 2267 1389 2306 487.
1418 2267 1590 2306 Delenda
1612 2272 1703 2307 nota
1733 2270 1766 2319 g)
1798 2267 1984 2308 Hosidius
2010 2271 2079 2305 (ic-

1135 2331 1175 2366 ta
1204 2333 1279 2366 etc.

924 2754 1051 2793 FlNlS
1081 2754 1198 2791 ΤΟΜΙ
1233 2754 1278 2791 ll.
