2500 4009
476 323 633 364 quoque
666 309 884 346 versionem
900 335 910 351 ‚
935 304 1157 354 elegantem
1183 305 1290 340 certe.
1306 330 1315 347 ,
1339 301 1423 339 loca

477 372 661 413 nonnulla
687 367 840 406 Arriani
870 366 1018 403 rectius
1041 375 1161 414 quam
1186 363 1421 402 Vulcanium

476 434 720 485 expressisse
745 428 896 466 notavit¹
915 425 1087 465 Jacobus
1105 425 1353 473 Gronovius,
1383 426 1420 462 in

473 495 587 545 cujus
627 492 817 535 Arriano,
857 488 1035 527 Vulcanii
1078 488 1210 526 versio
1253 487 1421 526 subinde

471 542 682 595 emendata
705 552 927 590 exhibetur.

524 618 578 655 De
602 614 697 654 bello
726 616 861 654 Veneto
899 611 1087 654 Clodiano
1115 624 1206 652 cum
1235 612 1421 651 Genuen-

471 680 580 718 sibus
600 683 711 727 gesto
731 677 804 716 An.
832 676 945 715 1377.
981 674 1101 725 Lugd.
1129 675 1230 714 1568
1255 674 1357 714 1578
1382 674 1418 711 8.

469 748 507 779 et
531 742 567 779 in
608 740 797 778 thesauro
838 739 969 778 ltaliae.
1004 738 1299 776 Burmanniano
1323 741 1416 774 tom.

472 805 514 842 V.
538 807 651 854 parte
678 802 712 840 4.

523 866 578 904 De
599 863 720 904 rebus
740 863 860 915 gyestis
883 861 934 901 ab
971 861 1166 915 Alphonso
1189 862 1219 900 Ι.
1243 861 1419 912 Neapoli-

468 934 560 967 tano
583 929 687 978 Rege
712 938 840 976 usque
864 925 912 964 ad
937 925 1088 964 obitum
1114 924 1259 964 Nicolai
1281 925 1323 962 V.
1352 926 1419 962 Pa-

469 1002 540 1042 pae
579 990 653 1028 An.
691 988 803 1028 1455.
839 987 1213 1026 commentariorum
1249 985 1345 1025 libri
1375 986 1416 1025 X.

468 1051 561 1090 editi
586 1063 605 1090 a
627 1052 685 1089 .lo.
723 1050 909 1089 Micliaissle
935 1051 1056 1088 Bruto
1094 1048 1214 1099 Lugd.
1240 1049 1355 1088 4560.
1383 1049 1417 1087 4.

471 1115 679 1163 recusique
696 1113 770 1150 An.
788 1112 903 1151 1569..
925 1112 1038 1150 1566.
1057 1116 1203 1150 etcum
1220 1111 1420 1150 Guicciar-

469 1175 560 1213 dino
581 1186 650 1225 per
675 1174 852 1213 Coelium
878 1173 1102 1212 secundum
1120 1173 1332 1212 Curionem
1351 1174 1422 1211 La-

467 1238 548 1274 tine
574 1247 713 1284 vchO,
738 1236 912 1274 Basileac
949 1236 1064 1275 1566.
1098 1236 1160 1274 fol.
1186 1240 1225 1274 et
1251 1236 1287 1273 in
1313 1239 1419 1273 tomo

468 1309 568 1337 nono
599 1298 745 1337 laudati
769 1298 943 1337 thesauri
970 1303 1080 1349 parte
1103 1299 1219 1337 tertia
1239 1302 1331 1336 ante
1359 1298 1416 1335 Jo.

465 1362 619 1400 Joviani
664 1362 827 1399 l‘ontani
865 1360 1067 1399 historiam
1107 1360 1418 1410 Neapolitanam.

465 1423 626 1474 Septem
644 1424 792 1473 priores
817 1422 901 1461 libri
919 1424 1036 1461 etiam
1059 1433 1080 1461 a
1102 1423 1310 1461 Francisco
1330 1421 1418 1460 Phi-

465 1485 603 1536 lopono
624 1485 717 1523 editi
738 1486 921 1524 Mantuae
945 1485 1058 1524 1563.
1078 1485 1113 1524 4.
1132 1490 1174 1524 ut
1191 1485 1415 1523 versionem

465 1548 639 1587 Italicam
663 1537 850 1586 librorum
883 1547 1019 1586 decem
1045 1559 1066 1586 a
1100 1547 1243 1586 ,lacobo
1281 1549 1416 1586 Mauro

465 1610 601 1648 Venet.
620 1610 750 1648 Gioliti
778 1611 892 1649 1580.
914 1610 948 1648 4.
977 1614 1235 1660 praeteream.
1270 1609 1416 1648 Confer

464 1674 543 1712 Jac.
575 1672 771 1711 Gaddium
796 1672 844 1710 de
875 1673 1135 1723 scriptoribus
1164 1683 1241 1710 non
1278 1672 1414 1711 Eccle-

464 1736 636 1774 siasticis
669 1739 696 1771 t.
719 1736 732 1773 1
763 1765 769 1782 ,
794 1746 831 1784 p.
858 1735 947 1773 183.
972 1746 1054 1784 seq.
1080 1735 1254 1773 Diarium
1283 1733 1414 1772 erudi-

463 1803 593 1836 torum
637 1797 769 1835 ltaliae
803 1801 897 1835 tom.
922 1798 1001 1845 XI,
1026 1808 1113 1847 pag.
1140 1797 1228 1836 190.
1252 1800 1292 1834 et
1329 1796 1413 1834 Nis-

462 1861 591 1898 seroni
619 1860 829 1897 memorias
851 1859 1031 1897 Virorum
1058 1860 1272 1898 illustrium
1290 1886 1299 1903 ,
1323 1858 1412 1897 Gal·

461 1922 533 1961 lice
557 1921 683 1961 editas
710 1926 803 1960 tom.
828 1923 920 1961 XXl
940 1951 949 1968 ,
974 1933 1059 1973 pag.
1083 1921 1172 1961 320.

513 1984 692 2022 Historia
711 1995 876 2023 suorum
901 1988 1130 2036 temporum.
1151 1984 1267 2022 Basil.
1296 1983 1408 2022 1577.

459 2048 494 2084 8.
521 2047 646 2085 tribus
672 2047 751 2084 Vol.
779 2048 815 2084 in
842 2046 1079 2085 Bibliotheca
1105 2046 1407 2093 Barberiniana,

462 2119 537 2146 non
572 2107 776 2146 diversum
804 2112 847 2146 ut
885 2107 1044 2146 videtur
1076 2108 1124 2146 ab
1147 2118 1264 2157 opere
1295 2117 1410 2157 supe-

462 2171 574 2207 riore.

515 2230 784 2269 Historiarum
803 2235 840 2269 et
861 2231 1148 2270 Cliromcorum
1171 2229 1310 2269 Mundi
1330 2231 1410 2282 epi—

462 2295 558 2330 tome
582 2293 720 2330 Venet.
744 2293 858 2331 1533.
886 2295 921 2331 8.

513 2354 572 2393 Ad
612 2355 795 2393 Carolum
834 2356 1104 2394 Ventimilium
1128 2385 1135 2401 ‚
1175 2354 1221 2394 ale
1260 2355 1409 2406 oriqzne

460 2415 551 2454 belli
573 2416 668 2455 inter
694 2416 827 2456 Gallos
852 2421 889 2455 et
911 2417 1124 2456 Britannos
1144 2419 1177 2466 a)
1200 2418 1272 2456 An.
1292 2419 1405 2457 1415.

458 2479 612 2516 Primus
636 2478 758 2516 edidit
784 2480 1017 2518 Franciscus
1033 2481 1246 2530 Dionysius
1266 2480 1409 2519 Camu-

457 2546 568 2579 satus
579 2539 845 2580 additionibus
861 2541 908 2580 ad
926 2542 1205 2581 Bibliothecam
1217 2543 1407 2594 Alphonsi

455 2603 650 2639 Ciacconii
683 2613 768 2652 pag.
794 2604 883 2642 883.
909 2604 1076 2654 Incipit:
1107 2604 1219 2654 Quod
1253 2616 1313 2643 me
1345 2616 1410 2643 ro-

451 2663 558 2713 qasn·
575 2693 581 2710 ,
609 2662 757 2702 Carole
775 2675 994 2715 qerzerose..

508 2726 562 2763 De
580 2725 682 2763 vitae
699 2724 886 2777 felicitate
902 2739 949 2765 ac
965 2729 1218 2779 praestantia
1242 2728 1407 2768 hominis

455 2798 524 2826 seu
549 2787 595 2826 de
615 2788 762 2826 summi
784 2787 874 2827 boni
893 2789 1082 2841 fruitione
1099 2792 1284 2842 Dialogus
1305 2793 1407 2830 inter

455 2852 670 2889 Antonium
682 2853 959 2901 Panormitam,
976 2854 1194 2892 Guarinum
1209 2854 1406 2892 Veronen-

454 2922 537 2950 sem
562 2917 601 2949 et
625 2913 816 2951 Joannem
844 2915 1042 2953 Lamolam
1068 2915 1116 2953 ad
1155 2915 1402 2966 Alphonsum

453 2974 611 3023 Regem.
637 2975 842 3025 Antwerp.
872 2977 985 3015 4556.
1017 2978 1054 3014 8.
1083 2981 1123 3015 et
1151 2989 1241 3015 cum
1281 2978 1403 3016 Felini

454 3035 619 3074 Sandaei
641 3036 688 3074 de
713 3037 885 3087 Regibus
908 3039 1061 3077 Siciliae
1077 3044 1115 3077 et
1136 3040 1299 3090 Apuliae
1323 3041 1403 3091 cpi-

456 3103 560 3134 torne
579 3130 587 3145 ,
613 3099 756 3136 edente
784 3100 976 3149 rrehero,
1003 3102 1199 3140 llanoviae
1225 3103 1339 3142 1611.
1366 3103 1399 3140 4.

508 3160 561 3197 De
607 3159 726 3199 rebus
770 3162 913 3201 Siculis
953 3167 1309 3215 commentarium,
1358 3170 1398 3204 ct

509 3290 540 3325 a)
567 3291 657 3328 Apud
682 3293 890 3325 Nisseronum
915 3299 995 3326 tom.
1017 3298 1094 3326 xxi.
1113 3298 1301 3329 memoriar.
1324 3305 1401 3337 pag.

447 3337 508 3368 322
533 3347 725 3378 perperam:
751 3343 842 3372 incer
868 3344 992 3375 Gallos
1017 3350 1048 3376 et
1072 3347 1269 3386 Hispanos.

1302 228 1571 268 FAClUS

1497 299 1618 338 alium
1644 299 1691 338 de
1712 299 1945 350 differentiis
1963 300 2180 342 verborum
2201 302 2442 353 Latinorum,

1497 371 1597 412 quos
1618 362 1656 399 in
1677 362 1778 400 Bibl.
1800 363 1915 414 Regis
1934 364 2261 405 Christianissimi
2281 370 2440 405 exstare

1496 426 1668 462 testatus
1687 427 1750 462 est
1774 424 1954 464 Labbeus
1975 437 2062 478 pag.
2088 428 2164 467 313
2183 431 2224 466 et
2238 427 2441 468 330.Bibl.

1493 487 1601 525 MSS.
1638 496 1755 524 nemo
1789 485 1917 525 adhuc
1942 488 1979 525 in
2004 488 2132 528 lucem
2157 489 2346 541 protulit:
2370 501 2443 530 nec

1495 549 1639 588 librum
1664 547 1710 587 de
1730 547 1835 588 viris
1855 548 1922 587 sui
1939 549 2030 589 aevi
2049 549 2297 601 illustribus,
2322 563 2441 603 quem

1492 611 1695 662 Alphonso
1726 612 1819 661 Regi
1856 610 2062 651 dedicasse
2091 617 2133 651 et
2165 613 2376 654 tradidisse
2399 624 2443 653 se

1491 677 1662 712 testatur
1684 674 1824 712 Facius
1839 673 2016 725 Epistola
2039 674 2073 723 a)
2100 674 2149 714 ad
2168 675 2334 717 AEneam
2355 676 2443 728 Syl-

1493 737 1601 774 vium
1624 764 1632 783 ,
1654 736 1721 786 qui
1746 736 1858 774 Facio
1877 735 1981 786 quod
2003 735 2133 775 locum
2157 737 2230 776 sibi
2251 738 2290 777 in
2309 749 2356 778 eo
2375 737 2444 778 de-

1493 797 1618 847 derit,
1643 799 1789 849 gratias
1813 799 1894 848 agit
1929 797 2106 849 Epistola
2129 798 2221 838 25⁴.
2244 800 2308 840 ubi
2337 811 2442 840 sem—

1492 871 1562 910 per
1583 858 1744 898 Factius
1767 871 1836 911 pro
1861 861 1974 899 Facio
1993 859 2151 899 dicitur.
2164 860 2298 900 Refert
2319 863 2438 901 etiam

1493 922 1659 973 Poggius
1684 923 1885 961 invectiva
1905 920 2081 962 secunda
2103 923 2142 960 in
2163 922 2338 973 Vallam,
2362 935 2444 963 ma-

1491 996 1614 1035 gnum
1640 984 1833 1023 volumen
1864 988 2102 1024 contextum
2137 995 2160 1024 a
2194 985 2335 1034 Facio,
2364 997 2442 1037 quo

1493 1051 1700 1085 notaverat
1722 1057 1884 1086 errores
1923 1044 2055 1087 Vallae
2085 1056 2183 1098 quos
2206 1045 2248 1085 in
2276 1045 2443 1086 historia

1491 1108 1538 1148 de
1570 1108 1691 1160 yestz's
1723 1108 1839 1160 Reyz's
1878 1108 2111 1160 Araqonum
2146 1110 2260 1149 visus
2293 1109 2346 1148 illi
2380 1114 2443 1149 est

1491 1172 1757 1210 commisisse:
1783 1172 1857 1210 Alii
1893 1170 1940 1210 de
1963 1169 2256 1211 immortalitate
2283 1182 2441 1212 ammae

1493 1234 1637 1274 librum
1654 1235 1756 1273 Facii
1776 1238 1914 1273 contra
1929 1234 2080 1274 Vallam
2096 1238 2332 1274 memorant.
2346 1234 2442 1286 Epi-

1491 1294 1613 1334 stolae
1637 1295 1831 1347 quaedam
1856 1295 2037 1348 ejusdem
2060 1296 2247 1348 leguntur
2269 1300 2315 1336 ut
2337 1297 2441 1336 inter

1491 1359 1640 1398 AEneae
1676 1359 1802 1409 Sylvii
1842 1359 1897 1398 ita
1932 1362 2035 1398 inter
2057 1359 2257 1410 Epistulas
2279 1358 2439 1398 Antonii

1490 1421 1736 1460 Panormitae
1756 1452 1764 1471 ,
1788 1420 1917 1460 editas
1940 1421 2080 1460 Venet.
2107 1421 2209 1461 ⁴553
2234 1421 2269 1460 4.

1545 1484 1743 1522 Laurentii
1759 1483 1892 1522 Vallae
1911 1484 2204 1524 invectivarum
2228 1494 2301 1523 seu
2320 1484 2438 1524 recri-

1491 1546 1754 1584 minationum
1781 1546 1819 1583 in
1843 1545 2188 1586 Bartholomaeum
2211 1546 2374 1586 Facium
2396 1549 2438 1585 et

1488 1606 1705 1649 Antonium
1736 1608 2003 1647 Panormitam
2037 1607 2125 1647 libri
2162 1611 2333 1658 quatuor
2366 1619 2437 1647 ex-

1487 1673 1596 1707 stant
1616 1670 1654 1707 in
1680 1669 1814 1708 Vallae
1837 1669 2023 1720 operibus
2043 1680 2132 1720 pag.
2157 1670 2246 1709 460,

1541 1732 1861 1771 Commentarius
1885 1733 1925 1770 in
1949 1733 2141 1782 Persium,
2162 1741 2282 1782 quem
2306 1730 2438 1771 Oldoi-

1486 1804 1563 1832 nus
1588 1798 1722 1832 nostro
1743 1805 1828 1845 pag.
1853 1795 1915 1834 92.
1940 1794 2133 1834 Athenaei
2158 1794 2373 1845 Ligustici,
2395 1798 2437 1832 et

1484 1867 1533 1894 ex
1557 1867 1603 1894 eo
1639 1857 1809 1895 Lexicon
1849 1857 2121 1906 eruditorum,
2153 1857 2317 1896 tertium
2347 1855 2432 1908 ¹iam

1487 1919 1638 1969 Lipsiae
1661 1919 1813 1958 editum
1844 1919 2008 1967 tribuit,
2032 1930 2111 1958 non
2144 1919 2432 1958 Bartholomaei

1485 1982 1588 2020 Facii
1609 1986 1697 2030 est,
1731 1981 1803 2021 sed
1839 1980 2134 2022 Bartholomaei
2159 1981 2354 2031 FONTu,
2382 1981 2432 2021 de

1484 2054 1562 2093 quo
1597 2044 1707 2082 infra.
1743 2046 1841 2083 Puto
1877 2045 1998 2083 etiam
2035 2048 2309 2084 commentum
2341 2053 2432 2083 esse

1483 2105 1587 2155 quod
1618 2103 1798 2145 elenchus
1835 2105 2074 2157 scriptorum
2112 2105 2286 2144 omnium
2316 2105 2431 2144 Facio

1482 2166 1584 2217 apud
1611 2166 1822 2206 Oldoinum
1847 2167 2106 2217 adscribitur,
2127 2168 2194 2218 qui
2219 2169 2257 2206 in
2289 2168 2430 2207 Lexico

1483 2229 1547 2267 illo
1571 2233 1678 2267 recte
1701 2234 1764 2267 est
1787 2231 1972 2269 omissus.

1521 2290 1692 2342 *Operis
1715 2291 1844 2331 adhuc
1863 2291 1996 2331 inediti
2015 2290 2062 2331 de
2084 2291 2186 2331 viris
2206 2288 2429 2331 illustribus

1480 2363 1569 2392 aevi
1585 2353 1652 2392 sui
1665 2353 1844 2393 MS.Cod.
1862 2359 1999 2393 extare
2021 2353 2127 2405 apud
2151 2354 2353 2394 eruditum
2369 2355 2429 2393 vi-

1481 2427 1569 2454 rum
1596 2417 1634 2454 P.
1655 2416 1914 2456 Benedictum
1938 2416 2216 2456 Bandinellum
2237 2416 2428 2456 Senensis
2478 2447 2479 2450 ,

1482 2478 1830 2518 Benedictinorum
1867 2479 2041 2518 coenobii
2067 2480 2334 2531 praepositum
2355 2508 2364 2527 ,
2387 2483 2428 2518 et

1482 2541 1746 2591 antiquiorem
1785 2542 1822 2579 in
1864 2541 1937 2580 alia
1980 2541 2147 2581 Senensi
2187 2541 2427 2580 Bibliotheca

1481 2603 1601 2642 tradit
1624 2614 1778 2642 summa
1799 2614 1890 2642 cum
1913 2603 2028 2643 laude
2045 2614 2203 2655 semper
2224 2603 2426 2643 celebran-
2499 2655 2500 2658 Ἴ

1481 2665 1556 2704 dus
1581 2665 1800 2705 Cardinalis
1825 2666 2014 2712 Quirinus
2046 2667 2087 2705 in
2120 2666 2285 2706 diatriba
2314 2676 2426 2717 prae-

1481 2727 1652 2766 liminari
1679 2727 1726 2767 ad
1747 2729 1936 2780 epistolas
1951 2729 2147 2768 Francisci
2164 2728 2321 2768 Barbari
2337 2739 2422 2779 pag.

1478 2791 1637 2829 DXLIX
1652 2821 1663 2839 ,
1687 2795 1728 2829 et
1750 2802 1799 2829 ex
1819 2802 1865 2830 eo
1899 2791 1995 2830 libro
2027 2791 2198 2843 elogium
2225 2790 2424 2830 Francisci

1478 2853 1634 2891 Barbari
1659 2852 1840 2904 producit
1863 2864 2081 2893 exsuccum
2105 2853 2220 2904 plane
2243 2857 2283 2892 et
2307 2852 2420 2892 exile.

1529 2914 1947 2955 Animadvertendum
1976 2920 2039 2955 est
2062 2917 2181 2955 etiam
2215 2916 2423 2966 scripsisse

1477 2977 1635 3016 Faciam
1656 2978 1894 3028 opusculum
1915 2977 1964 3017 de
1987 2978 2224 3017 excellentia
2245 2982 2286 3017 et
2308 2987 2419 3028 prae-

1476 3040 1619 3078 stantia
1662 3039 1834 3079 hominis
1855 3072 1865 3088 ,
1905 3051 2024 3091 quem
2067 3040 2268 3080 Fabricius
2316 3038 2418 3078 male

1473 3101 1679 3140 confundit
1700 3113 1792 3140 cum
1814 3102 1911 3140 libro
1927 3100 1973 3141 de
1997 3101 2193 3141 humanae
2207 3100 2312 3141 vitae
2328 3098 2417 3152 feli-

1472 3163 1588 3202 citate
1609 3175 1701 3203 cum
1725 3163 1802 3204 duo
1826 3165 1906 3202 sint
1935 3164 2122 3204 distincta
2134 3162 2322 3215 opuscula
2336 3163 2418 3202 exi-

1524 3349 1556 3386 ει)
1581 3351 1671 3380 lnter
1693 3348 1858 3388 Epistolas
1882 3351 2000 3380 AEneae
2021 3347 2094 3379 253.
