2500 4009
391 190 444 230 80
1172 175 1606 217 ΑΜΒ-14081118

389 268 477 295 cum
491 256 593 307 quod
614 268 635 295 c
651 256 780 295 Persia
789 253 861 292 An.
883 251 984 291 i-i77
1001 250 1123 289 redux
1142 250 1180 287 in
1197 249 1348 288 litteras

390 320 516 367 misit,
546 323 655 357 extat
679 319 779 355 inter
801 315 1012 364 scriptores
1026 322 1158 351 rerum
1177 311 1348 349 Persica-

392 392 480 419 rum
505 380 629 418 editos
655 376 825 416 Francos.
854 376 867 414 l
879 376 947 414 604
981 374 1041 413 sol.
1063 386 1098 425 p.
1132 372 1238 412 487-
1255 371 1344 411 542.

390 442 466 482 Sed
497 444 743 480 contarenus
773 437 984 487 scripserat
1018 436 1151 475 Italica
1187 435 1342 484 lingua,

388 506 523 543 Latina
541 537 553 548 .
568 502 697 539 versio
747 503 947 538 auctorem
990 498 1107 537 habet
1153 496 1340 536 iacobum

387 564 610 603 chdcrum
631 561 678 600 ab
702 560 989 610 Hcroltzberga.

437 624 721 664 AMBROSIUS
736 623 784 661 de
800 623 982 661 Massaris
994 621 1041 661 dc
1052 621 1158 662 Cora
1171 622 1255 659 sivo
1266 619 1340 660 Co-

384 697 510 726 ranus
534 686 619 725 aliis
644 683 878 725 Coriolanus
905 683 996 722 Ord.
1021 685 1274 722 eremitarum
1298 682 1336 722 S.

384 749 595 795 Auaustini
619 747 667 787 ab
689 747 763 787 An.
786 746 898 786 4477.
923 746 1126 785 Generalis
1149 751 1189 784 et
1207 745 1341 784 Poeni-

384 811 591 850 tentiarius
615 810 732 859 Xysti
759 809 805 847 IV
831 808 934 847 diem
958 808 1051 847 obiit.
1065 809 1208 846 Romae
1225 808 1337 847 4485.

383 872 482 922 Ejus
506 873 651 922 scripta
665 870 711 909 de
727 870 807 910 vita
830 873 866 908 et
880 868 1063 908 laudibus
1076 872 1115 909 S.
1133 868 1344 919 Auyustini

384 940 423 972 et
435 934 473 972 in
487 931 678 985 duplicem
694 930 979 983 eJ‘usrcyulam‚
997 930 1340 983 defensoriumque

383 994 532 1034 ordinis
543 992 842 1044 .·luyust1'nzanij
851 995 998 1031 unctim
1014 992 1106 1044 prod
1114 994 1190 1030 iere
1196 994 1339 1031 Romae

384 1059 478 1097 4484
507 1057 567 1095 fol.
589 1056 671 1094 Alia
693 1066 714 1093 a
739 1055 914 1106 Philippo
939 1054 1066 1093 Elssio
1084 1065 1167 1104 pag.
1189 1054 1236 1091 44
1255 1065 1337 1104 seq.

385 1118 651 1157 encomiastici
676 1117 974 1168 Augustini-ani.
1015 1115 1215 1153 possevini
1238 1115 1341 1154 aliis-

381 1193 458 1232 que
483 1184 696 1219 memorata
717 1184 811 1217 sunt
842 1179 972 1217 nescio
996 1189 1045 1215 an
1069 1176 1190 1215 edita:
1217 1175 1340 1216 Chro-

382 1244 490 1282 nicon
505 1242 551 1281 de
573 1241 673 1281 Viris
695 1238 920 1279 illustribus
940 1242 978 1277 et
997 1237 1259 1289 scriptoribus
1273 1240 1340 1279 sui

383 1305 561 1345 Ordinis:
590 1303 674 1342 Vita
691 1303 734 1341 B.
758 1300 983 1342 Cbristinae
1011 1299 1254 1352 spoletanae.
1277 1303 1339 1341 Li-

378 1368 449 1406 ber
471 1367 517 1405 dc
541 1363 725 1405 laudibus
750 1363 866 1404 L'rbis
889 1366 1051 1411 Romae,
1076 1363 1122 1402 de
1152 1363 1337 1403 inventio-

378 1441 426 1468 ne
448 1428 616 1476 artium,
631 1427 678 1466 In
696 1430 824 1465 artem
840 1429 1023 1466 veterem.
1041 1426 1087 1464 In
1112 1423 1258 1464 librum
1268 1437 1339 1477 po-

377 1491 591 1531 steriorum
619 1488 916 1541 Analyticorum
944 1487 1179 1528 Aristotelis.
1209 1490 1339 1540 Super

379 1557 590 1592 tractatum
607 1551 653 1590 de
672 1551 867 1603 Sphaera.
883 1551 938 1589 De
960 1550 1057 1588 idea.
1075 1551 1130 1588 De
1153 1550 1339 1602 reyimine

379 1614 639 1667 Reipublicae.
664 1615 710 1652 In
727 1613 905 1664 primum
928 1611 1231 1652 Sententiarum.
1247 1616 1339 1651 Ser-

377 1689 536 1716 monum
555 1682 595 1716 ct
618 1675 850 1716 orationum
863 1676 940 1714 duo
959 1675 1176 1714 Volumina.
1197 1675 1254 1713 De
1274 1676 1340 1714 Ve-

379 1740 497 1779 rilate
522 1738 634 1778 Fidei
655 1738 917 1780 Christianae.
933 1738 989 1775 De
1008 1734 1200 1786 ineflabili
1218 1735 1338 1775 Verbo

379 1802 482 1840 DEI.
520 1802 575 1840 De
618 1800 786 1840 essentia
817 1799 919 1838 DEI.
950 1799 1006 1836 De
1043 1797 1339 1838 circumcisione

383 1863 558 1904 CIIristi.
576 1864 630 1902 De
650 1862 814 1901 scientia
830 1865 866 1900 et
878 1860 1071 1912 sapientia
1090 1859 1254 1900 CIIristi
1265 1861 1341 1899 Do-

378 1925 485 1965 mini.
511 1927 566 1964 De
596 1923 847 1977 Conceptione
880 1924 924 1962 B.
962 1922 1130 1973 Viryinis
1170 1922 1338 1962 Mariae.

379 1989 434 2026 De
457 1985 771 2040 proprietatibus
795 1983 1045 2035 lin-(selorum.
1061 1985 1117 2022 De
1138 1984 1339 2024 immorta-

381 2050 488 2088 litate
503 2050 673 2088 animae.
693 2050 748 2087 De
773 2048 881 2086 modo
898 2046 1051 2085 orandi.
1073 2047 1128 2085 De
1152 2046 1338 2098 diynitate

381 2111 612 2151 Sacerdoti'i.

436 2174 498 2222 (Et
514 2186 562 2211 cx
579 2178 671 2211 tom.
686 2173 770 2211 cod.
789 2172 902 2211 Vcrb.
919 2169 1256 2220 CORIOLANUS.)
1268 2172 1340 2210 Re-

380 2236 483 2274 ctius
514 2235 694 2274 Coranus
724 2247 773 2272 ox
795 2236 894 2273 Cora
923 2233 1062 2284 oppido
1095 2233 1334 2272 Volscorum.

383 2298 548 2347 Scripsit
573 2295 906 2336 Commentarium
929 2306 1012 2346 sup.
1041 2292 1219 2344 reyulam
1236 2296 1274 2333 S.
1295 2295 1336 2332 P.

380 2359 594 2409 AuyustMi
617 2357 995 2399 Commendationem
1019 2355 1140 2394 eiusd.
1165 2355 1337 2406 reyulae.

383 2423 438 2461 De
461 2421 542 2461 vila
584 2425 620 2460 et
664 2419 848 2459 laudibus
877 2422 916 2459 S.
947 2418 1060 2457 eiusd
1103 2417 1262 2466 Patris,
1293 2430 1341 2456 ac

381 2483 576 2522 orationes
600 2486 679 2522 tres
704 2482 743 2521 in
772 2481 894 2534 ipsius
917 2480 1143 2519 encomium.
1158 2479 1342 2532 Defenso-

380 2546 487 2584 rium
510 2544 674 2593 ordinis,
703 2555 773 2584 seu
801 2542 1030 2595 Apologiiam
1052 2545 1191 2581 contra
1219 2542 1342 2581 Euse-

382 2607 488 2646 bium
518 2607 766 2646 Tarvisinum
789 2610 824 2644 et
844 2604 1061 2645 Eusebium
1083 2603 1342 2644 Mediolanen-

381 2681 477 2713 sem.
488 2670 519 2710 C
521 2669 807 2720 otusreqationis
821 2669 852 2706 F
856 2667 1093 2707 risionariae
1110 2665 1339 2707 Canonicos.

379 2731 601 2779 Chronica,
626 2730 777 2770 ordinis
816 2729 887 2769 ubi
906 2729 952 2768 de
976 2729 1076 2770 viris
1105 2726 1336 2769 illustribus

383 2794 588 2833 sanctitate
622 2797 657 2832 et
689 2793 887 2842 doctrimz,
917 2804 965 2830 ac
1005 2791 1051 2830 de
1083 2788 1341 2831 Generalibus

385 2868 451 2895 nec
476 2869 550 2895 non
564 2856 609 2895 de
630 2855 864 2907 Privileyiis.
880 2855 1055 2894 iunctim
1076 2853 1179 2892 edita
1196 2854 1340 2890 Romae

390 2920 480 2959 4484
512 2925 551 2957 et
574 2920 811 2970 Argentinae
838 2918 937 2956 4490
961 2917 1020 2955 fol.
1048 2915 1146 2954 vido
1169 2916 1341 2953 hiarium

388 2981 580 3020 liruditor.
608 2981 738 3019 ltaliae
764 2984 856 3017 tom.
885 2980 977 3018 xix
1001 2990 1086 3029 pag.
1111 2976 1188 3015 378
1204 2987 1285 3025 seq.
1303 2979 1344 3012 et

388 3054 433 3080 vx
466 3044 527 3082 illo
556 3042 723 3081 emenda
754 3042 934 3079 vossium
964 3041 1138 3090 aliosque
1176 3039 1243 3089 qui
1272 3038 1345 3076 Do-

392 3105 598 3142 minicanis
621 3103 871 3150 adscribunt,
905 3113 1153 3153 quoi-umque
1172 3110 1344 3142 errorem

391 3166 506 3201 etiam
534 3167 683 3204 notavit
703 3166 872 3204 Jacobus
895 3165 1037 3211 Quetif.
1064 3169 1155 3202 tom.
1174 3164 1187 3201 1
1210 3162 1347 3201 Biblio-

394 3225 447 3262 th.
481 3226 819 3266 nominicanorum
845 3238 928 3278 pag.
954 3225 1041 3263 907.
1072 3225 1156 3264 Vita
1179 3222 1346 3264 Christi-

394 3296 466 3325 nae
494 3285 720 3337 spoletanae
743 3294 783 3327 et
805 3288 851 3328 de
875 3286 1059 3329 laudibus
1082 3285 1171 3326 urb.
1203 3288 1345 3327 Romae

1422 246 1640 286 lucubratio
1663 245 1825 297 perinde
1847 250 1890 285 ut
1913 245 1987 286 alla
2009 256 2126 297 supra
2156 253 2370 288 memorata

1420 307 1549 347 adhuc
1568 307 1713 347 inedita
1735 307 1985 347 delitescunt.
2359 340 2361 343 .

1471 369 1491 392 ³*
1513 371 1638 409 Huius
1657 380 1772 420 opera
1795 369 1898 409 edita
1921 369 1970 408 ab
1993 368 2150 408 ineditis
2165 369 2384 422 distinguit,

1417 430 1456 469 P.
1485 430 1674 470 Gandollo
1699 432 1736 468 in
1760 431 1923 468 Dissert.
1954 429 2002 468 de
2026 429 2208 470 ducentis
2237 432 2371 483 Augu-

1415 493 1594 532 stini-anis
1611 491 1885 542 Scriptoribus.
1901 489 2017 529 Edit-a
2038 495 2149 529 sunt:
2168 492 2370 532 Commen-

1414 553 1523 604 tarJi,
1547 557 1585 592 et
1605 551 1882 592 commendatio
1905 549 2067 601 reyulae
2089 562 2179 590 cum
2205 552 2300 601 vita,
2334 557 2372 594 et

1412 614 1606 654 orationes
1631 618 1712 654 tres
1741 613 1781 653 in
1808 611 1965 651 laudem
1988 613 2028 651 S.
2047 607 2269 663 Auyustini.
2298 614 2371 654 Ar—

1410 677 1592 727 gentinae
1613 677 1701 715 1480
1729 675 1790 714 iol.
1813 676 1841 724 (4
1856 675 1888 721 4)
1913 674 1993 714 Seu
2012 674 2142 725 potius
2159 674 2259 715 4490
2276 675 2369 715 edit.

1411 737 1532 776 altera
1556 742 1644 788 post
1667 737 1834 787 primam
1871 746 1933 774 an.
1956 735 2050 775 4484
2082 739 2363 787 memoratam.)

1411 798 1583 838 Eaedem
1607 800 1802 837 orationes
1825 808 1918 836 cum
1937 797 2084 847 Regula
2097 798 2271 837 carmine
2289 798 2368 838 ele—

1412 861 1520 911 giaco
1543 871 1754 911 expressae
1777 860 1921 898 Romae
1961 859 2062 899 4662
2100 860 2138 898 in
2170 859 2204 898 4.
2234 860 2371 900 Sermo

1412 921 1457 960 de
1479 921 1752 972 Assumptione
1773 921 1817 959 B.
1847 921 1884 959 V.
1905 922 2050 960 Romae
2070 922 2241 972 primum
2263 921 2369 973 apud

1413 985 1555 1033 llolort,
1573 989 1658 1023 tum
1684 984 1722 1020 in
1746 982 1924 1021 Biblioth.
1952 983 2093 1033 virgin.
2124 987 2218 1022 tom.
2243 983 2278 1022 3.
2309 984 2365 1022 De

1413 1045 1662 1097 Conceptione
1682 1046 1723 1084 B.
1753 1045 1797 1083 V.
1828 1043 1931 1082 edita
1959 1048 2041 1091 est,
2073 1048 2174 1083 teste
2204 1044 2371 1083 Fabiano

1411 1108 1620 1146 Justiniani
1646 1107 1684 1145 in
1709 1105 1835 1144 indice
1855 1107 2027 1145 univers
2054 1117 2136 1145 ver.
2165 1105 2369 1158 conceptio.

1411 1169 1573 1220 Reliqua
1596 1170 1632 1206 in
1659 1169 1763 1207 MSS.
1786 1167 1996 1208 (lodicibus
2020 1167 2156 1207 latent.

1464 1233 1489 1270 F
1496 1231 1603 1270 uebri
1649 1231 1767 1269 etiam
1808 1230 1982 1268 oratione
2025 1229 2162 1269 laudes
2191 1230 2290 1270 sixti
2319 1230 2370 1269 IV

1410 1294 1518 1332 Pont.
1544 1297 1778 1344 prosecutus
1801 1296 1864 1331 est
1886 1302 2018 1331 coram
2033 1291 2305 1333 cardinalibus
2329 1296 2371 1331 et

1410 1355 1608 1393 Pontificio
1629 1354 1837 1404 cadavere,
1861 1358 1964 1393 teste
1987 1353 2129 1393 Jacobo
2152 1354 2372 1393 Volaterra-

1410 1428 1459 1455 no
1483 1418 1521 1455 in
1547 1418 1673 1456 Diario
1687 1418 1859 1455 Romana
1874 1445 1882 1465 ⁷
1902 1417 1970 1466 qui
1989 1420 2030 1454 et
2043 1415 2151 1455 addit
2167 1415 2290 1455 altera
2306 1415 2369 1454 die

1411 1480 1638 1518 Orationem
1668 1479 1784 1517 aliam
1805 1478 1853 1517 de
1875 1478 2060 1517 Pontifice
2088 1477 2275 1517 defuncto
2303 1477 2372 1517 ha-

1412 1541 1532 1580 bitam
1557 1553 1578 1580 a
1599 1540 1796 1579 Willelmo
1818 1541 1970 1578 Pererio
1999 1551 2048 1579 ex
2073 1538 2272 1590 judicibus
2297 1541 2372 1578 Ro-

1411 1614 1478 1642 sae
1501 1603 1715 1642 Palatinae:
1756 1605 1921 1653 uterque
1958 1603 2012 1641 ait
2035 1603 2269 1651 ilistoricuS,
2298 1612 2369 1641 suo

1412 1665 1452 1704 in
1476 1675 1617 1716 yenere
1645 1663 1948 1703 commendatus.

1468 1729 1506 1766 S.
1527 1727 1825 1775 AMBROSlUS,
1840 1736 1943 1764 anno
1962 1725 2102 1764 aetatis
2121 1724 2374 1776 quadragesi-

1416 1800 1479 1829 mo
1499 1800 1521 1827 a
1541 1789 1806 1827 tribunalibus
1825 1788 1865 1836 a)
1891 1791 2027 1838 raptus
2049 1787 2124 1826 An.
2155 1788 2196 1828 C.
2220 1785 2295 1826 374
2324 1787 2374 1830 ad

1412 1849 1696 1904 Episcopatum
1725 1847 2071 1898 Mediolanensem,
2102 1859 2260 1890 summa
2281 1860 2374 1892 cum

1412 1913 1634 1952 constantia
1649 1923 1693 1951 ac
1711 1911 1785 1951 lide
1799 1913 1852 1950 ita
1868 1912 1991 1962 gessit
2008 1922 2134 1961 usque
2148 1910 2197 1950 ad
2211 1910 2375 1950 Annum

1414 1977 1490 2014 398
1514 1975 1556 2023 b)
1582 1979 1625 2014 ut
1649 1975 1720 2025 ipsi
1745 1972 1963 2012 Theodosio
1986 1973 2124 2023 Magno
2147 1973 2374 2023 Imperatori

1412 2038 1488 2077 han
1512 2048 1650 2075 vocem
1683 2035 1939 2085 expresserit,
1970 2035 2009 2082 c)
2050 2033 2286 2086 Episcopum
2314 2033 2374 2073 di-

1409 2111 1529 2152 9num
1542 2097 1693 2137 nullum
1708 2096 1792 2136 vidi
1811 2108 1931 2148 quam
1946 2093 2209 2135 Ambrosium.
2231 2099 2289 2136 lta
2303 2109 2373 2136 ve-

1413 2175 1500 2202 rum
1521 2166 1598 2210 cst,
1623 2159 1726 2210 quod
1746 2160 1799 2198 ait
1824 2159 1971 2198 Plinius
1987 2159 2038 2196 lll
2063 2160 2086 2197 9
2109 2160 2234 2210 Epist.
2251 2158 2370 2204 Fides

1412 2225 1452 2263 in
1469 2221 1699 2275 praesentia
1723 2233 1805 2270 eos,
1832 2218 1977 2272 quibus
2003 2220 2168 2271 resistit,
2193 2221 2373 2272 offendit,

1412 2285 1547 2325 deinde
1571 2284 1621 2323 ab
1643 2283 1719 2323 illis
1744 2283 1838 2334 ipsis
1858 2283 2076 2334 suspicitur
2092 2282 2370 2336 laudaturque.

1413 2349 1523 2387 Morti
1553 2349 1727 2396 vicinus,
1752 2346 1800 2385 ad
1823 2346 1986 2394 amicos,
2007 2356 2083 2383 non
2104 2345 2161 2384 sic
2180 2345 2287 2395 vilici,
2314 2347 2371 2387 in-

1417 2411 1517 2461 quit,
1543 2411 1587 2449 ut
1604 2408 1753 2461 pudeat
1774 2420 1834 2447 me
1854 2407 1956 2448 inter
1970 2408 2038 2447 vo's
2057 2407 2202 2458 vivere,
2217 2407 2368 2448 seduco

1416 2471 1521 2514 mori
1539 2471 1669 2522 timeo,
1685 2471 1781 2523 quia
1796 2469 1937 2509 bonum
1950 2469 2157 2509 Dominum
2169 2468 2370 2513 habemus.

1416 2536 1542 2582 Quam
1565 2534 1652 2584 ejus
1674 2544 1812 2572 vocem
1832 2531 1921 2583 jure
1955 2533 2095 2571 merito
2114 2531 2375 2572 vehementer

1416 2596 1590 2637 laudavit
1611 2596 1859 2647 Augustinus
1879 2599 1982 2633 teste
2004 2593 2176 2635 Possidio
2193 2594 2231 2632 in
2251 2592 2373 2644 hujus

1417 2661 1501 2699 Vita
1523 2671 1606 2713 cap.
1632 2658 1693 2698 27.
1715 2658 1897 2697 Memoria
1916 2658 1954 2696 S.
1970 2656 2165 2699 Ambrosii
2190 2655 2376 2696 recolitur

1417 2724 1453 2761 in
1477 2722 1759 2772 Martyrologiis
1781 2719 1842 2758 die
1866 2720 1915 2758 IV
1934 2718 2055 2770 April.
2077 2719 2230 2769 Scripta
2253 2718 2370 2766 illius,

1418 2786 1453 2822 in
1480 2774 1623 2835 quibus
1647 2783 1788 2834 pietas,
1813 2781 2008 2830 doctrina,
2032 2780 2255 2832 eloquentia
2274 2779 2375 2830 pari-

1415 2851 1474 2885 tor
1494 2849 1656 2886 movent
1680 2845 1835 2884 lectoris
1857 2844 2053 2891 animum,
2073 2841 2215 2881 docent
2249 2844 2370 2890 atque

1470 2972 1503 3010 a)
1521 2969 1600 3005 Vide
1614 2974 1695 3003 tom.
1706 2970 1733 2998 11
1744 2967 1900 2999 editionis
1908 2965 2198 2997 Benedictinorum
2208 2971 2284 3005 pag.
2299 2963 2375 2998 45⁶2.

1471 3020 1505 3057 b)
1523 3018 1769 3060 papebrochius
1800 3016 2039 3052 Dissertatione
2062 3013 2102 3045 de
2133 3017 2228 3045 Anno
2259 3017 2291 3046 et
2316 3015 2374 3046 Die

1414 3072 1528 3102 mortis
1545 3072 1576 3100 S.
1598 3068 1761 3100 Ambrosii
1786 3068 1819 3097 in
1837 3066 1930 3096 Actis
1946 3067 2142 3095 sanctorum
2160 3067 2238 3095 ante
2257 3067 2341 3098 tom.
2359 3065 2371 3094 1

1416 3120 1534 3161 Aprilis
1554 3129 1587 3160 p.
1605 3118 1753 3149 xxxviii
1780 3123 1875 3154 seqq.

1473 3170 1514 3209 c)
1531 3170 1625 3211 Apud
1641 3167 1881 3199 'theodoretum
1897 3163 1954 3195 lib.
1972 3166 1998 3194 V
2015 3165 2139 3199 Histor.
2153 3171 2226 3207 cap.
2247 3163 2284 3196 18
2303 3172 2378 3204 pag.

1411 3219 1482 3250 552.
1504 3216 1753 3272 Ἀμβρόσιον,
1772 3213 1864 3256 ‘ciba
1884 3213 1994 3267 μόνος
2015 3212 2238 3254 ἐπίσκοωον
2270 3215 2377 3267 ’σξίως

1422 3282 1646 3336 καλὲμενον.
