2500 3841
873 239 1265 283 CONRADUS
1975 246 2051 286 389

91 311 324 363 Staphorstii
348 310 557 349 Historiam
587 310 788 350 Ecclesiae
816 312 1029 365 Hamburg.

90 379 182 413 tom.
207 374 271 411 ΙΙΙ.
296 384 381 423 pag.
407 372 495 411 380.

140 435 404 476 CONRADUS
437 435 656 486 Episcopus
692 435 966 486 Ultrajectmus
992 438 1026 487 b)

85 498 135 536 ab
162 497 276 536 Anno
301 496 470 536 407530
497 498 618 547 4098,
643 503 683 537 et
699 500 841 538 Comes
862 500 1034 538 Ost-Fri-

85 561 166 599 siae
188 558 292 611 apud
312 560 523 598 Henricum
550 560 612 598 IV.
636 561 918 611 Imperatorem
947 573 1032 611 gra-

86 623 237 671 tiosus,
268 621 405 660 habuit
433 620 548 660 Anno
583 623 697 661 4085.
728 622 955 661 Orationem
982 623 1036 662 acl

86 684 290 736 Principes
304 683 472 735 Imperii
480 685 517 722 in
529 684 1033 735 ConventuGerstungensi

87 759 157 799 pro
181 748 348 786 Henrico
369 748 430 786 IV.
452 759 570 797 quam
589 759 639 786 ex
657 747 858 786 Aventino
876 748 1035 787 exhibet

86 809 301 849 Goldastus
317 811 355 848 in
372 808 570 861 Apologiis
587 822 655 861 pro
677 811 842 849 Henrico
864 812 927 849 IV.
947 823 1033 861 pag.

85 873 147 911 48.
170 871 310 911 Eidem
334 884 354 910 a
376 872 577 911 nonnullis
598 873 827 912 tribuuntur
846 872 941 911 libri
954 876 1034 911 tres

94 934 140 974 de
159 934 308 973 unitate
323 932 526 972 Ecclesiae
542 935 827 983 conservanda,
839 938 923 974 sive
934 935 1035 987 Apo-

91 996 192 1048 loyia
212 1008 286 1047 pro
310 996 481 1035 Henrico
505 998 570 1037 IV.
595 1002 732 1036 contra
748 997 1031 1045 Hildebrandi,

89 1061 175 1099 sive
211 1059 397 1111 Greyorz‘i
422 1061 496 1099 VII
519 1061 737 1111 Epistolam
768 1061 814 1099 ad
848 1062 1037 1099 Herman-

91 1133 207 1172 num,
223 1123 441 1161 Metensem
461 1124 718 1174 Episcopum,
742 1134 862 1172 quam
881 1123 1032 1168 Brimo,

94 1184 155 1235 (de
178 1196 256 1235 quo
280 1196 400 1236 supra
423 1197 508 1236 pag.
535 1186 637 1234 ⁶268.)
660 1185 848 1223 historiae
868 1195 963 1223 suae
979 1185 1037 1221 in-

90 1249 231 1298 seruit,
251 1251 291 1286 et
300 1247 493 1286 adversus
513 1247 709 1298 Epistolas
731 1246 919 1298 Stephani
934 1246 1036 1285 Her-

90 1309 212 1348 randi
231 1314 271 1349 et
290 1308 472 1349 Monachi
488 1308 696 1359 cujusdam
716 1308 1030 1360 Hz'rsauqiensis.

89 1370 150 1410 Ab
169 1372 255 1410 aliis
276 1375 410 1410 autem
426 1370 680 1410 VENERICO
704 1371 945 1409 Vercellensi
968 1370 1036 1409 ad-

93 1434 294 1482 scribitur,
318 1433 366 1472 ab
379 1433 465 1471 aliis
486 1434 649 1481 rectius,
665 1436 710 1472 ut
723 1432 882 1471 videtur
901 1432 1038 1471 WAL-

93 1495 262 1535 TRAMO
281 1496 474 1546 Episcopo
497 1496 804 1546 Numbergensi,
829 1494 876 1534 de
893 1495 1037 1545 quibus

95 1568 168 1596 suo
192 1557 286 1596 loco.
307 1558 415 1596 Hanc
430 1558 646 1608 apologiam
665 1559 818 1608 primus
834 1569 883 1596 ex
900 1557 1039 1597 Biblio-

95 1619 211 1659 theca
232 1618 417 1658 Fuldensi
441 1620 621 1670 vulgavit
644 1620 799 1659 Ulricus
818 1621 1038 1669 Huttenus,

91 1684 128 1721 in
158 1682 321 1722 aedibus
343 1682 533 1721 Johannis
569 1682 766 1722 Schaeferi
786 1714 795 1732 ,
817 1685 1039 1734 Moguntiae

95 1745 196 1784 4520
219 1773 227 1793 ,
254 1744 288 1781 4.
318 1743 408 1782 inde
444 1745 578 1783 Simon
619 1745 834 1784 Schardius
864 1746 1040 1784 Basileae

95 1807 197 1846 4566
215 1835 224 1853 ,
245 1805 308 1844 fol.
329 1805 543 1846 Goldastus
564 1808 601 1845 in
627 1807 824 1858 Apologiis
846 1819 915 1858 pro
935 1808 1038 1846 Hen-

92 1869 171 1908 rico
193 1868 256 1907 IV.
280 1870 368 1918 pag'.
392 1869 454 1907 53.
479 1870 626 1907 Hanov’.
653 1869 746 1909 4644
773 1899 780 1918 ,
821 1871 854 1907 4.
881 1873 921 1907 et
946 1870 1038 1908 Fre-

92 1931 214 1970 herus
236 1933 330 1968 tom.
353 1931 380 1968 Ι.
409 1932 647 1982 scriptorum
680 1944 813 1971 rerum
835 1933 1042 1971 Germani-

93 2004 229 2033 carum
253 2003 338 2044 psg.
367 1993 452 2031 453.
475 1993 669 2041 (editionis
691 2006 816 2033 novae
832 2005 918 2045 pag.
937 1994 1039 2043 244.)

92 2055 188 2095 Vide
213 2057 268 2094 sis
292 2057 411 2094 etiam
431 2055 635 2094 Matthiam
659 2057 835 2095 Flacium
860 2057 898 2094 in
923 2056 1040 2095 Cata-

92 2119 179 2169 logo
193 2119 356 2156 testium
370 2119 563 2166 veritatis,
581 2118 854 2157 Burchardum
865 2118 1045 2157 Gotthelf

95 2181 301 2220 Struvium
325 2181 365 2218 in
388 2180 626 2219 Bibliotheca
651 2181 815 2231 antiqua
838 2181 912 2220 An.
938 2181 1040 2220 4705

96 2254 184 2294 pag.
209 2243 270 2281 59.
289 2241 390 2281 etad
411 2242 626 2281 Freherum
649 2247 742 2281 tom.
762 2243 791 2280 l.
817 2254 904 2293 pag.
938 2243 1014 2281 234
1033 2272 1041 2291 ,

89 2316 171 2355 seq.
197 2304 384 2343 Jacobum
407 2304 658 2344 Buckardum
692 2307 731 2343 in
767 2306 851 2344 vita
879 2307 1040 2345 Hutteni

96 2370 190 2404 tom.
215 2366 262 2404 ΙΙ.
287 2378 372 2418 pag.
397 2367 473 2415 28,
505 2378 588 2417 seq.
617 2367 683 2406 ubi
714 2368 932 2418 Epistolam
956 2366 1042 2417 ejus

97 2427 146 2465 ad
168 2427 374 2467 Eobanum
397 2430 569 2468 Hessum
593 2429 641 2468 de
661 2429 734 2468 hac
758 2429 930 2481 apologia
949 2461 959 2478 ,
985 2429 1044 2467 di-

97 2500 214 2540 gnam
238 2489 344 2529 lectu
373 2490 545 2530 exhibet.

151 2551 419 2591 CONRADUS
433 2551 564 2591 Abbas
588 2553 880 2605 Ursperyensis,
906 2564 1043 2604 supra,

101 2612 147 2651 (lc
170 2611 395 2652 Lichtenau.

150 2675 417 2715 CONRADUS
447 2675 636 2728 Welliny,
664 2677 879 2716 Monachus
910 2676 1045 2728 Augu-

103 2742 243 2777 stanus
267 2738 304 2776 S.
338 2736 453 2777 Afrae
486 2737 645 2777 Ordinis
674 2738 940 2786 Benedictini,
979 2739 1045 2788 qui

103 2811 194 2839 cum
220 2800 338 2838 fratre
365 2799 491 2839 Uli-ico
526 2799 740 2850 Welinyio,
778 2800 966 2838 Monacho
1005 2801 1044 2839 S.

106 2862 272 2902 Udalrici
307 2893 314 2910 ,
343 2863 564 2913 composuit
610 2861 944 2900 Continuationem
973 2862 1051 2900 Αη-

98 2923 248 2962 natium
272 2923 436 2962 Henricz'
466 2922 643 2963 Sterom's
675 2923 722 2961 ab
762 2922 876 2961 Anno
916 2924 1009 2962 4304
1039 2953 1048 2970 ,

99 2986 148 3026 ad
174 2986 290 3026 4334.
313 2986 446 3026 Edidit
469 2985 665 3024 Freherus
699 2990 790 3022 tom.
824 2985 853 3022 I.
887 2987 1049 3035 scripto-

98 3060 186 3088 rum
214 3060 347 3088 rerum
379 3048 702 3087 Germanicarum
746 3058 830 3097 pag.
869 3047 1046 3086 584-596

97 3111 278 3151 editionis
302 3122 439 3150 novae.
477 3111 590 3149 Plura
623 3111 720 3148 infra
760 3112 795 3147 in
829 3109 1046 3148 llliNRlCO

103 3174 276 3214 Sterone.
301 3175 358 3213 De
382 3173 644 3224 Wellingiano
679 3172 748 3209 hoc
770 3172 898 3210 labore
922 3172 1049 3211 tribus

96 3314 184 3395 8288)
205 3315 446 3349 sammarthani
469 3318 549 3347 tom.
575 3316 598 3347 1.
624 3313 745 3346 Galliae
763 3313 951 3346 Chistianae
976 3321 1050 3354 pag.

161 3388 169 3396 .
189 3372 259 3405 seq.

1106 314 1201 354 locis
1224 318 1303 368 agit
1319 317 1484 356 Vossius
1501 347 1508 365 ,
1525 328 1609 368 pag.
1632 316 1720 356 549..
1741 315 1806 355 ubi
1825 315 2052 356 Conradum

1107 380 1145 417 S.
1174 378 1351 417 L'clalrz'ci
1372 385 1487 419 vocat
1511 385 1550 419 et
1574 393 1609 431 p.
1636 380 1736 426 502,
1762 379 1849 419 574.

1159 441 1375 481 CONRADI
1403 441 1608 493 lVenqeri,
1638 442 1823 481 Canonici
1850 442 2055 480 Brixinen-

1108 504 1164 542 sis
1181 535 1190 551 ,
1217 506 1554 543 Commentarium
1579 503 1625 542 cle
1650 501 1746 542 bello
1770 503 1872 542 inter
1898 504 2055 543 Venetos

1109 569 1146 603 et
1162 565 1468 616 Siyismundum,
1484 566 1748 605 Archiducem
1771 566 2058 613 Austriae,An-

1109 638 1157 665 no
1184 627 1285 667 4487
1304 658 1311 677 ,
1333 639 1414 677 seq.
1432 633 1544 677 gesto
1568 628 1729 666 exhibet
1750 628 1944 666 Freherus
1961 632 2055 666 tom.

1110 689 1295 728 lI.Germ.
1314 701 1399 740 pag.
1420 690 1592 728 449-458
1608 690 1790 728 editionis
1805 702 1930 729 novae
1945 691 2058 729 Stru-

1110 753 1431 799 vianae,secutus
1443 751 1655 790 editionem
1665 752 1931 791 Basilcensem
1943 755 1955 792 4
1968 754 2056 796 544,

1109 814 1133 851 8
1148 845 1159 861 ,
1189 824 1281 851 cum
1307 813 1501 852 Coriolani
1524 814 1707 864 Cepionis
1727 814 1930 853 Dalmatae
1951 815 2059 853 libris

1109 875 1173 913 111.
1195 874 1244 912 de
1263 875 1385 924 gestis
1404 875 1523 913 Ducis
1543 876 1683 913 Veneti
1701 905 1709 922 ,
1732 876 1834 913 Petri
1856 878 2056 915 Mocenici.

1162 935 1426 975 CONRADUS
1458 937 1586 975 Cocus
1623 936 1669 975 (le
1710 936 1908 989 Wimpina
1923 970 1933 986 ,
1973 941 2057 976 sive

1108 1011 1157 1038 ex
1174 1000 1287 1049 Fagis
1308 999 1538 1049 (Buchonia,
1557 1001 1641 1038 sive
1656 999 1868 1048 Buchovia)
1894 1000 2059 1051 Wimpi-

1109 1062 1264 1111 nensis,
1282 1061 1395 1112 opido
1411 1061 1721 1100 Odenwaldensi
1735 1093 1743 1111 ,
1758 1061 1951 1100 dioecesis
1967 1064 2061 1100 Her-

1107 1123 1347 1174 bipolensis,
1372 1124 1597 1162 Canonicus
1620 1124 1893 1163 Ecclesiarum
1919 1124 2062 1163 Cathe-

1108 1185 1276 1224 dralium
1301 1186 1696 1237 Brandenburgensis
1711 1191 1751 1225 et
1768 1187 2061 1238 Havelbergen-

1108 1248 1179 1295 sis,
1197 1248 1398 1286 Professor
1417 1247 1676 1287 Accademiae
1693 1250 1927 1300 Lipsiensis,
1955 1248 2061 1287 unde

1109 1309 1157 1348 ad
1186 1310 1412 1361 erigendam
1443 1322 1586 1349 novam
1624 1311 1901 1350 Accademiam
1938 1313 2062 1350 Fran-

1108 1371 1248 1409 cofurti
1274 1371 1321 1410 ad
1345 1372 1541 1417 Oderam‚
1575 1377 1614 1411 et
1646 1372 1694 1412 ad
1728 1373 1978 1424 Theologiam
2008 1374 2059 1412 ibi

1108 1433 1326 1472 docendam
1353 1436 1503 1473 accitus
1530 1434 1603 1473 An.
1642 1436 1757 1474 4506,
1793 1437 1935 1474 Rector
1971 1434 2059 1486 ejus

1109 1498 1262 1547 primus
1291 1499 1471 1546 exstitit,
1503 1497 1676 1548 obiitque
1712 1498 1784 1537 An.
1828 1500 1941 1539 4531.
1972 1500 2062 1537 Fuit

1111 1561 1214 1597 inter
1229 1561 1459 1611 praecipuos
1474 1561 1517 1598 D.
1537 1559 1697 1599 Lutheri
1719 1560 1969 1599 adversarios
1987 1591 1994 1607 ,
2016 1565 2057 1599 et

1111 1623 1278 1660 fortasse
1298 1623 1417 1661 etiam
1443 1621 1685 1661 architectus
1714 1623 1904 1661 Thesium
1925 1623 2063 1662 Tetze-

1112 1686 1330 1724 lianarum:
1356 1686 1476 1724 etiam
1501 1686 1604 1723 inter
1626 1696 1715 1735 605,
1741 1687 1808 1736 qui
1833 1689 1970 1724 contra
1992 1685 2065 1724 Ar-

1113 1748 1255 1786 ticulos
1283 1749 1504 1797 Torgenses
1528 1752 1568 1786 et
1591 1747 1870 1798 Augustanam
1904 1747 2068 1787 Confes-

1115 1811 1267 1850 sionem
1282 1811 1321 1848 in
1337 1810 1516 1849 Comitiis
1539 1811 1786 1861 Augustanis
1808 1812 2067 1861 scripserunt.

1112 1875 1244 1913 Vitam
1261 1872 1348 1924 ejus
1363 1876 1520 1924 praeter
1533 1877 1736 1912 auctorem
1751 1874 1962 1912 Centuriae
1973 1874 2069 1911 scri-

1113 1942 1272 1988 ptorum
1296 1948 1318 1975 a
1337 1936 1493 1975 Madaro
1518 1935 1647 1974 editae
1668 1947 1777 1974 num.
1803 1935 1865 1974 75.
1896 1934 2067 1973 Secken—

1113 1999 1300 2045 dorfium,
1327 1998 1618 2047 Loescherum,
1643 1999 1840 2037 Baelium.
1864 2002 1904 2036 et
1925 1998 1963 2035 in
1984 2008 2067 2035 me-

1113 2062 1314 2101 morandis
1323 2061 1643 2099 Francofurtanis
1658 2072 1744 2112 pag.
1756 2060 1866 2110 70,et
1880 2061 1917 2097 in
1928 2059 2064 2110 elogiis

1114 2125 1386 2163 Professorum
1414 2123 1809 2162 Francofurtensium
1841 2122 2067 2160 Johannem

1116 2185 1445 2237 Christopborum
1471 2187 1772 2232 Becmannum‚
1803 2184 1992 2235 singulari
2024 2183 2068 2220 li-

1114 2248 1216 2287 bello
1240 2248 1401 2287 tradidit
1438 2249 1480 2287 V.
1516 2249 1558 2288 C.
1594 2248 1845 2287 Christianus
1881 2244 2069 2285 Gotthold

1116 2311 1303 2360 Wilisch,
1327 2322 1496 2361 eamque
1519 2311 1725 2361 praemisit
1748 2310 1922 2348 Carmini
1942 2309 2069 2346 wim-

1116 2375 1230 2424 pinae
1246 2385 1438 2413 versuum
1455 2374 1547 2413 4881
1570 2385 1620 2411 ex
1636 2372 1728 2411 edit.
1742 2373 1932 2422 Lipsiens.
1952 2368 2066 2408 4497.

1116 2435 1162 2474 de
1176 2434 1333 2474 Alberti
1342 2435 1538 2484 Am'mosi,
1560 2436 1771 2475 Saaeonum
1785 2432 1928 2480 Ducis,
1950 2442 2069 2482 eacpe-

1116 2496 1328 2536 ditionibus
1362 2496 1510 2536 bellicis
1529 2529 1539 2545 ,
1582 2497 1687 2547 quod
1716 2498 1756 2534 in
1796 2500 1879 2533 tres
1918 2494 2070 2532 libellos

1117 2560 1316 2610 digestum
1341 2560 1435 2610 legit
1459 2563 1596 2599 auctor
1619 2558 1849 2606 Centuriae,
1872 2560 1991 2605 atque
2013 2555 2072 2591 in-

1117 2623 1238 2672 cipit:
1274 2620 1496 2660 Sam—enices
1528 2630 1720 2658 revocare
1750 2617 1868 2656 duces
1900 2614 2071 2653 conabor

1118 2683 1244 2722 avitos
1275 2689 1322 2732 a).
1359 2683 1592 2733 Altenburgi
1624 2681 1752 2726 4725,
1783 2681 1818 2718 8.
1852 2690 1901 2717 ex
1933 2678 2071 2717 eodem

1119 2737 1341 2787 catalogum
1372 2737 1608 2786 scriptorum
1631 2734 1856 2784 Wimpinae
1884 2732 1955 2770 hoc
1989 2733 2071 2770 loco

1119 2810 1353 2849 excerpere,
1377 2809 1517 2849 operae
1540 2798 1712 2849 pretium
1737 2795 1849 2842 duxi,
1873 2795 1940 2833 sed
1959 2795 2070 2846 paul-

1121 2862 1155 2898 lo
1179 2861 1252 2898 alio
1277 2859 1476 2911 digestum
1497 2859 1644 2897 ordine.

1176 2925 1208 2961 4.
1255 2923 1436 2973 Farrago
1463 2920 1826 2967 Miscellaneorum.
1857 2920 2022 2958 collecta
2046 2931 2068 2958 a

1120 2984 1295 3023 ,Iohanne
1326 2983 1517 3024 Rombech
1553 2996 1578 3022 a
1607 2984 1782 3035 Kyrspe,
1814 2983 2070 3020 Dominicano

1121 3048 1371 3095 Coloniensi,
1397 3047 1579 3087 Coloniae
1615 3047 1707 3085 1531
1730 3075 1736 3093 ,
1771 3045 1831 3083 iol.
1859 3046 1895 3082 in
1927 3043 2072 3094 quibus

1120 3110 1216 3148 liber
1230 3109 1277 3148 de
1287 3114 1392 3156 ortu,
1408 3109 1442 3157 b)
1460 3119 1671 3159 progressu
1688 3112 1727 3145 ct
1744 3107 1872 3146 fructu
1890 3107 1927 3144 S.
1945 3107 2069 3145 Theo-

1121 3174 1253 3224 logiae.
1280 3172 1473 3222 Palillogia
1504 3170 1551 3209 de
1590 3171 1742 3220 fastigio
1767 3169 1998 3221 Theologieo
2027 3169 2071 3207 li-

1174 3260 1208 3301 3)
1234 3259 1382 3291 Pavillon
1405 3259 1463 3290 der
1484 3260 1597 3290 Musen
1623 3266 1696 3298 pag.
1721 3257 1793 3290 241.
1816 3266 1883 3298 seq.

1175 3311 1210 3350 b)
1233 3310 1422 3350 Sammluug
1458 3317 1523 3342 vou
1556 3308 1648 3340 alten
1673 3307 1741 3340 und
1764 3310 1872 3340 Neuen
1897 3311 1956 3340 An.
1985 3308 2072 3340 1752.

1116 3369 1189 3402 pag.
1217 3360 1264 3391 18.
