2500 3841
932 227 1303 267 CYRICIUS
2044 230 2118 271 '213

125 304 307 355 conflictu
349 300 575 340 Pontiniani
612 299 973 338 Tarraconensium
1013 301 1085 339 Re-

119 367 183 418 9is
220 369 355 404 servat
398 364 659 403 Ambrosiana
692 363 945 401 Bibliotheca.
986 362 1085 401 Vide

122 427 281 467 Mehum
304 428 344 464 in
364 426 607 478 praefatione
624 437 710 476 pag.
728 426 926 476 XXV,qui
949 430 1084 465 tamen

123 492 186 528 vir
207 490 360 528 clariss.
384 493 424 527 et
444 499 516 539 ego
542 489 712 539 pariter,
738 489 803 538 qui
845 500 895 526 ex
922 488 984 525 illo
1021 499 1086 526 ac—

122 553 208 604 cepi
231 582 240 601 ,
264 550 523 602 corrigendus
548 552 587 588 in
612 562 657 588 eo
683 556 757 598 cst,
783 550 888 601 quod
908 550 1084 588 libellum

125 614 174 653 de
199 619 354 666 septem
371 613 505 653 Mundi
527 614 783 664 spectaculis,
807 616 847 651 et
871 612 920 649 de
940 611 1087 663 Grego-

124 677 181 714 rio
197 676 393 727 Theologo
410 679 520 714 secat
540 677 578 713 in
600 675 713 723 duos,
731 686 824 714 cum
842 674 945 713 idem
961 676 1087 712 omni-

125 750 176 776 no
199 739 252 776 sit
275 739 514 789 opusculum
537 742 581 776 ut
605 750 654 777 ex
677 737 792 776 titulo
819 737 941 775 relato
962 737 1001 773 in
1021 747 1085 774 ca-

123 801 253 852 talogo
275 800 372 839 Bibl.
396 800 677 839 Riccardianae
701 800 817 838 didici
837 813 844 838 :
871 811 918 838 en
946 799 1081 837 illum:

124 863 180 901 De
202 865 350 913 septem
379 862 522 902 Mundi
543 861 780 914 spectaculis
806 874 861 900 eac
893 859 1083 911 Greqorio

128 924 314 976 Theoloyo
342 925 398 964 acl
425 924 663 964 Feclericum
695 925 975 972 Contarenum,

178 988 240 1037 (84
265 987 362 1027 Vide
387 989 628 1027 Scalamonti
651 989 932 1036 (Franciscum,
949 987 1084 1036 script.

126 1051 236 1089 Saec,
254 1050 364 1097 XV.)
394 1050 480 1089 Vita
507 1050 551 1088 di
573 1050 732 1090 Ciriaco
755 1050 850 1089 Anc.
872 1051 910 1087 in
937 1053 963 1086 t.
988 1049 1086 1097 XV,

127 1113 190 1151 fol.
221 1113 294 1163 Op.
321 1111 484 1152 Colucci
508 1111 710 1151 Anticlii*a
741 1111 904 1160 Picene).

179 1175 416 1215 CYRICIUS
435 1204 444 1223 ,
472 1176 558 1214 sive
580 1174 785 1224 Quiricius
806 1175 950 1226 (Caveo
974 1172 1087 1224 Syri-

124 1236 222 1285 cz'us)
250 1237 474 1287 Episcopus
498 1238 807 1276 Barcinonensis
828 1238 865 1275 in
898 1237 1086 1287 Hispania

125 1300 230 1337 circa
252 1297 415 1337 Annum
440 1298 596 1337 CHristi
633 1299 710 1338 662
740 1299 857 1350 cujus
887 1297 1085 1350 Epistolas

124 1359 228 1399 duas
251 1359 298 1399 ad
325 1359 573 1399 lldefonsum
605 1361 843 1400 Toletanum
869 1372 960 1400 cum
985 1359 1086 1398 Ilde-

124 1423 226 1461 fonsi
249 1422 578 1473 responsionibus
602 1422 726 1461 edidit
767 1435 816 1462 ex
854 1421 1086 1472 Corbejensi

125 1484 270 1524 Codice
293 1485 422 1523 Lucas
457 1484 677 1524 Dacherius
713 1489 812 1524 tom.
830 1487 872 1534 I,
896 1484 1086 1536 spicilegii

126 1558 164 1598 p.
186 1546 264 1585 308
279 1546 348 1585 3⁴4
372 1557 474 1596 quas
491 1546 614 1585 habes
635 1547 820 1585 editionis
838 1558 965 1586 novae
989 1551 1085 1584 tom.

124 1609 241 1647 tertio
257 1619 344 1659 pag.
365 1608 408 1647 3⁴
421 1608 442 1646 4
461 1608 757 1648 emendatiores
767 1621 816 1648 ex
833 1608 977 1649 Codice
993 1609 1090 1647 Har-

125 1669 330 1709 densiano.
343 1671 475 1709 Priore
488 1671 667 1721 Epistola
683 1671 869 1722 Cyricius
888 1671 1088 1710 lldefonso

125 1733 272 1783 gratias
292 1733 373 1782 agit
395 1743 466 1783 pro
491 1731 621 1782 Opere
647 1733 772 1783 ipsius
787 1733 835 1772 de
852 1733 1087 1784 Virginitate

125 1797 264 1832 santae
285 1795 429 1833 Mariae
448 1798 596 1833 contra
617 1795 881 1834 Jovinianum
906 1797 947 1833 et
967 1794 1100 1833 Helvi-

129 1854 254 1894 dium.

180 1917 429 1957 CYRILLUS
452 1917 500 1956 de
533 1917 743 1957 miraculis
776 1917 1009 1970 Hieronymi
1036 1919 1085 1958 ad

129 1979 170 2018 S.
192 1977 492 2029 Augustinum‚
517 1991 610 2019 cum
642 1981 862 2031 praemissa
891 1981 967 2020 sub
1006 1979 1087 2019 Au-

127 2041 277 2092 gustini
297 2043 459 2080 nomine
483 2041 531 2080 ad
556 2042 752 2092 Cyrillum
773 2044 977 2094 Epistola,
1003 2054 1089 2082 sae-

122 2105 213 2155 pius
236 2103 380 2154 prodiit
404 2105 508 2142 inter
534 2105 574 2143 S.
599 2105 829 2155 Hieronymi
860 2106 1018 2156 Opera,
1043 2109 1088 2144 ut

121 2169 217 2204 tom.
242 2166 293 2204 IV
309 2195 319 2214 ,
338 2165 432 2205 edit.
458 2166 639 2205 Francof.
663 2167 767 2206 4648
789 2179 875 2218 pag.
899 2169 976 2207 243
995 2167 1086 2207 245.

97 2221 360 2267 ‘Lucubratio
383 2229 512 2267 Latini
536 2230 755 2280 scriptoriS,
781 2230 897 2281 longe
932 2231 1091 2269 inferio-

123 2291 178 2329 ris
201 2291 303 2338 aevi,
322 2290 473 2341 Cyrillo
490 2291 856 2342 Hierosolymitano
871 2293 1090 2344 supposita.

175 2351 426 2391 CYRILLUS
451 2354 577 2403 patria
603 2354 1090 2406 Constantinopolitanus,

129 2414 277 2452 tertius
291 2414 601 2454 Carmelitarum
616 2416 823 2455 Generalis
833 2417 881 2455 ab
898 2417 971 2455 An.
990 2418 1030 2455 Μ
1042 2416 1093 2454 97

123 2474 171 2513 ad
199 2475 329 2523 4225,
354 2475 403 2513 de
427 2488 506 2526 quo
531 2476 632 2516 Acta
663 2479 902 2517 Sanctorum
930 2479 964 2515 6.
996 2480 1094 2517 Mar-

123 2537 167 2574 tii
191 2537 320 2574 tom.I
343 2566 352 2583 ,
373 2548 460 2588 pag.
489 2539 564 2577 498
586 2569 594 2586 ,
625 2551 710 2590 seq.
736 2541 801 2579 ubi
829 2541 911 2578 vita
940 2541 1086 2590 scripta

121 2610 144 2637 a
167 2597 348 2636 Johanne
372 2599 686 2650 Palaeonydoro.
713 2601 900 2640 Traditur
924 2601 987 2640 hic
1017 2600 1091 2640 Ar-

124 2657 503 2710 meniaeApostolus
520 2661 738 2701 Soldanum
767 2664 888 2701 Iconii
907 2663 956 2702 ad
981 2663 1095 2703 Chri-

124 2723 259 2761 stiana
283 2731 395 2760 sacra
418 2720 634 2761 adduxisse
657 2754 664 2772 ,
690 2728 811 2774 atque
831 2736 990 2775 operam
1026 2726 1099 2763 im-

122 2783 320 2836 pendisse
345 2784 384 2821 in
408 2783 571 2822 Graccis
594 2784 643 2823 ad
667 2786 847 2825 Latinam
874 2786 1095 2825 Ecclesiam

123 2846 386 2886 adducendis.
409 2846 505 2884 Vide
529 2848 645 2885 Marci
667 2846 828 2885 Antonii
852 2847 996 2898 Alegre
1027 2858 1096 2899 pa-

123 2909 301 2949 radisum
328 2909 567 2948 Carmelitici
592 2909 746 2947 decoris
770 2921 857 2960 pag.
897 2910 986 2957 454,
1011 2921 1094 2959 seq.

122 2972 355 3011 Fasciculus
390 2975 616 3022 temporum
637 2971 684 3009 ad
712 2970 873 3010 Annum
911 2973 1034 3011 1224.
1058 2974 1096 3012 S.

124 3032 303 3086 Cyrillus
328 3033 508 3072 Graecus
535 3031 717 3083 melliflui
736 3030 915 3073 Carmeli
959 3035 1104 3074 Pastor

127 3099 352 3149 Doctorque
369 3100 452 3135 tum
466 3095 571 3135 vitae
589 3096 799 3134 sanctitate
822 3098 903 3134 tum
927 3096 1097 3147 Prophe-

121 3159 199 3198 tiae
221 3158 368 3211 spiritu
396 3157 642 3209 conspicuus
661 3190 670 3206 ,
714 3156 836 3196 multa
874 3157 1094 3199 conscribit

1151 298 1323 350 posteris
1334 297 1555 351 profutura
1572 298 1743 338 saeculis
1763 331 1773 348 ,
1799 303 1836 338 et
1852 299 2019 351 copiosis
2043 292 2117 339 mis

1157 360 1311 400 raculis
1334 361 1432 400 DEI
1438 365 1638 413 procurat
1651 361 1822 414 qloriam
1837 393 1847 410 ‚
1872 361 2017 401 Mundo
2034 366 2116 402 stu-

1152 435 1305 475 porem.
1331 425 1391 463 Ex
1413 426 1574 475 scriptis
1599 423 1688 475 ejus
1719 424 1923 475 Philippus
1952 425 2118 464 Ribotus

1159 487 1267 536 operi
1303 498 1376 526 suo
1405 486 1453 526 de
1496 488 1746 526 institutione
1776 491 1815 525 et
1853 488 2119 537 peculiaribus

1159 550 1283 599 gestis
1303 550 1620 596 Carmelitarum,
1646 550 1785 587 Venet.
1810 549 1923 597 4507,
1950 550 2014 589 fol.
2039 551 2119 600 Cy-

1161 610 1249 660 rylli
1279 610 1424 649 librum
1462 609 1508 648 de
1537 609 1675 650 incolis
1710 610 1890 650 Carmeli
1918 615 1956 649 et
1992 612 2120 651 incre-

1159 675 1285 709 mento
1312 671 1473 710 Ordinis
1508 672 1575 710 sui
1597 674 1775 711 inseruit.
1801 674 1968 712 Caetera
1998 679 2091 713 sunt
2112 688 2118 712 :

1159 733 1207 771 ad
1228 733 1422 772 Abbatem
1447 734 1700 772 Joachimum
1722 734 1770 772 de
1792 736 1950 774 oraculo
1967 735 2121 787 Angeli.

1157 795 1357 845 Epistolae
1381 795 1429 834 ad
1454 795 1636 834 diversos
1657 801 1696 834 et
1717 795 1763 834 ad
1794 797 2015 837 Eusebium
2043 799 2120 837 fra-

1158 861 1260 895 trem
1282 857 1508 908 singularis.
1535 857 1651 896 Liber
1683 858 1994 907 prophetiarum.
2023 861 2121 900 Vide

1157 918 1294 957 Didaci
1311 919 1447 958 Coriae
1467 920 1728 969 antiquitates
1748 919 1908 959 Ordinis
1932 923 2122 962 Carmeli-

1160 981 1226 1018 tici
1245 1009 1253 1028 ,
1287 982 1499 1032 Hispanice
1524 981 1654 1020 editas
1677 981 1884 1021 Cordubae
1907 985 2033 1032 4598,
2056 986 2118 1024 fol.

1162 1043 1225 1081 lib.
1258 1044 1309 1091 X,
1333 1055 1419 1094 cap.
1444 1043 1479 1083 7.

1217 1105 1370 1145 Statius
1391 1108 1477 1146 sive
1505 1107 1639 1146 Tatius
1658 1108 1921 1156 CYRILLUS,
1942 1111 2121 1158 tempore

1161 1169 1414 1208 Constantini
1430 1171 1558 1220 Magni
1578 1170 1691 1219 vixit,
1708 1168 1875 1220 ejusque
1891 1169 2012 1220 jussu
2039 1182 2123 1208 mo-

1160 1236 1355 1270 numenta
1375 1231 1570 1282 quaedam
1596 1231 1645 1270 de
1671 1232 1767 1269 vitis
1787 1232 2076 1282 Imperatorum
2101 1244 2121 1269 e

1159 1292 1310 1332 Graeco
1332 1295 1454 1332 vertit
1474 1295 1625 1332 Latine.
1645 1293 1744 1331 Vide
1765 1293 1915 1331 Julium
1937 1294 2122 1345 Capitoli-

1160 1366 1257 1393 num
1281 1354 1329 1394 de
1349 1355 1505 1395 duobus
1525 1356 1749 1394 Maximinis
1777 1367 1862 1406 cap.
1886 1356 1926 1402 Ι,
1946 1357 2013 1405 qui
2043 1356 2123 1394 cla-

1161 1419 1368 1457 rissimum
1395 1419 1527 1457 virum
1548 1418 1734 1468 appellat.

1216 1481 1465 1520 CYRILLUS
1486 1481 1738 1519 Trevirensis
1762 1481 1984 1532 Episcopus
2018 1482 2122 1520 circa

1163 1541 1327 1582 Annum
1352 1543 1509 1582 CHristi
1542 1543 1619 1582 458
1643 1542 1691 1582 de
1715 1554 1797 1593 quo
1834 1543 1931 1582 Acta
1957 1543 2123 1582 Sancto-

1163 1616 1253 1643 rum
1280 1606 1342 1644 49.
1363 1604 1454 1655 Maji
1478 1609 1574 1643 tom.
1603 1605 1680 1652 IV,
1705 1616 1792 1656 pag.
1819 1606 1908 1645 33¹.

1218 1668 1458 1716 CYRINUS,
1484 1678 1618 1718 supra,
1635 1667 1787 1706 ARIBO
1815 1679 1903 1719 pag.
1930 1668 2018 1713 426,
2036 1678 2121 1718 seq.

1164 1735 1204 1769 et
1228 1741 1331 1780 quae
1354 1729 1403 1768 ad
1428 1730 1559 1768 Vossii
1582 1730 1769 1781 paginam
1794 1730 1884 1768 700.
1912 1730 2096 1768 Sandius.

1211 1794 1359 1831 Petrus
1387 1792 1641 1831 CYRNAEUS
1666 1793 1847 1832 Clericus
1870 1791 2090 1831 Aleriensis
2110 1822 2119 1837 ‚

1158 1854 1276 1905 cujus
1303 1855 1619 1893 commentarius
1648 1853 1695 1892 de
1725 1853 1821 1892 bello
1857 1854 2122 1893 Ferrariensi

1159 1917 1208 1956 ab
1231 1916 1306 1955 An.
1332 1916 1486 1954 CHristi
1513 1916 1616 1955 4482
1641 1915 1690 1954 ad
1718 1917 1819 1955 1484
1845 1921 1969 1968 gesto,
1996 1928 2123 1967 nuper

1162 1981 1198 2017 in
1224 1979 1355 2018 lucem
1380 1978 1560 2029 prolatus
1583 1979 1647 2017 esf
1667 1990 1716 2017 ex
1741 1979 1849 2017 MSto
1874 1978 2018 2017 Codice
2058 1979 2120 2016 Bi-

1161 2040 1381 2080 bliothecae
1403 2041 1590 2079 Estensis
1619 2052 1640 2078 a
1665 2040 1939 2079 laudatissimo
1956 2042 2128 2079 Murato-

1163 2105 1220 2142 rio
1238 2134 1246 2153 ,
1263 2104 1450 2153 Corporis
1465 2102 1664 2154 splendidi
1684 2104 1974 2141 Historicorum
1990 2102 2125 2141 Italiae

1162 2170 1258 2204 tom.
1296 2165 1420 2213 XXI,
1451 2162 1519 2215 qui
1555 2176 1724 2203 numero
1769 2165 2023 2203 voluminum
2066 2170 2128 2202 est

1162 2228 1309 2266 XXIII.
1331 2228 1481 2265 Rerum
1507 2225 2004 2266 Corsicarum-historiam
2022 2230 2061 2265 et
2080 2226 2129 2264 de

1167 2290 1251 2328 vita
1274 2300 1320 2327 ac
1344 2288 1525 2327 doctrina
1549 2288 1671 2338 hujus
1695 2289 1867 2339 Cyrnaei
1883 2293 2130 2328 commenta-

1164 2353 1314 2391 tionem
1339 2352 1414 2390 alio
1433 2355 1541 2389 tomo
1566 2363 1586 2390 a
1610 2351 1928 2402 praeclarissimo
1952 2352 2038 2389 viro
2062 2362 2130 2389 ex—

1166 2418 1413 2466 spectamus.

1219 2475 1240 2497 *
1271 2477 1416 2516 Petrus
1444 2476 1655 2527 Cyrnaeus
1681 2475 1832 2515 Corsus
1853 2489 1864 2523 ,·
1888 2474 1980 2513 olim
2021 2476 2128 2514 enini

1168 2539 1329 2578 Corsica
1359 2539 1492 2588 Cyrne
1523 2538 1718 2589 appellata
1749 2541 1824 2585 est,
1850 2541 1969 2575 natus
1993 2541 2055 2575 est
2080 2548 2128 2575 ex

1168 2612 1341 2651 paupere
1379 2601 1524 2639 familia
1553 2601 1752 2639 Alisianae
1795 2600 1994 2638 Dioecesis
2039 2598 2130 2637 Ale-

1170 2663 1314 2700 riensis
1338 2661 1480 2712 oppido
1503 2672 1566 2699 an.
1594 2660 1696 2700 4474
1717 2673 1767 2699 ex
1781 2664 1894 2711 patre.
1909 2661 2040 2698 Picino
2060 2661 2132 2699 Fe-

1170 2725 1257 2772 lice,
1281 2724 1525 2774 professione
1549 2728 1634 2762 erat
1659 2722 1856 2770 sacerdos,
1882 2733 2124 2772 operamque

1172 2798 1287 2826 suam
1313 2785 1507 2836 impendit
1531 2785 1635 2836 apud
1660 2786 1834 2824 Venetos
1859 2784 2129 2834 typographos

1174 2851 1212 2887 in
1229 2848 1474 2900 corrigendis
1494 2852 1682 2899 typorum
1703 2846 2002 2897 speciminibus.
2018 2845 2130 2897 Opus

1172 2911 1258 2949 eius
1282 2908 1329 2948 de
1358 2908 1480 2948 rebus
1505 2908 1682 2949 Corsicis
1722 2908 1930 2959 evulgavit
1965 2906 2126 2946 tandem

1172 2974 1410 3012 Muratorius
1434 2974 1473 3010 in
1495 2976 1589 3011 tom.
1608 2973 1657 3010 24
1676 2971 1980 3023 praeclarissimi
1996 2970 2126 3020 operis

1174 3035 1259 3073 Rer.
1284 3035 1368 3074 Ital.
1396 3035 1538 3086 Script.
1582 3036 1694 3083 {anno
1721 3032 1833 3079 1738)
1870 3032 1971 3070 Haec
1998 3033 2128 3070 omnia

1173 3107 1222 3135 ex
1242 3096 1453 3135 Muratorio
1475 3096 1620 3136 ibidem
1645 3099 1807 3146 accepta
1832 3097 1938 3133 sunt.
