2500 4009
416 225 467 267 8¹⁴
868 216 871 218 ·
1169 209 1646 251 ANASTAsirs

411 305 504 332 cum
524 293 579 331 de
595 294 632 330 S.
659 293 787 329 Leone
812 286 1010 333 agendum
1029 285 1115 321 erit.
1134 283 1382 334 Opnsculum

418 357 467 394 Ill
494 355 653 393 exhibet
671 351 812 389 tielasii
836 349 848 386 l
875 348 1087 385 Decretum
1113 356 1134 382 e
1158 344 1383 383 Florentino

417 417 553 455 codiee
584 415 841 461 desumptum
866 419 957 446 cnm
979 408 1065 445 aliis
1089 406 1244 445 duobus
1267 406 1384 444 colla-

417 484 515 515 tum.
542 477 603 513 lv.
629 475 911 519 Fragmentum
937 468 1115 518 Catalogi
1148 467 1384 506 Pontificalis

419 541 456 575 in
476 533 609 581 Vigflio
646 534 851 573 desinens,
877 529 980 580 qnod
1008 530 1200 577 integrius
1230 528 1384 566 recudi-

419 605 502 642 tur,
527 584 646 645 qnam
674 596 872 641 legeretur
917 594 953 630 in
980 596 1073 629 tom.
1114 592 1165 629 lII
1204 589 1382 628 eiusdem

418 658 601 695 editionis
630 655 931 694 Anastasianae.
972 652 1222 702 Opusculum
1253 652 1282 688 V
1315 650 1384 688 dat

421 719 687 767 fragmentum
712 716 935 754 invectivae
961 715 999 751 in
1022 714 1186 751 Romam
1209 723 1278 762 pro
1299 713 1387 749 For-

423 790 544 816 moso.
571 778 819 828 Opusculum
849 777 898 814 vt
924 776 995 813 fert
1027 774 1284 824 appendIcem
1315 783 1385 811 seu

421 842 624 879 varIantes
647 839 694 877 ad
723 838 1045 886 Martyrologium
1078 835 1204 874 Bedae
1234 834 1385 872 editum

422 905 460 940 in
486 902 676 952 principio
702 901 796 937 tomi
825 901 855 936 ll
882 898 1072 936 Actorum
1111 898 1179 934 SS.
1212 895 1386 934 Bollandi

421 963 609 1001 collatum
646 973 738 1000 cum
766 960 899 997 codice
921 959 1135 997 Veronensi
1155 957 1289 994 seculo
1305 957 1389 994 Cir-

420 1026 521 1062 citer
545 1026 592 1062 X.
618 1024 681 1060 vn
704 1022 942 1072 opusculum
973 1020 1133 1057 exhibet
1153 1018 1386 1056 I'salterinm

420 1097 512 1124 enm
538 1086 711 1123 Canticis
732 1083 844 1132 juxta
877 1082 1082 1128 vulgatam
1112 1080 1319 1128 antiquam
1348 1083 1387 1115 et

424 1147 561 1185 Italam
587 1146 810 1182 versionem
835 1155 925 1182 cnm
952 1141 1200 1180 variantibus
1219 1169 1228 1185 ‚
1248 1144 1288 1176 et
1311 1139 1390 1177 col-

424 1209 570 1246 latione
612 1208 794 1244 instituta
837 1216 928 1243 cum
974 1203 1060 1241 aliis
1101 1202 1389 1239 vetustissimis

423 1269 646 1316 Psalteriiis.
671 1267 821 1315 Excipit
840 1266 933 1302 haec
950 1264 1080 1301 omnia
1097 1262 1273 1312 Cajetani
1290 1263 1391 1301 Cen-

424 1330 461 1365 ni
487 1328 707 1377 presbyteri
739 1326 988 1363 Pistoriensis
1008 1324 1267 1373 Chronologia
1295 1324 1391 1362 Cae-

422 1401 535 1427 sarea
562 1388 763 1426 Pontiiicia
783 1387 878 1424 tomi
905 1387 952 1425 lv
977 1386 1036 1424 ab.
1058 1396 1119 1423 an.
1143 1385 1288 1424 Christi
1313 1386 1388 1424 590

426 1461 553 1499 usque
577 1449 625 1487 ad
652 1449 740 1486 768.
768 1448 785 1470 ¹*

478 1513 621 1549 Totum
642 1522 737 1548 vero
754 1510 978 1548 luculenter
1002 1510 1242 1547 recensitum
1259 1513 1391 1547 exstat

427 1584 528 1611 novo
554 1571 733 1621 ejusdem
762 1569 950 1621 Vessqnolii,
971 1582 991 1607 c
1005 1571 1013 1617 )
1035 1571 1179 1608 Romae
1199 1570 1300 1609 1721
1318 1570 1392 1607 for-

425 1644 488 1671 ma
521 1637 662 1682 quarta
698 1632 871 1681 majore,
909 1636 1028 1680 atque
1067 1631 1141 1669 snb
1177 1631 1280 1668 idem
1311 1631 1390 1668 sere

428 1698 589 1743 tempus
605 1693 822 1731 Clarissimi
844 1690 1062 1730 Mnratorii
1083 1691 1213 1729 studio
1232 1692 1268 1727 in
1286 1695 1390 1727 tomo

424 1755 538 1791 tertio
563 1765 694 1791 rernm
715 1754 936 1791 Italicarum
957 1783 964 1799 ,
986 1752 1189 1790 Mediolani
1210 1750 1311 1789 4723
1329 1751 1389 1787 Iol.

423 1814 555 1852 addita
579 1814 623 1861 d)
649 1816 768 1851 etiam
794 1815 958 1851 aliornni
976 1817 1183 1849 auctorum
1205 1814 1389 1847 veterum

423 1876 714 1912 continuatione
739 1874 787 1911 de
818 1874 917 1911 Vitis
941 1872 1175 1910 Pontificum
1209 1882 1231 1908 a
1261 1872 1390 1908 Leone

430 1937 482 1973 IX
502 1935 550 1973 ad
572 1937 764 1973 Joannem
784 1935 909 1972 XXII.
969 1930 972 1933 ⁴

477 1995 698 2035 Chronicon
714 1996 834 2033 breve
847 1993 1084 2033 Cass-mense
1102 1995 1139 2030 in
1157 2003 1260 2031 anno
1277 1993 1394 2030 Cllri-

424 2063 472 2095 sti
496 2057 572 2095 857
596 2057 785 2094 desinens
803 2085 810 2101 ,
828 2055 933 2105 quod
952 2055 1164 2092 Anastasio
1185 2054 1390 2100 tribuitur,

423 2118 544 2155 edidit
582 2117 765 2155 laudatus
804 2118 1038 2154 Muratorins
1076 2120 1180 2152 tomo
1219 2113 1392 2151 secundo

426 2188 590 2223 nias-'nac
614 2178 717 2215 illius
738 2182 857 2226 atque
876 2177 983 2213 Italis
1001 2176 1135 2213 Iuniori
1158 2187 1315 2225 semper
1336 2175 1393 2212 sn-

423 2245 535 2275 turae
560 2239 802 2275 collectionis
828 2243 920 2275 toni.
949 2238 977 2274 II
999 2268 1006 2285 ,
1034 2250 1069 2287 p.
1096 2238 1172 2274 ‘229
1196 2237 1265 2273 sed
1291 2237 1393 2274 Ana—

425 2300 591 2337 stasium
623 2304 822 2337 auctorem
854 2310 943 2336 esse
969 2301 1034 2336 vix
1066 2310 1109 2337 ac
1141 2311 1189 2336 ne
1211 2300 1277 2336 vix
1307 2299 1393 2347 qui-

425 2360 515 2398 dem
543 2361 613 2398 sibi
640 2361 865 2411 persuadet.

479 2421 655 2472 Epistola
665 2422 718 2460 od
731 2422 903 2461 Adonem
920 2422 1393 2473 Archiopiscopumvien-

427 2494 609 2521 nensem.
628 2488 747 2533 atque
771 2485 894 2522 altera
915 2484 961 2522 (le
977 2483 1082 2521 obilu
1098 2483 1251 2522 xie-olai
1272 2484 1301 2521 I.
1321 2485 1394 2521 Po-

424 2556 498 2593 pae
522 2548 559 2581 et
577 2543 758 2583 electione
784 2546 916 2596 Papae
937 2545 1139 2583 Hadriani
1162 2546 1201 2583 II
1219 2551 1259 2582 et
1279 2547 1391 2582 tertia

427 2605 482 2642 ml
499 2605 761 2644 llt'ucmarum
781 2608 968 2653 leguntur
991 2609 1027 2644 in
1049 2609 1167 2645 tomis
1187 2607 1390 2645 Coneilior.

427 2667 540 2717 Regia
567 2669 748 2706 XXXIII.
774 2669 913 2709 Labbci
946 2670 1042 2708 vlu.
1070 2668 1257 2708 Ilarduini
1280 2668 1324 2707 V.
1354 2672 1393 2706 et

427 2727 576 2766 Veneta
601 2729 724 2767 Coleti
750 2731 798 2768 X.

479 2789 646 2827 Martini
679 2790 710 2827 Ι.
749 2793 874 2842 Papae
910 2791 1109 2843 Epe'stolas
1144 2793 1259 2839 XIV,
1295 2792 1390 2839 XV,

428 2850 667 2898 XVI,XVII
703 2857 742 2889 et
777 2854 899 2891 XVIII
937 2865 1075 2891 versas
1099 2854 1147 2891 ab
1183 2852 1391 2891 Anastasio

427 2910 585 2948 exhibet
615 2917 654 2949 et
683 2913 962 2962 praefationem
993 2913 1080 2964 ejus
1103 2914 1150 2952 ad
1181 2915 1388 2952 Martinum

481 2998 512 3034 e)
539 3001 619 3029 Acta
642 3000 856 3031 Eruditorum
876 3003 936 3031 An.
961 2999 1061 3038 1727,
1080 3008 1155 3039 pag.
1173 3000 1227 3031 5⁶2.
1255 2999 1390 3031 Journal

426 3044 481 3077 des
505 3050 646 3078 §cavans
671 3051 731 3078 An.
752 3048 831 3079 1720
855 3052 932 3079 Jun.
957 3058 1032 3089 pag.
1058 3050 1132 3081 278.
1157 3051 1329 3082 Memoires
1351 3049 1390 3080 de

429 3096 576 3126 Trevoux
595 3100 631 3129 A.
652 3095 750 3134 1727,
770 3106 845 3137 pag.
863 3098 917 3129 89.

480 3142 513 3178 (l)
544 3144 621 3175 Vide
651 3152 868 3185 conspectum
900 3155 1010 3178 meum
1040 3148 1186 3180 thesauri
1219 3149 1383 3179 Litterarii

429 3190 541 3221 ltaliae
557 3201 632 3231 pag.
647 3195 687 3224 '227
704 3204 774 3234 seq.
793 3199 825 3226 et
841 3199 921 3226 Acta
939 3196 1157 3228 Eruditorum
1176 3201 1270 3228 Anno
1289 3196 1382 3234 1724,

428 3245 502 3275 9²¹ss-
526 3239 586 3268 377
603 3250 670 3281 §rq-
695 3244 751 3274 ubi
771 3246 872 3275 etiam
895 3246 933 3276 de
954 3245 1053 3276 Petra·
1080 3247 1201 3277 Boe'rii
1226 3248 1382 3285 Episcopi

422 3288 574 3317 circaAn.
585 3289 618 3319 C.
631 3289 718 3322 1330.
734 3294 930 3326 urbevetani
941 3296 1026 3326 notis
1040 3296 1072 3326 in
1084 3298 1293 3327 ‚anastasium
1303 3297 1385 3327 MSS.

1458 282 1718 321 Narniensem
1728 281 1971 332 Episcopum
1987 285 2179 320 memorat
2188 282 2325 322 Binius
2335 287 2428 323 tom.

1456 344 1502 382 ll.
1525 343 1732 383 Concilior.
1754 343 1847 382 edit..
1874 342 1975 381 1618
1992 346 2113 392 atque
2129 343 2220 383 inde
2239 345 2314 384 alii.

1506 404 1852 451 ANASTASIUS‚
1890 404 2104 443 Monachus
2143 405 2423 455 (laminensis,

1457 469 1466 517 (
1483 469 1596 506 Petro
1612 468 1782 505 Diacono
1801 464 1984 515 ignotus)
2001 465 2328 507 Bibliothecarius
2343 469 2430 507 Ste-

1457 529 1575 579 phani
1602 529 1647 573 ll,
1672 527 1736 564 vel
1761 526 1811 563 111
1835 525 1992 563 saeculo
2016 530 2156 564 oct-avo
2179 526 2403 568 declinante
2419 559 2428 577 ,

1457 590 1519 628 cui
1546 588 1729 626 tribuunt
1750 586 1956 623 historiam
1981 597 2031 624 an
2053 586 2226 625 fabulam
2253 587 2302 626 de
2326 593 2434 628 tran-

1459 651 1623 687 slatione
1653 648 1777 698 partis
1806 647 2062 696 reliquiarum
2097 647 2137 686 S.
2160 647 2365 687 Benedae‘cti
2390 655 2431 688 et

1460 712 1605 749 sororis
1627 709 1714 759 ejus
1738 706 2007 747 scholasticae
2025 735 2033 756 ,
2055 718 2176 758 quam
2194 709 2272 748 MS.
2293 709 2431 750 habuit

1460 771 1662 812 Arnoldus
1682 771 1812 808 Wion.

1514 831 1853 880 ANASTASIUS,
1880 828 2094 882 Presbyter
2135 834 2177 870 et
2210 830 2432 883 Apocrisia-

1462 897 1544 934 rins
1563 896 1709 933 Romae
1732 894 1836 931 circa
1859 892 1904 930 Α.
1931 893 1974 932 C.
2004 893 2080 931 664
2105 892 2222 943 eujus
2249 893 2430 946 Epistola

1461 956 1516 995 (ul
1556 954 1808 994 Theodosium
1846 952 2129 1005 Presbyterum
2163 954 2432 1006 Ganqrensem

1461 1022 1595 1057 exstat
1619 1029 1666 1055 ex
1698 1016 1897 1055 Anastasii
1935 1015 2226 1054 Bibliothecarii
2249 1017 2432 1055 versione

1463 1082 1500 1118 in
1526 1080 1646 1129 hujus
1664 1078 1926 1117 collectaneis
1946 1077 1995 1116 ad
2019 1078 2334 1116 controversiam
2354 1079 2433 1116 Mo-

1464 1141 1760 1180 notheletarum
1787 1139 2063 1190 spectantibus
2086 1150 2188 1190 quae
2211 1139 2334 1178 edidit
2356 1139 2436 1178 Sir-

1467 1203 1638 1242 mondus
1662 1203 1784 1241 Paris.
1817 1201 1919 1241 1720
1941 1232 1948 1252 ,
1973 1201 2016 1250 8,
2045 1212 2188 1241 recusa
2215 1201 2374 1240 Parisiis
2393 1205 2434 1240 et

1464 1265 1680 1302 novissime
1707 1265 1885 1302 Venetiis
1910 1265 1948 1301 in
1972 1267 2080 1301 tomo
2100 1264 2216 1302 tertio
2236 1262 2433 1302 Sirmondi

1463 1326 1636 1376 Operum
1666 1336 1751 1376 pag.
1778 1324 1853 1364 573
1880 1329 1920 1363 et
1951 1329 2044 1363 ante
2074 1328 2229 1364 tomum
2258 1324 2432 1375 primum

1463 1387 1636 1437 Operum
1662 1388 1701 1426 S.
1726 1388 1885 1426 Maximi
1920 1386 2202 1427 combefisiani
2230 1387 2270 1425 P.
2296 1385 2433 1425 LXVII

1464 1452 1503 1486 et
1523 1452 1616 1486 tom.
1641 1449 1727 1487 XII.
1749 1449 1845 1486 Bibl.
1873 1449 2036 1487 Patrum
2058 1448 2180 1499 Lugd.
2201 1459 2288 1498 pag.
2313 1447 2403 1487 858.

1516 1509 1802 1549 ANATOLIUS
1837 1508 2153 1556 Alexandrinus,
2178 1507 2434 1547 Laodicensis

1463 1572 1700 1622 Episcopus,
1721 1582 1841 1620 quem
1867 1570 1943 1609 sub
1967 1569 2091 1608 Probo
2106 1574 2147 1609 et
2163 1571 2262 1610 Caro
2282 1569 2436 1608 floruis-

1466 1643 1508 1670 se
1534 1633 1800 1682 Hieronymus
1833 1643 1917 1683 cap.
1940 1630 2001 1669 37.
2032 1631 2209 1681 Cat-alogi
2234 1634 2434 1678 testatur,

1465 1692 1612 1730 Graece
1651 1703 1726 1730 non
1759 1694 1896 1731 Latine
1920 1693 2106 1742 scripsit,
2131 1691 2204 1730 sed
2237 1690 2434 1730 Cononem

1464 1752 1552 1801 ejus
1576 1752 1808 1790 paschalem
1827 1765 1875 1791 ex
1894 1755 2019 1791 veteri
2039 1754 2178 1791 Latina
2195 1752 2329 1791 Rufini
2345 1764 2435 1791 ver-

1464 1814 1573 1850 sione
1594 1813 1774 1863 vulgavit
1798 1814 1981 1863 notisque
2013 1814 2229 1853 illustravit
2248 1813 2434 1864 AEgidius

1465 1874 1685 1913 Bucherius
1710 1875 1748 1911 In
1772 1874 1951 1913 doctrina
1973 1879 2200 1926 temporum
2224 1873 2432 1926 Antwerp.

1467 1935 1568 1974 1631
1598 1935 1660 1973 fol.
1690 1946 1775 1985 pag.
1809 1936 2008 1974 439-449.

1519 1998 1660 2035 Petrus
1683 1996 2043 2040 ANCIIARANUS‚
2066 1997 2152 2036 sive
2168 1997 2217 2036 de
2232 1996 2433 2037 Anchara-

1467 2068 1517 2094 no
1539 2058 1663 2096 JCtus
1686 2060 1752 2107 qui
1769 2060 1966 2096 Bononiae
1981 2057 2116 2097 docuit
2130 2057 2318 2108 diemque
2338 2059 2432 2097 obiit

1466 2118 1539 2155 An.
1559 2119 1671 2157 1110.
1698 2121 1750 2157 De
1776 2119 1880 2157 illius
1897 2120 2056 2169 seriptis
2071 2119 2279 2158 Warthius
2294 2120 2343 2158 ad
2359 2121 2432 2160 Ca—

1467 2190 1586 2217 veum
1603 2185 1642 2217 et
1657 2180 1838 2218 Oudinus
1854 2185 1960 2218 tomo
1986 2181 2049 2218 III.
2073 2191 2158 2230 pag.
2186 2181 2300 2220 4239.
2317 2193 2401 2232 seq.

1521 2240 1539 2262 ³¹⁶
1564 2242 1722 2279 Praeter
1737 2243 1883 2292 scripta
1899 2254 1921 2280 a
1941 2242 2175 2280 Warthonio
2191 2254 2431 2283 commemo-

1468 2306 1550 2340 rata
1580 2307 1713 2341 exstat
1735 2304 1821 2341 eius
1850 2305 2054 2354 responsio
2091 2305 2249 2343 nomine
2277 2305 2430 2344 concilii

1466 2364 1593 2401 Pisani
1615 2364 1705 2401 data
1729 2365 1922 2416 Episcopo
1938 2365 2187 2404 verdunensi
2212 2366 2339 2416 legato
2353 2367 2429 2404 Ro-

1468 2424 1564 2461 berti
1586 2436 1633 2462 ex
1659 2426 1846 2464 Bavariae
1870 2426 1971 2465 duee
1993 2427 2112 2477 Regis
2134 2428 2400 2466 Romanorum
2419 2457 2428 2476 ,

1467 2497 1585 2534 quam
1616 2498 1686 2533 ego
1716 2487 1924 2537 hucusque
1955 2487 2143 2526 ineditam
2184 2499 2206 2527 e
2235 2488 2319 2527 cod.
2349 2490 2428 2528 MS.

1469 2550 1550 2598 ipsa
1575 2551 1676 2587 l‘etri
1700 2560 1820 2587 manu
1845 2550 2000 2597 signato
2023 2553 2244 2589 extractam
2267 2551 2428 2602 vulgavi

1467 2611 1503 2646 in
1530 2621 1616 2648 meo
1645 2611 1911 2649 conciliorum
1938 2611 2216 2661 supplemento
2240 2615 2348 2650 tomo
2375 2613 2427 2651 111

1467 2671 1580 2709 1099.
1618 2672 1831 2710 Petitiones
1862 2673 2044 2723 Episcopi
2079 2672 2351 2712 Verdunensis
2378 2684 2428 2712 ex

1467 2732 1654 2770 Daeherio
1679 2732 1858 2771 Labbeus
1882 2732 2061 2782 dederat3
2086 2737 2127 2772 at
2149 2745 2242 2773 cum
2269 2733 2318 2772 ad
2347 2734 2428 2772 sin-

1465 2793 1577 2843 gulas
1597 2795 1819 2845 petitiones
1838 2794 1982 2833 breves
1997 2793 2191 2844 quaedam
2206 2795 2427 2843 responsio-

1466 2867 1537 2894 nes
1562 2858 1600 2894 in
1625 2867 1696 2895 suo
1717 2855 1849 2894 codice
1867 2855 2089 2894 Daeherius
2104 2858 2246 2893 nactus
2263 2853 2423 2905 fuisset3

1466 2917 1537 2955 has
1566 2919 1711 2967 pariter
1739 2916 1847 2955 dedit
1872 2916 2053 2955 Labbeus
2075 2919 2187 2954 ratus
2216 2914 2288 2953 has
2318 2915 2423 2965 ipsas

1464 2990 1554 3017 esse
1578 2979 1856 3028 responsiones
1880 2988 1901 3016 a
1926 2977 2098 3015 Concilio
2119 2975 2258 3014 editas.
2281 2976 2423 3027 Reipsa

1463 3045 1595 3079 tamen
1616 3039 1893 3089 responsiones
1918 3037 2004 3075 illae
2021 3036 2174 3075 Codicis
2190 3036 2420 3076 Daeheriani

1463 3102 1560 3139 forte
1583 3098 1781 3149 extemplo
1804 3097 1918 3135 datae
1943 3101 2057 3144 sunt,
2081 3096 2151 3135 sed
2172 3097 2293 3135 fusior
2309 3102 2349 3137 et
2365 3098 2422 3137 di-

1461 3163 1640 3211 ligentior
1660 3159 1860 3210 responsio
1889 3157 1979 3195 dein
2003 3157 2194 3196 adornata
2225 3162 2287 3196 est
2317 3171 2421 3210 quae

1460 3235 1529 3273 per
1552 3235 1614 3261 me
1640 3221 1798 3268 ibidem,
1823 3222 1867 3257 ut
1886 3216 1967 3267 jam
1994 3219 2101 3257 innui
2126 3218 2351 3269 evulgatur.

1513 3286 1670 3323 Praeter
1693 3282 1787 3320 haec
1811 3281 1849 3318 in
1867 3279 1961 3319 Cod.
1986 3280 2063 3320 MS.
2090 3279 2330 3321 Bibliotheca
2349 3282 2421 3320 Fe-
