2500 3841
883 186 1314 228 ALCADINUS
2053 195 2101 234 51

158 262 464 311 ALCADINUS,
486 260 641 299 Garsini
663 260 903 311 Syracusani
927 261 1064 312 Filius,

104 327 282 368 medicus
305 324 462 365 Henrici
481 324 532 362 IV
565 323 834 373 Imperatoris,
859 327 1065 374 artemque

100 401 214 429 suam
240 388 391 428 Salerni
418 386 641 438 professus,
667 385 700 423 si
725 385 896 435 Scipioni
925 386 1067 425 Mazcl-

100 453 160 491 lae
192 452 233 489 in
262 448 586 500 Antiquitatibus
602 446 829 485 Puteolanis
858 446 981 496 fideS,
1023 452 1064 487 et

100 514 202 553 alius
226 511 387 564 quidam
416 514 532 562 poeta
553 509 806 559 Ebolitanus,
830 514 956 548 metro
981 508 1065 548 bal-

96 587 193 615 neas
233 572 471 614 Puteolanas
511 570 734 622 descripsit.
759 572 864 610 Haec
892 571 1063 611 Thomas

95 639 304 678 Reinesius
315 638 354 675 in
363 635 595 675 defensione
610 634 819 674 Variarum
829 635 1060 674 Lectionum

101 713 187 753 pag.
220 700 308 740 444.

147 762 369 804 ALCIMUS
403 759 645 801 ECDICl'US
683 757 868 799 AVITUS
890 789 898 805 ,
939 771 1061 811 nepos

96 825 205 865 Aviti
228 823 303 864 An.
328 824 486 864 CHristi
509 823 604 871 455,
630 822 705 861 456
725 833 795 872 per
819 826 973 873 septem
997 823 1060 862 vel

96 892 184 926 octo
205 898 365 926 menses
386 886 407 908 ’ἦ
426 885 695 936 Imperatoris,
716 885 842 923 Patris
858 896 952 923 vero
973 886 1061 924 Isici

97 949 273 989 Αῐι.-490
292 950 332 988 in
351 948 705 999 Archiepiscopatu
732 946 947 986 Viennensi
971 957 1062 985 suc—

93 1022 248 1062 cessor,
267 1011 438 1063 praefuit
458 1009 630 1050 Concilio
646 1009 871 1059 Epaonensi
890 1007 964 1047 An.
982 1010 1023 1048 54
1035 1007 1059 1047 7

95 1073 280 1125 diemque
302 1074 396 1112 obiit
413 1072 528 1112 Anno
551 1072 641 1111 523.
661 1073 718 1110 De
737 1081 782 1110 eo
802 1074 958 1121 praeter
977 1070 1059 1109 edi-

94 1140 201 1176 tores
223 1135 406 1176 adeunda
424 1134 524 1175 Acta
544 1135 779 1174 Sanctorum
800 1134 823 1172 5
843 1133 1056 1182 Februarii,

94 1202 188 1237 tom.
210 1200 225 1238 Ι
246 1210 333 1250 pag.
356 1198 432 1237 660
449 1209 535 1248 sqq.
556 1197 613 1235 De
626 1195 789 1234 Judaeis
809 1205 879 1245 per
891 1193 1057 1234 Avitum

92 1261 333 1313 Episcopum
353 1259 581 1300 Arvernum
599 1257 648 1297 ad
663 1248 873 1297 CHristum
894 1267 1060 1296 conver-

94 1323 151 1362 sis
181 1324 402 1362 Venantius
434 1323 677 1360 Fortunatus
700 1319 797 1358 libro
819 1320 853 1358 V
875 1319 1058 1358 Carmine

102 1387 139 1436 5,
161 1386 226 1436 qui
249 1386 368 1425 etiam
388 1384 500 1435 plura
531 1384 569 1421 in
590 1381 698 1422 Aviti
727 1381 885 1421 laudem
914 1382 977 1420 lib.
1007 1383 1059 1421 111

94 1448 278 1487 Carmine
298 1447 348 1486 26
370 1457 479 1497 seqq.
496 1446 553 1485 De
578 1445 738 1496 scriptis
757 1448 798 1483 et
820 1444 1058 1484 editionibus

95 1508 183 1560 ejus
203 1509 292 1548 nolo
312 1513 511 1560 repetere,
527 1519 629 1559 quae
653 1508 787 1546 notavi
809 1508 848 1546 in
866 1508 905 1546 in
922 1507 1062 1546 Biblio-

96 1571 212 1611 theca
233 1572 374 1611 Latina
391 1572 455 1620 IV,
482 1571 506 1611 2
531 1575 572 1610 et
591 1581 693 1621 quae
721 1569 827 1621 apud
841 1571 1060 1621 Leyserum

100 1634 140 1673 in
158 1634 330 1674 Historia
347 1634 557 1673 Poetarum
577 1632 697 1672 medii
716 1632 805 1672 aevi
824 1643 910 1683 pag.
941 1631 992 1670 87
1021 1636 1062 1671 et

95 1697 273 1737 Caveum
296 1697 473 1747 aliosque
493 1696 674 1746 exposita
694 1699 809 1742 sunt,
828 1695 895 1746 qui
918 1695 955 1732 in
977 1705 1062 1733 car-

92 1759 267 1798 minibus
289 1757 377 1808 ejus
396 1758 520 1797 sacris
537 1756 628 1808 jure
658 1758 799 1796 merito
818 1768 965 1796 venam
994 1756 1062 1795 do-

87 1826 194 1861 ctam
202 1820 508 1872 expeditamque
523 1819 742 1858 celebrant.
753 1818 855 1858 Illud
870 1818 1056 1857 observa-

88 1886 140 1922 tis
158 1883 249 1922 alibi
265 1882 382 1933 juvat
400 1882 636 1933 adjungere,
669 1880 775 1931 quod
811 1882 850 1920 in
878 1880 1055 1933 Epistola

85 1944 194 1985 Aviti
215 1944 391 1984 secunda
411 1947 452 1983 et
470 1945 588 1983 tertia
605 1947 820 1982 occurrunt
835 1943 1056 1994 fragmenta

88 2019 139 2047 ex
158 2005 260 2046 libro
283 2006 370 2059 ejus
393 2005 439 2045 de
462 2005 762 2045 Incarnationc:
788 2005 937 2044 Deinde
954 2005 1056 2056 frag-

89 2073 226 2108 menta
245 2067 341 2108 libri
351 2067 399 2107 de
416 2067 628 2108 Divinitate
644 2066 819 2119 Spiritus
835 2067 975 2107 Sancti
987 2067 1055 2106 de-

88 2130 146 2170 dit
164 2131 352 2170 Baluzius
381 2134 475 2170 tom.
505 2132 521 2170 Ι
550 2130 710 2171 Miscell.
754 2141 842 2182 pag.
874 2131 962 2169 364.
993 2130 1055 2170 Ex

87 2192 269 2233 Homiliis
291 2192 339 2233 de
359 2191 650 2245 rogationibus,
672 2192 718 2216 *ἵ*
750 2204 852 2244 quas
876 2197 969 2232 ante
1000 2193 1054 2231 fe—

87 2259 198 2296 stum
216 2254 444 2295 Ascesionis
473 2256 602 2296 tribus
631 2255 771 2295 diebus
799 2255 1055 2295 celebrandas

91 2319 320 2358 instituerat
333 2319 553 2358 Mamertus
564 2320 788 2370 Episcopus
803 2319 1055 2367 Viennensis,

87 2380 154 2419 illa
172 2391 274 2431 quae
298 2381 449 2432 incipit:
471 2380 616 2422 Currit
636 2380 794 2433 quidem
819 2379 978 2420 tramite
999 2380 1058 2420 vi-

90 2440 176 2490 tali,
198 2454 277 2481 non
299 2443 415 2482 modo
437 2444 475 2482 in
496 2442 605 2483 Aviti
635 2443 874 2483 editionibus
897 2444 1056 2494 saepius

90 2503 191 2542 vidit
219 2505 367 2554 lucem,
388 2505 458 2545 sed
479 2507 598 2545 etiam
623 2507 662 2545 in
685 2505 927 2546 Bibliotheca
956 2505 1058 2545 Con-

89 2566 301 2604 cionatoria
321 2567 545 2607 Combelisii
557 2597 566 2615 ,
580 2569 672 2606 etin
690 2566 802 2606 Actis
819 2568 1056 2607 Sanctorum

88 2628 144 2667 XI
163 2626 252 2678 Maji
275 2639 361 2679 pag.
383 2628 472 2667 634.
497 2627 625 2667 Aliam
646 2640 742 2667 vcro
778 2629 978 2667 homiliam
1005 2627 1058 2667 Α-

52 2718 63 2728 ,
88 2691 161 2728 viti
181 2690 218 2728 in
240 2690 335 2729 feria
351 2690 373 2729 3
396 2691 434 2728 in
455 2690 722 2740 rogationibus
737 2690 859 2729 edidit
874 2690 1055 2731 Edmun-

89 2752 166 2792 dus
184 2753 358 2792 Martenc
382 2755 475 2790 tom.
492 2752 525 2790 V
545 2752 738 2791 Thesauri
757 2750 1052 2790 Anecdotorum

88 2825 174 2866 pag.
197 2815 245 2853 49
269 2825 371 2865 quae
392 2814 545 2864 incipit:
580 2813 766 2864 chimus
805 2812 846 2851 in
873 2813 1053 2851 Historia

90 2878 248 2928 Reyum.
270 2877 331 2916 Ex
355 2876 440 2916 aliis
461 2876 522 2914 dic
546 2876 691 2926 primo,
713 2874 888 2913 secundo
908 2877 948 2912 ct
975 2878 1052 2912 tor-

89 2940 143 2977 tio
161 2940 440 2991 Rogationum,
466 2939 689 2989 fragmenta
709 2937 886 2975 servavit
913 2936 1051 2975 Florus

91 3001 289 3040 Diaconus
309 3000 431 3052 Lugd.
458 3002 496 3039 in
519 3000 628 3039 Pauli
656 2998 869 3050 Epistolas,
905 3008 1005 3047 quac
1029 3010 1051 3036 a

93 3063 299 3103 Sirmondo
319 3063 400 3115 jam
425 3063 587 3115 vulgata
607 3066 716 3112 sunt,
740 3061 804 3100 ubi
829 3061 947 3099 etiam
985 3072 1053 3098 cx-

146 3186 160 3200 *
174 3187 254 3218 vide
271 3187 437 3219 valesium
453 3186 493 3218 ad
508 3188 642 3227 Evagrii
657 3188 741 3218 nist.
761 3185 816 3215 117
833 3192 906 3224 pag.
922 3183 972 3214 69.
986 3191 1055 3222 seq.

147 3236 175 3254 ⁴¹
197 3239 243 3266 De
267 3236 317 3268 his
341 3239 483 3268 Joanncs
501 3239 622 3269 Savaro
646 3236 686 3267 ad
710 3235 836 3266 Sidonii
853 3232 1053 3272 Apollinaris

86 3284 145 3316 lib.
165 3286 186 3316 7
210 3287 318 3326 Epist.
342 3285 372 3318 1.
398 3288 563 3318 nai-onius
582 3287 623 3319 ad
647 3283 857 3325 martyrolog.
894 3284 986 3314 Rom.
1010 3281 1052 3313 ‘25

88 3333 190 3374 April.
212 3338 244 3366 et
267 3334 308 3366 ad
331 3338 367 3368 Α.
390 3336 425 3368 C.
447 3335 520 3367 475.

1138 267 1274 315 cerpta
1301 274 1351 302 cx
1381 262 1496 303 libris
1524 264 1630 304 Aviti
1659 269 1797 305 contra
1833 265 2101 316 Phantasma,

1142 326 1228 365 sive
1251 330 1389 365 contra
1424 327 1708 378 Eutychianos.
1732 329 1793 368 Ex
1819 327 1933 368 libris
1962 335 2002 368 ct
2046 343 2101 369 ca:

1138 387 1326 439 Epe'stolis
1350 392 1488 428 contra
1501 389 1692 440 Arianos,
1715 402 1765 430 cx
1782 389 1882 430 libro
1904 391 1951 431 dc
1974 392 2101 432 CIIrc'-

1136 450 1189 489 sti
1208 451 1432 490 Divtnzlate.
1469 453 1530 492 Ex
1552 453 1739 497 Sermone
1761 452 1807 492 de
1830 454 1969 494 Natali
1995 455 2101 496 Cali-

1136 514 1210 562 ce's,
1235 513 1281 552 dc
1306 513 1490 565 passione
1527 515 1699 565 Domini,
1723 515 1786 555 de'c
1812 516 1945 569 primo
1973 522 2011 557 et
2037 519 2100 558 dic

1134 579 1249 615 seat-to
1268 575 1463 623 Paschae,
1488 575 1535 615 dc
1567 577 1820 618 adscensionc
1855 580 2029 629 Domini,
2059 582 2099 620 z'n

1135 637 1378 677 ordinatione
1399 637 1600 690 Episcopi,
1625 640 1671 678 dc
1695 641 1890 692 Symbolo,
1915 642 1963 682 cle
2002 645 2099 684 Pen-

1137 705 1290 748 tecoste,
1315 700 1361 739 dc
1380 701 1498 750 Jona,
1524 701 1572 740 de
1591 708 1761 742 ascensu
1782 704 1913 756 Elz'ae,
1938 706 1979 745 in
1992 707 2099 747 decli-

1135 764 1286 802 catione
1300 762 1542 815 Archanyelz'
1552 764 1772 814 Michaelis,
1789 773 1829 806 ct
1843 780 1893 807 ex
1913 781 2096 811 sermono

1135 825 1182 864 cle
1200 824 1373 863 Ezechia
1395 827 1508 877 Reqc.
1531 827 1594 866 Ex
1618 827 1797 877 Epistola
1819 834 1957 870 contra
1986 834 2094 872 Fau-

1133 891 1254 935 stum,
1275 899 1325 926 ex
1350 886 1449 926 libro
1483 888 1530 927 de
1569 890 1734 930 CHristi
1758 892 1986 933 Nativitatc.
2017 897 2096 935 Sir-

1134 950 1267 989 mondi
1290 948 1436 990 Avitus
1465 951 1596 991 lucem
1620 954 1794 1004 primum
1818 955 1918 994 vidit
1939 957 2095 997 Parisiis

1136 1013 1255 1060 4643,
1285 1012 1320 1050 8.
1360 1017 1466 1052 tomo
1495 1014 1671 1053 secundo
1710 1017 1799 1056 Var.
1828 1018 1974 1068 Opusc.
2006 1019 2095 1058 indo

1131 1086 1272 1114 recusa
1300 1079 1407 1114 tomo
1430 1076 1484 1115 IX
1509 1076 1601 1115 edit.
1626 1078 1787 1117 Patrum
1826 1080 1948 1130 Lugd.
1980 1081 2095 1131 46777

1133 1136 1329 1177 Sirmondi
1354 1138 1483 1188 Opera
1505 1139 1626 1187 Paris,
1651 1141 1753 1179 4696
1775 1141 1837 1180 sol.
1859 1143 1898 1181 in
1922 1155 2094 1194 quorum

1132 1204 1239 1239 tomo
1262 1199 1437 1239 secundo
1461 1201 1599 1240 melior
1626 1201 1734 1241 Aviti
1772 1204 1948 1255 Operum
1977 1206 2095 1246 editio

1132 1262 1317 1312 habetur,
1356 1264 1573 1303 novissime
1611 1276 1752 1305 recusa
1787 1272 1884 1306 sunt
1921 1269 2096 1309 Venetiis

1136 1325 1237 1366 4729
1262 1326 1324 1365 fol.
1347 1327 1525 1377 quinque
1548 1327 1839 1368 Voluminibus.

1186 1389 1440 1429 ALCUINUS
1467 1389 1558 1428 vide
1587 1389 1757 1430 Flaccus
1784 1391 2014 1435 ALBINUS.

1186 1450 1520 1492 ALDEBALDUS
1537 1457 1577 1491 et
1590 1453 1719 1504 Syrus
1742 1456 1918 1494 Monachi
1936 1457 2096 1498 Clunia-

1133 1526 1294 1564 censes,
1311 1526 1441 1566 prosa,
1460 1515 1651 1566 inspersis
1666 1518 1907 1557 carminibus
1927 1523 2095 1572 scripse.-

1135 1589 1177 1617 re
1203 1577 1330 1616 Vz'tam
1358 1577 1522 1617 Abbatis
1557 1578 1616 1617 sui
1653 1579 1693 1618 S.
1718 1578 1870 1631 Majolc‘,
1891 1584 1959 1632 qui
1991 1584 2092 1623 idem

1136 1640 1230 1679 obiit
1270 1639 1385 1679 Anno
1409 1641 1565 1681 CHristi
1603 1641 1691 1679 994.
1720 1641 1866 1682 Exstat
1903 1646 1941 1682 in
1983 1645 2094 1686 Actis

1135 1703 1372 1742 Sanctorum
1398 1704 1440 1743 44
1485 1702 1573 1754 Maji
1603 1708 1698 1742 tom.
1725 1704 1758 1743 ΙΙ
1782 1717 1869 1757 pag.
1910 1708 1997 1747 668.
2039 1710 2094 1748 Dc

1133 1765 1271 1815 Majolo
1286 1765 1349 1804 illo
1365 1766 1457 1805 vide
1479 1767 1761 1807 Bibliothecam
1776 1769 2094 1821 Cluniacensem,

1130 1832 1171 1866 et
1192 1827 1375 1867 Andreae
1398 1827 1453 1866 du
1476 1828 1633 1868 Chesne
1656 1829 1704 1868 ad
1729 1831 1839 1870 illum
1863 1836 1977 1871 notas
2006 1845 2092 1885 pag.

1130 1890 1180 1929 58
1204 1901 1314 1941 seqq.
1345 1894 1386 1928 et
1414 1889 1462 1928 de
1487 1890 1588 1940 Syro
1616 1894 1657 1929 et
1684 1890 1904 1943 Adeboldo,
1929 1895 2090 1945 Leyseri

1131 1952 1336 1991 historiam
1353 1955 1560 2002 poetarum
1575 1952 1692 1991 medii
1708 1954 1795 1992 aevi
1811 1966 1897 2006 pag.
1913 1955 1991 1995 289
2007 1967 2090 2007 seq.

1182 2013 1574 2063 ALDERMANNUS,
1596 2014 1717 2063 idest,
1742 2016 1972 2056 Senatorius
1995 2020 2057 2058 vir
2080 2049 2089 2069 ,

1130 2076 1409 2127 Londinensis,
1431 2088 1453 2115 a
1472 2077 1588 2116 Baleo
1611 2077 1680 2128 XI,
1698 2078 1747 2117 48
1775 2082 1816 2117 ct
1843 2080 1972 2118 Pitsco
2000 2092 2087 2132 pag.

1130 2139 1207 2179 8220.
1230 2138 1454 2178 celebratur
1476 2140 1595 2178 Poeta
1617 2140 1792 2190 curialiS,
1822 2140 2093 2182 diversorum-

1130 2213 1208 2252 que
1231 2202 1454 2240 carminum
1474 2206 1611 2241 auctor
1634 2202 1820 2252 traditur,
1845 2203 2002 2254 dubito,
2024 2207 2096 2245 La-

1130 2266 1304 2303 tinorum
1328 2275 1378 2302 an
1407 2264 1726 2304 vernaculorum.
1750 2267 1888 2317 Neque
1908 2269 2014 2307 enim
2043 2281 2095 2308 ex

1131 2328 1226 2367 Lilio
1249 2325 1423 2377 Gyraldo
1446 2325 1496 2365 de
1519 2327 1649 2365 Poetis
1678 2327 1751 2367 hoc
1774 2330 1945 2369 refertur
1972 2342 1995 2370 a
2022 2333 2096 2371 Ba-

1131 2391 1208 2439 leo,
1233 2393 1277 2428 ut
1297 2387 1404 2428 aliud
1419 2399 1543 2439 agens
1566 2390 1723 2440 scripsit
1746 2395 1884 2430 auctor
1901 2393 2094 2432 Historiae

1130 2455 1340 2492 Poetarum
1369 2450 1487 2489 medii
1510 2452 1597 2490 aevi
1617 2463 1654 2502 p.
1681 2452 1757 2491 448
1781 2453 1849 2492 sed
1880 2466 1929 2493 ex
1954 2455 2095 2505 Sylve-

1132 2517 1204 2554 stri
1220 2513 1367 2553 Giraldi
1388 2513 1548 2564 speculo
1566 2514 1766 2554 Ecclesiae
1787 2516 1850 2554 lib.
1873 2517 1906 2554 II
1927 2526 1999 2566 cap
2028 2516 2091 2555 20.

1182 2576 1508 2624 ALDHELMUS,
1537 2574 1753 2624 Adelmus,
1782 2575 1996 2625 Aclelt‘nus,
2026 2575 2094 2616 Al-

1129 2637 1314 2689 tlzelmus,
1338 2637 1513 2689 Anglus,
1533 2637 1582 2676 de
1604 2639 1723 2688 Regia
1748 2640 1833 2677 Isae
1856 2639 1938 2678 Visi
1969 2640 2090 2678 Saxo-

1129 2712 1226 2740 num
1251 2700 1414 2748 familia,
1438 2711 1488 2738 ex
1506 2699 1695 2738 Monacho
1715 2700 1974 2749 Baldunensi,
2005 2702 2091 2741 sive

1126 2761 1466 2802 Malmesburiensi
1495 2760 1628 2800 Abbas
1661 2760 1775 2800 Anno
1818 2763 1970 2802 CHristi
2000 2765 2088 2803 666.

1126 2829 1166 2863 ct
1185 2824 1337 2874 primus
1366 2822 1470 2873 apud
1492 2824 1670 2862 Saxones
1690 2823 1969 2864 occidentales
1997 2827 2091 2877 Epi-

1126 2896 1269 2937 scopus
1304 2883 1378 2923 An.
1411 2884 1486 2923 705
1516 2884 1843 2935 Shirburnensis,
1873 2886 2088 2928 defunctus

1125 2948 1240 2988 Anno
1269 2948 1357 2986 709.
1401 2947 1497 2986 Vide
1525 2945 1625 2985 Acta
1654 2948 1890 2988 Sanctorum
1920 2951 1971 2989 25
1999 2950 2088 3002 Maji

1125 3015 1218 3048 tom.
1237 3010 1286 3049 VI
1311 3021 1396 3060 pag.
1422 3007 1472 3046 77
1493 3020 1720 3059 quanquam
1740 3012 1880 3051 titulus
1903 3013 2034 3052 sancti
2045 3019 2085 3053 et

1128 3071 1245 3118 beati,
1267 3083 1344 3121 quo
1373 3070 1608 3110 Aldhelmus
1632 3073 1741 3110 vcnit
1776 3074 1813 3111 in
1843 3075 2081 3115 Bibliothcca

1126 3136 1305 3182 Patruni,
1331 3135 1368 3171 in
1391 3132 1516 3172 indice
1541 3137 1815 3185 expurgatorio
1832 3137 2086 3177 Brasichclla-

1123 3207 1173 3234 no
1186 3196 1436 3246 expungitur.
1453 3194 1650 3246 Byr-colas
1663 3195 1807 3249 anceps
1822 3198 2082 3250 antiquarum

1122 3269 1261 3297 vocum
1284 3256 1427 3296 dicitur
1449 3269 1472 3296 a
1493 3258 1684 3297 Salmasio
1707 3259 1755 3298 ad
1781 3261 1974 3311 Spartian.
1993 3273 2081 3313 pag.

1133 3320 1210 3361 647
1235 3320 1297 3361 ubi
1325 3320 1592 3372 apographum
1616 3320 1702 3372 ejus
1731 3333 1781 3362 cx
1809 3325 2081 3364 vetustissimo
