2500 3841
902 229 1280 269 DLUGOSSI

97 298 283 338 viderunt
308 299 506 346 luce1n‚a)
532 308 759 348 quanquam
785 303 943 352 saepius
960 314 1048 352 pro-

95 365 212 399 vocat
234 360 281 399 ad
303 359 388 398 illas
412 361 550 409 eisque
564 370 683 398 usum
703 372 745 399 se
766 365 938 402 testatur
956 365 1045 402 Sta-

94 420 246 460 nislaus
273 418 490 460 Lubienslci
517 422 554 459 in
597 422 692 460 vitis
731 423 977 462 Plocensium
1007 425 1042 472 b)

90 482 341 531 Antistitum‚
378 494 479 533 quae
522 482 651 522 editae
693 486 866 534 primum
904 487 1046 526 Craco-

91 546 178 583 viae
202 545 362 594 leta-4.
387 545 526 583 obviae
551 547 589 583 in
611 548 795 596 oporibus
818 548 1042 586 Lubienskii

88 607 312 657 postumiS‚
341 605 600 658 Antwerpiae
626 609 727 647 4643
755 610 790 646 in
819 610 919 648 folio.

144 667 251 707 Vitae
263 668 548 720 Episcoporum
564 670 891 710 Posnaniensium
905 671 937 720 c)
952 683 1042 709 nec-

87 730 180 768 dum
199 731 306 780 ipsae
330 730 459 769 editae
474 762 484 779 ,
505 731 598 769 licet
621 733 731 770 visae
755 733 898 771 Jacobo
926 735 1043 771 Brze-

85 790 238 830 mezkio
261 795 302 830 et
323 791 496 831 Thomae
521 793 685 831 Tretero
699 825 710 842 ‚
728 793 927 832 Canonico
947 795 1041 833 Var-

83 854 228 892 miensi
250 883 259 903 ,
279 853 316 901 d)
358 865 528 904 quorum
571 856 678 893 vitae
712 857 1038 895 Posnaniensium

81 914 370 967 Episcoporum
398 915 578 967 prodiere
607 917 882 968 Brunsbergae
910 917 1038 962 4604,

83 977 118 1015 4.
139 979 173 1016 is
197 989 276 1016 non
298 977 492 1016 diffitetur
515 988 557 1016 se
574 990 595 1017 a
611 979 798 1018 Cromero
817 979 1037 1017 obtinuisse

81 1050 205 1078 manu
249 1043 458 1079 exaratum
495 1040 528 1089 e)
573 1041 756 1090 Dlugossi
802 1039 1036 1091 Cataloyum

81 1101 254 1139 omniu-m
288 1100 577 1152 Episcoporum
603 1112 680 1151 per
703 1112 834 1140 omnes
856 1101 1036 1140 universi

83 1161 265 1201 Polouiae
287 1162 404 1213 reyni
420 1162 634 1201 cathedras
657 1162 709 1201 ab
741 1163 831 1214 ipsa
855 1163 1034 1215 cujusvis

78 1223 309 1276 fundatione
337 1223 393 1262 ad
419 1234 496 1262 sua
537 1234 669 1274 usque
705 1229 894 1276 tempora.
934 1224 1033 1264 Vide

79 1287 136 1324 sis
159 1291 199 1325 et
222 1287 395 1326 Simonis
418 1286 659 1325 Staravoscii
678 1288 784 1325 vitas
800 1288 1032 1327 Praesulum

79 1349 424 1387 Posnaniensium.

132 1408 354 1450 Chronicon
381 1409 428 1448 de
456 1409 666 1461 Episcopis
691 1411 1035 1452 Wratislaviensi-

77 1469 150 1510 bus
169 1472 199 1522 f)
223 1484 246 1511 a
265 1472 487 1511 Godofredo
513 1472 642 1513 ⁹Anno
672 1474 827 1513 CHristi
867 1476 943 1513 966
982 1475 1029 1514 ad

74 1533 328 1584 Rudolphum
361 1534 436 1573 An.
462 1534 578 1575 4477.
599 1535 697 1575 Vide
721 1536 821 1575 Acta
844 1536 1031 1576 Erudito—

71 1607 161 1634 rum
183 1594 259 1634 An.
283 1595 413 1644 4743,
437 1608 524 1647 pag.
551 1598 640 1636 443.

127 1656 341 1708 Cataloyus
363 1658 399 1709 g)
418 1658 708 1711 Episcoporum
727 1661 1028 1712 Smoyrzovzen-

71 1718 176 1757 sium
199 1722 238 1757 et
271 1719 564 1759 Picziuenszum
601 1723 859 1762 continuatus
880 1723 928 1761 ab
951 1724 1026 1762 alia

72 1793 196 1820 manu
231 1781 281 1820 ad
318 1781 479 1821 Annum
506 1782 620 1822 4520.
653 1784 732 1822 MS.
763 1785 1024 1823 Uratislaviae

73 1843 111 1880 in
135 1843 376 1881 Bibliotheca
394 1843 701 1894 Rhedigeriana.

126 1906 287 1943 Praeter
309 1905 407 1944 haec
430 1917 452 1943 a
471 1905 635 1944 Matthia
649 1906 865 1944 Micheovio
883 1908 944 1946 IV.
962 1907 986 1945 7
990 1909 1025 1946 2.

73 1965 222 2004 Chron.
259 1966 391 2005 Polon.
431 1966 530 2005 haec
565 1967 749 2017 Dlugossi
775 1970 921 2019 scripta
946 1981 1029 2007 me-

72 2032 303 2078 morantur,
333 2028 481 2067 inedita
509 2030 640 2067 omnia
669 2033 709 2067 et
747 2030 865 2081 digna
889 2032 1027 2081 utique

71 2089 254 2128 editione.

127 2150 213 2189 Vita
235 2152 280 2189 B.
308 2151 587 2202 Kuniyundis,
612 2152 802 2204 Conjugis
827 2158 867 2192 et
890 2166 1029 2205 perpe-

71 2217 138 2251 tuo
161 2214 334 2264 Virginis
357 2214 524 2253 Boleslai
545 2214 678 2253 Pudici
697 2244 705 2263 ‚
730 2216 851 2254 Ducis
883 2227 929 2254 ac
952 2218 1030 2255 Mo-

68 2274 238 2313 narchae
268 2276 504 2314 Polonorum
531 2276 569 2313 in
608 2276 853 2316 Sandecensi
878 2279 1029 2318 Coeno-

70 2336 134 2374 bio
158 2337 239 2376 vita
264 2337 422 2376 functae
446 2341 486 2376 et
510 2338 701 2388 sepultae.

125 2397 399 2449 GeaqrapMa,
434 2400 520 2437 sive
558 2401 691 2449 potius
724 2399 1026 2453 Clioroyraphia

71 2459 187 2510 requi
224 2459 434 2508 Polouzae,
474 2461 627 2509 Urbes,
665 2466 827 2510 castra,
857 2463 1025 2513 oppida,

70 2521 246 2569 flumina,
272 2525 428 2559 montes
451 2526 572 2571 atque
598 2522 755 2573 villagia
780 2522 898 2573 cujus
923 2524 1027 2562 situs

71 2587 112 2620 ct
135 2583 406 2633 dispositionis
430 2585 522 2621 sint.

124 2643 238 2682 Libri
257 2643 474 2683 inventarii
489 2649 755 2696 proventuum
779 2646 1031 2687 Catiieclralis

71 2705 274 2746 Ecclesiae
315 2707 592 2747 Cracoviensis
628 2708 666 2757 h>
709 2714 749 2747 et
793 2714 1029 2748 cunctarum

72 2769 343 2808 Ecclesiarum
367 2770 663 2821 collegiatarum
702 2772 1028 2810 conventualium

127 2899 161 2938 a)
187 2900 272 2931 Vide
295 2899 466 2930 laudatum
488 2899 674 2932 Kreusiumi
690 2908 722 2938 p.
743 2898 821 2939 ⁴163,
844 2907 914 2939 seq.
960 2926 963 2928 .

128 2949 164 2988 b)
186 2950 312 2986 vitiose
334 2947 559 2980 Placentiam
582 2946 672 2986 apud
695 2949 865 2980 oudinum
890 2954 970 2981 lom.
997 2951 1029 2982 5.

67 3006 143 3038 pag.
166 2994 265 3030 2640.

129 3047 160 3085 c)
184 3046 274 3078 idem
296 3047 456 3077 Krausius
479 3052 554 3085 pag.
581 3044 650 3076 106.

127 3095 163 3135 d)
184 3096 280 3136 Apud
297 3096 470 3127 oudinum
492 3098 525 3125 et
549 3096 583 3126 in
601 3094 735 3126 imberti
754 3096 829 3126 Geri
846 3096 1029 3136 appendice

67 3144 109 3176 ad
131 3146 276 3176 caveum
298 3145 418 3175 vitiose
443 3143 734 3177 wormaciensis.

130 3194 162 3233 e)
185 3193 276 3225 Idem
299 3195 458 3224 Krausius
482 3201 557 3233 pag.
584 3193 656 3224 167.

131 3235 162 3274 f)
186 3234 277 3266 Idem
299 3235 457 3265 Krausius
480 3242 556 3274 pag.
584 3233 665 3274 168,
700 3233 770 3266 170.
795 3242 861 3273 seq,

129 3283 166 3324 g)
191 3284 238 3315 ld.
262 3291 339 3322 pag.
367 3281 439 3314 160.

135 3333 171 3371 li)
197 3331 246 3365 ld.
268 3339 347 3372 pag.
373 3332 444 3364 175.
468 3341 537 3371 seq.

1994 226 2071 265 &57

1123 306 1162 339 et
1179 302 1461 352 parochialium
1485 300 1674 339 dioecesis
1693 296 1982 337 Cracoviensis.
1995 297 2073 334 Hoc

1121 375 1220 414 epus
1245 365 1377 402 Simon
1404 363 1695 402 Staravolscius
1711 373 1796 412 pag.
1815 361 1856 399 34
1886 360 2072 397 hecaton—

1120 425 1222 463 tadis
1273 427 1511 476 scriptorum
1554 425 1685 463 Polon.
1721 427 1837 462 vocat
1871 419 2073 459 Ecclesiae

1121 487 1397 527 Cracoviensis
1415 486 1513 525 Acta
1533 491 1570 525 et
1588 485 1872 537 Beneficiorum
1903 483 1943 521 in
1968 482 2073 520 dioc-

1119 549 1204 587 cesi
1221 548 1290 587 illa
1311 547 1682 587 Ecclesiasticorum
1702 545 1898 597 Synopsin

1171 610 1366 648 Familiae
1386 642 1395 658 ,
1426 621 1545 647 arma
1569 613 1606 646 et
1638 607 1808 646 clinodia
1846 604 2071 645 Nobilitatis

1117 670 1610 720 Polonorumcumorigine
1627 674 1667 707 et
1687 667 2067 708 caussacorundom.

1174 732 1282 771 Vitae
1317 730 1492 769 aliorum
1525 730 1777 781 quorundam
1822 732 1990 780 (praeter
2029 730 2066 766 S.

1116 794 1370 841 Stanislaum)
1388 794 1627 831 Sanctorum
1648 790 1886 829 Polonorum
1905 792 2068 840 Ilunya-

1116 865 1347 905 rerumque.
1379 856 1412 902 a)

1165 916 1297 953 Vitam
1322 916 1360 954 S.
1384 915 1570 954 Stanislai
1608 915 1832 964 Dlugossus
1869 914 2067 952 dedicavit

1114 976 1351 1027 Sandivogio
1374 976 1422 1015 de
1447 976 1619 1015 Ezechel
1637 1007 1647 1023 ,
1679 976 1907 1026 Praeposito
1936 977 2068 1013 Mona-

1110 1040 1218 1077 sterii
1244 1039 1531 1087 Cladavcnsis,
1556 1039 1622 1088 qui
1648 1039 1795 1089 gratias
1819 1039 1855 1075 ei
1877 1038 2069 1088 persolvit

1109 1101 1280 1150 litteris,
1306 1113 1407 1152 quae
1432 1112 1525 1140 cum
1551 1101 1615 1139 illa
1642 1101 1725 1138 vita
1740 1100 1929 1150 leguntur
1944 1098 2008 1136 lib.
2032 1098 2067 1136 3.

1108 1173 1192 1213 cap.
1216 1164 1278 1202 62.
1300 1175 1384 1213 seq.
1405 1168 1445 1202 et
1470 1164 1508 1200 in
1535 1163 1681 1212 quibus
1705 1173 1784 1200 non
1809 1160 1926 1199 modo
1947 1164 2069 1198 testa-

1109 1229 1174 1264 tur
1197 1237 1240 1265 se
1265 1237 1287 1264 a
1311 1227 1462 1264 teneris
1485 1230 1524 1264 et
1550 1237 1619 1276 per
1634 1235 1761 1263 annos
1779 1223 2069 1273 quinquaginta

1107 1292 1263 1330 circiter
1287 1288 1335 1327 ab
1355 1298 1400 1326 eo
1425 1288 1572 1333 amari,
1598 1285 1668 1324 sed
1694 1287 1815 1323 etiam
1837 1285 1911 1322 hoc
1932 1285 2065 1334 ipsum

1107 1355 1255 1391 mactat
1275 1351 1453 1389 encomio
1468 1380 1479 1397 ‚
1505 1347 1611 1398 quod
1636 1347 1678 1385 in
1703 1347 1934 1397 exemplum
1955 1344 2063 1395 quod

1107 1416 1243 1453 ament
1266 1416 1306 1451 et
1330 1415 1558 1457 sectentur,
1581 1410 1751 1448 libenter
1771 1408 1984 1459 legendum
2012 1408 2068 1445 oi-

1107 1477 1187 1515 fero
1202 1474 1439 1514 lectoribus:
1471 1470 1557 1510 Tibi
1578 1471 1765 1521 (DEUS)
1791 1469 2066 1520 sinqulariter,

1105 1539 1234 1588 inquit
1256 1567 1264 1585 ⁷
1289 1537 1391 1574 inter
1413 1538 1644 1574 coaetaneos
1682 1539 1768 1572 tuos
1808 1531 1931 1571 docile
1963 1532 2069 1582 inqe-

1102 1601 1213 1639 nium
1248 1610 1337 1638 cum
1362 1597 1612 1637 studiositate
1649 1595 1813 1634 donavit
1842 1595 2063 1637 virtutium

1101 1666 1147 1701 ut
1167 1663 1209 1701 in
1232 1666 1368 1700 tenera
1384 1693 1393 1710 ‚
1416 1671 1537 1712 quam
1555 1659 1647 1698 novi
1674 1662 1806 1697 aetate
1838 1660 1907 1695 tua
1926 1688 1933 1701 ‚
1959 1655 2064 1693 inter

1100 1728 1280 1763 maturos
1305 1723 1541 1762 obversatus
1556 1722 1665 1761 viros
1685 1730 1885 1760 cresceres
1910 1728 2065 1767 semper

1097 1785 1277 1824 moribus
1296 1789 1334 1823 et
1350 1784 1515 1823 meritis.
1535 1783 1726 1824 Convenit
1740 1782 1778 1820 in
1800 1786 1833 1819 te
1852 1780 1979 1819 satius
1991 1778 2064 1829 flos

1104 1848 1246 1886 aetatis
1263 1851 1300 1885 et
1321 1846 1537 1885 maturitas
1561 1845 1702 1883 mentis
1720 1875 1728 1894 ,
1749 1848 1795 1882 ut
1815 1855 1942 1894 aequo
1967 1853 2064 1892 yra-

1103 1910 1156 1948 (lu
1180 1908 1401 1960 eloquentia
1426 1912 1495 1946 tua
1516 1911 1555 1946 et
1567 1906 1810 1945 conscientia
1828 1904 1988 1955 pariter
2004 1904 2064 1941 vin-

1102 1971 1293 2009 cederent.
1319 1969 1497 2008 Accessit
1518 1969 1637 2007 etiam
1665 1968 1746 2006 oris
1768 1966 1933 2006 veritati
1944 1965 2063 2004 casti-

1104 2037 1165 2071 tas
1189 2032 1317 2071 animi
1330 2064 1340 2081 ,
1361 2036 1406 2070 ut
1423 2031 1474 2070 ab
1500 2043 1567 2069 ore
1585 2035 1648 2069 tuo
1679 2041 1781 2068 cana
1801 2039 1957 2078 semper
1980 2038 2064 2064 ma-

1103 2098 1245 2132 narent
1267 2093 1393 2133 verba
1412 2125 1422 2142 ,
1455 2104 1680 2144 cursusque
1710 2102 1909 2130 annorum
1936 2101 2062 2140 usque

1103 2156 1157 2194 ad
1180 2155 1247 2194 lios
1277 2167 1396 2194 canos
1422 2154 1553 2194 lauclis
1589 2153 1661 2192 tibi
1681 2158 1718 2192 et
1741 2153 1899 2191 lionoris
1915 2163 2063 2202 procu-

1104 2221 1218 2256 raret
1237 2221 1490 2268 auqmentum
1515 2229 1570 2255 eac
1592 2216 1689 2253 DEI
1706 2215 1820 2263 dono,
1842 2213 1944 2252 uncle
1982 2212 2065 2250 vir-

1105 2282 1232 2318 tutum
1256 2279 1430 2317 omnium
1450 2278 1628 2316 sumitur
1650 2276 1862 2328 manifesta
1885 2274 2061 2325 coqnitio.

1103 2370 1314 2381 ......
1344 2342 1451 2379 Haec
1473 2344 1507 2378 te
1527 2338 1780 2392 resplendere
1798 2337 1893 2390 fecit
1913 2348 2062 2388 aequa-

1102 2402 1175 2441 lem
1199 2402 1365 2440 actionis
1389 2402 1527 2440 merito
1552 2405 1590 2439 et
1611 2401 1793 2439 dictionis
1830 2398 1981 2450 eloquio
2014 2410 2062 2436 ac

1100 2462 1342 2514 specialibus
1361 2467 1470 2502 tuam
1488 2463 1696 2502 inclinavit
1711 2466 1875 2500 mentem
1886 2493 1895 2509 ,
1912 2464 1957 2498 ut
1971 2471 2063 2496 ora-

1104 2524 1249 2562 toriam
1286 2523 1443 2562 colendo
1467 2524 1655 2575 (liligyeres
1678 2528 1825 2570 arteni„
1851 2534 1952 2573 quae
1986 2520 2062 2558 uti-

1104 2597 1178 2636 que
1202 2584 1312 2636 apud
1342 2589 1551 2624 veteranos
1582 2585 1827 2628 Chaldaeos,
1858 2582 2062 2622 Hebraeos

1105 2650 1143 2684 et
1163 2647 1323 2685 Latinos
1343 2645 1569 2684 litterarum
1593 2645 1766 2684 omnium
1791 2645 2057 2683 humanarum

1105 2711 1164 2747 est
1198 2710 1470 2746 ornamentum
1476 2736 1643 2745 .....
1670 2707 1716 2744 In
1754 2707 1827 2744 hac
1863 2710 1896 2743 te
1924 2716 2060 2744 censeo

1106 2774 1193 2808 arte
1222 2768 1295 2807 sub
1320 2769 1468 2807 nostris
1495 2768 1758 2820 praeclarum
1787 2768 1921 2815 aevis,
1952 2771 1995 2804 ul
2024 2770 2059 2804 et

1101 2831 1278 2871 svaeiter
1308 2831 1414 2870 scias
1446 2831 1693 2882 persuadere
1735 2830 1965 2880 animosque
1985 2840 2060 2865 au-

1100 2893 1289 2932 (lientium
1297 2893 1446 2931 orando
1458 2893 1590 2944 possis
1606 2892 1790 2932 mideere.
1812 2894 1954 2930 Verum
1972 2889 2060 2928 caci—

1098 2956 1211 2994 stimo
1246 2955 1349 2993 inter
1388 2955 1564 3005 eyreyios
1604 2954 1732 2993 nostri
1759 2953 1970 2992 (liciacores
2000 2962 2058 2988 se-

1100 3018 1182 3056 culi
1200 3021 1243 3055 tu
1269 3017 1349 3066 ipse
1370 3016 1533 3055 haberis
1549 3048 1557 3063 ,
1589 3016 1659 3068 qui
1680 3021 1754 3055 coco
1785 3022 1875 3054 nisu
1899 3013 1945 3051 ile
1979 3014 2059 3051 Ita—

1100 3079 1154 3116 lia
1170 3109 1180 3125 ,
1206 3076 1277 3115 ubi
1290 3078 1432 3116 Latina
1457 3083 1515 3117 est
1538 3078 1661 3130 ipsius
1683 3077 1867 3116 scientiae
1887 3076 2059 3115 scaturi—

1095 3151 1169 3189 570,
1191 3139 1331 3189 plures
1365 3138 1488 3177 libros
1519 3140 1559 3177 in
1582 3139 1717 3177 eadem
1756 3150 1895 3189 magyno
1929 3138 2057 3189 pretio

1099 3200 1362 3250 conaremini,
1393 3212 1460 3238 nee
1491 3211 1615 3251 usque
1645 3200 1754 3239 modo
1782 3200 1939 3238 desistis
1981 3198 2058 3238 col-

1150 3331 1183 3369 n)
1210 3332 1452 3364 §tarabolscius
1482 3341 1555 3373 pag.
1582 3332 1635 3365 51.

1676 3402 1726 3439 53
