2500 3841
909 198 1393 241 CLAUDIANUS

147 274 292 313 Exstat
315 271 354 307 in
374 267 583 307 breviariis
597 270 638 306 et
652 266 883 318 antiphonis
902 269 1107 309 Ecclesiae

144 337 342 374 Romanae
366 330 571 369 Dominica
600 330 740 380 quinta
770 329 1107 382 Quadragesimae

146 396 231 433 sive
266 393 473 432 Dominica
509 392 737 440 Passionis,
763 396 804 430 et
832 393 1037 432 Dominica
1066 396 1105 433 in

143 457 299 508 palmis.
323 457 379 494 De
403 455 468 493 illo
488 453 690 493 videndus
706 454 856 493 Savaro
876 459 916 494 et
932 455 1109 495 Sirmon-

143 519 220 557 dus
242 518 292 557 ad
318 517 466 557 Sidonii
481 517 546 555 lib.
572 517 634 556 IV.
656 517 784 567 Epist.
812 517 834 554 3
859 518 927 567 qui
948 519 1111 569 amplis-

143 581 244 619 simo
267 579 447 619 encomio
470 579 584 617 illum
607 579 876 630 persequitur.
903 579 1054 618 Laudat
1070 585 1111 620 et

141 641 374 681 Gennadius
398 652 483 692 cap.
510 641 573 679 83.

196 702 374 743 Carmen
401 705 541 741 contra
570 702 711 741 Poetas
731 713 856 742 vanos
871 734 882 752 ,
907 702 962 741 ad
986 703 1110 743 Colle-

136 776 244 817 qam.
279 767 340 805 Ita
362 765 479 817 ‚apud
515 764 732 815 Georgium
768 765 993 804 Fabricium
1017 771 1109 817 poet

139 828 351 868 Christian.
377 840 466 880 pag.
486 827 589 876 775,
613 839 683 879 pro
703 839 782 878 quo
806 828 871 867 alii
907 827 962 867 ad
986 827 1109 869 Colle-

138 901 204 929 am
219 922 231 940 ,
252 891 318 930 vel
338 891 393 929 ad
410 880 581 929 Jovium.
607 891 777 942 Incipit:
800 892 892 930 Jam
910 890 1012 930 mihi
1021 891 1092 943 pol
1099 913 1108 920 -

139 951 259 992 liceor
287 953 418 993 sacris
448 956 519 992 tua
547 952 732 992 carmina
761 952 878 993 libris
914 965 971 993 ec.
1013 955 1107 993 Sae-

137 1017 229 1066 pius
249 1018 370 1056 etiam
394 1017 506 1056 libris
530 1016 578 1055 de
604 1017 736 1056 anima
761 1017 987 1067 subjectum
1018 1027 1110 1067 pro-

138 1077 210 1117 diit
239 1080 279 1118 in
304 1079 559 1118 Bibliothecis
580 1081 743 1118 Patrum
762 1109 771 1127 ⁷
793 1084 837 1118 ut
866 1080 903 1117 in
936 1079 1107 1118 novissi-

142 1152 209 1180 ma
228 1142 489 1193 Lugdunensi
513 1147 608 1181 tom.
636 1142 713 1191 VI,
738 1154 824 1192 pag.
851 1140 967 1181 4074.

192 1203 367 1243 Carmen
391 1203 601 1252 Paschale‚
621 1204 730 1243 Laus
752 1203 920 1244 CHristz’
933 1233 941 1254 ,
966 1207 1007 1243 et
1029 1204 1104 1243 Mi-

132 1265 279 1304 racula
308 1266 497 1315 CHristi‚
522 1277 626 1317 quae
652 1268 756 1305 inter
776 1267 984 1306 Claudiani
1011 1269 1106 1306 Poe·-

135 1332 199 1367 tae
232 1330 381 1380 scripta
404 1328 638 1380 prodierunt
662 1329 753 1380 plus
788 1331 876 1368 vice
907 1331 1102 1382 simplici,

135 1395 176 1429 et
198 1392 390 1430 Mamerto
427 1392 646 1433 Claudiano
679 1403 702 1430 a
739 1392 981 1442 quibusdam
1008 1395 1104 1432 viris

136 1453 264 1492 doctis
277 1454 562 1494 adscribuntur
575 1484 583 1504 ‚
601 1455 770 1494 fortasse
787 1456 972 1494 neutrius
987 1461 1101 1505 sunt,

135 1516 208 1554 sed
224 1516 413 1556 DAMASI
434 1547 442 1566 ⁷
466 1517 585 1567 cujus
604 1529 750 1556 nomen
767 1518 806 1555 in
822 1518 943 1557 MStis
960 1519 1104 1569 quibu-

131 1578 245 1618 sdam
267 1579 468 1630 praeferre
492 1583 606 1619 notat
626 1580 877 1620 Colomesius
892 1580 942 1619 ad
962 1581 1103 1631 Gyral-

130 1640 227 1680 dum
251 1641 301 1680 de
330 1644 459 1693 poetis
482 1654 574 1695 pag.
602 1644 693 1683 259.

182 1705 266 1744 Non
289 1706 583 1756 omittendum,
608 1706 715 1757 quod
740 1707 990 1746 Psalmorum
1007 1718 1101 1746 con-

131 1767 392 1807 cinendorum
407 1770 724 1820 Lectionumque
741 1781 968 1809 annuarum
981 1771 1019 1808 in
1029 1771 1104 1809 Ec-

131 1830 250 1870 clesia
278 1832 494 1870 Viennensi
513 1843 678 1871 cursum
695 1834 877 1883 signasse
893 1832 1094 1883 praedicat

131 1891 318 1932 Sidonius
338 1895 378 1931 in
395 1893 483 1944 ejus
499 1894 699 1946 epitaphio
717 1895 781 1933 lib.
800 1895 863 1934 IV.
880 1896 1007 1946 Epist.
1023 1896 1091 1934 XI.

133 1954 196 1992 his
219 1955 355 1994 verbis
373 1969 380 1994 :

161 2035 371 2066 Psalmorum
394 2035 449 2067 hic
471 2035 662 2069 modulator
686 2041 719 2068 et
742 2037 934 2077 phonascus

163 2086 248 2116 Ante
265 2085 384 2116 altaria
402 2110 412 2123 ‚
436 2087 552 2116 Fratre
576 2086 765 2124 gratulante
782 2110 792 2124 ‚

139 2136 348 2169 unstructas
371 2135 487 2167 docuit
513 2144 634 2167 sonare
658 2136 794 2168 classes.

164 2185 226 2216 Hic
251 2185 446 2218 solennibus
469 2187 593 2217 annuis
617 2189 749 2226 paravit

168 2236 261 2273 Quae
283 2243 351 2275 quo
373 2240 525 2276 tempore
553 2236 641 2269 lectu
665 2240 900 2270 convenirent.

179 2305 279 2342 Huic
316 2304 533 2345 Claudiano
575 2305 860 2346 SALVIANUS
895 2307 1094 2346 dedicavit

127 2367 415 2417 expositionem
424 2373 628 2408 extremae
637 2371 762 2420 partis
772 2371 1029 2409 Ecclesiastis
1040 2402 1047 2421 ⁷
1059 2381 1091 2418 a)

128 2434 172 2467 ut
195 2433 303 2467 recte
326 2430 533 2470 Erasmica
565 2431 685 2470 editio
708 2432 902 2471 Gennadii
932 2446 1016 2484 cap.
1044 2435 1094 2472 67

128 2495 170 2529 et
190 2492 434 2531 Trithemius
450 2504 535 2545 cap.
552 2494 641 2533 475.
661 2507 730 2546 pro
750 2507 828 2545 quo
844 2495 989 2534 librarii
1008 2508 1096 2547 per-

127 2565 264 2605 peram
284 2554 465 2593 fecerunt
479 2556 831 2606 Ecclesiasticum,
855 2559 960 2596 sicut
980 2559 1098 2599 Clau-

130 2616 239 2655 dium
256 2627 325 2667 pro
342 2616 560 2656 Claudiano
577 2620 697 2657 etiam
714 2620 819 2671 apud
832 2621 1095 2660 Trithemium

128 2691 211 2730 cap.
252 2677 327 2718 478
360 2683 399 2717 et
436 2691 506 2730 pro
530 2682 763 2732 presbytero
788 2683 823 2731 b)
850 2683 1093 2734 Episcopum

141 2742 423 2782 Viennensem.

184 2803 386 2844 Osbernus
399 2805 722 2846 CLAUDIANUS
735 2809 820 2846 sive
829 2808 1094 2849 Glocestrien-

127 2869 182 2906 sis
202 2868 420 2907 Monachus
443 2871 549 2907 circa
578 2869 741 2908 Annum
768 2872 884 2910 4440.
912 2872 1007 2911 Vide
1034 2875 1093 2911 in-

133 2931 192 2971 fra
210 2961 219 2981 ⁷
239 2931 515 2972 OSBERNUS.

181 2994 432 3044 CLAUDIUS
456 2994 503 3033 de
525 2994 652 3047 Aquis
667 3027 678 3044 ,
706 2996 805 3035 infra
820 3027 830 3045 ,
853 2997 1085 3049 Seysselz'us.

181 3057 435 3097 CLAUDIUS
463 3058 802 3097 Autisiodorensis
837 3060 1089 3113 Episcopus,

129 3121 192 3160 cui
208 3121 412 3159 enarratio
430 3120 630 3173 Epistulae
646 3122 700 3161 aa
714 3122 880 3162 Galatas
902 3125 1090 3164 tribuitur

185 3299 219 3339 a)
243 3299 421 3333 Tillemont
440 3304 523 3333 tom.
547 3303 600 3333 XV
616 3327 626 3340 ‚
647 3311 723 3343 pag.
747 3302 818 3336 105.

183 3351 221 3390 b)
245 3353 329 3384 Vide
354 3352 526 3385 Labbeum
550 3357 633 3386 tom.
660 3356 685 3384 ΙΙ
707 3378 716 3393 ,
742 3354 782 3387 de
806 3360 836 3390 S.
858 3359 896 3390 E.
918 3367 995 3399 pag.
1018 3359 1091 3393 32⁶2.

2067 208 2145 248 357

1182 272 1222 310 in
1247 272 1420 313 editione
1437 274 1648 313 parisiensi
1667 275 1795 326 4542,
1820 277 1856 315 8.
1879 276 1957 316 Sed
1982 278 2145 319 Claudio

1183 336 1416 376 Taurinensi
1442 339 1573 388 potius
1607 337 1910 378 adscribendam
1936 341 2010 378 viri
2040 341 2145 380 docti

1175 396 1369 447 judicant.
1385 399 1753 439 Autisiodorensem
1769 412 1862 440 cum
1876 402 2041 452 Claudio
2055 403 2145 443 Cle-

1182 466 1317 501 mente
1342 463 1458 502 Scoto
1493 463 1622 502 Bedae
1646 464 1839 515 discipulo
1868 464 2042 504 eundem
2071 478 2144 517 pu-

1183 524 1293 564 tabat
1315 524 1517 565 Arnoldus
1541 527 1659 566 Wion
1683 531 1778 565 tom.
1814 527 1848 566 II
1868 556 1877 577 ,
1912 528 2007 580 ligni
2030 529 2143 568 Vitae

1182 598 1271 638 pag.
1293 588 1384 626 870.

1237 648 1488 689 CLAUDIUS
1517 649 1668 690 Auctor
1707 650 1898 691 Chronici
1918 653 2142 693 secundum

1182 711 1462 750 Hebraicorum
1477 711 1670 751 Codicum
1685 715 1897 754 veritatem
1913 745 1920 765 ‚
1941 715 2045 766 quod
2063 715 2146 755 edi-

1183 774 1241 812 dit
1268 774 1450 813 Labbeus
1473 774 1739 814 Bibliothecae
1764 787 1890 815 novae
1913 779 2022 817 MSS.
2047 782 2142 817 tom.

1181 837 1221 883 I,
1245 848 1332 888 pag.
1359 836 1545 876 309-345.
1570 837 1703 876 Etiam
1726 837 1800 876 hoc
1817 839 2000 879 Labbeus
2020 842 2141 881 Clau-

1179 898 1243 937 dio
1258 899 1494 938 Taurinensi
1508 899 1733 938 adscribere
1751 911 1829 938 non
1850 900 2029 940 dubitat:
2054 907 2142 955 qui-

1180 961 1294 1011 squis
1316 972 1412 999 vero
1437 961 1510 1000 fuit
1528 991 1537 1010 ,
1558 962 1634 1000 sub
1659 963 1769 1001 initia
1795 962 1984 1002 Ludovici
2006 966 2060 1004 Pii
2084 971 2144 1005 te-

1179 1026 1311 1062 statur
1334 1034 1378 1062 se
1408 1024 1644 1076 scripsisse,
1669 1025 1735 1076 qui
1763 1026 1901 1066 Carolo
1924 1028 1972 1065 M.
2006 1028 2045 1066 in
2069 1030 2146 1068 Im-

1179 1086 1287 1137 perio
1312 1088 1508 1125 successit
1530 1085 1648 1126 Anno
1683 1088 1818 1127 Mundi
1844 1090 1959 1129 4766.
1991 1092 2144 1132 CHristi

1180 1149 1272 1188 814.

1233 1206 1488 1254 CL'AUDIUS
1513 1213 1768 1255 Classitanae
1784 1216 1900 1254 Urbis
1925 1217 1965 1255 in
1983 1218 2147 1258 AEmilia

1180 1278 1266 1316 sive
1290 1277 1548 1317 Romandiola
1568 1309 1576 1329 ,
1601 1278 1735 1317 Abbas
1751 1278 1912 1318 Ordinis
1926 1280 2149 1320 Benedicti-

1179 1341 1244 1390 ni,
1268 1339 1394 1379 multa
1413 1340 1460 1379 cle
1480 1339 1736 1391 Proverbiis,
1764 1341 1811 1380 de
1849 1342 2011 1382 Cantico
2043 1343 2149 1382 Can-

1178 1402 1345 1441 ti'corum
1359 1436 1370 1453 ‚
1396 1403 1443 1442 cle
1465 1404 1734 1456 Heptateucho
1750 1437 1760 1454 ,
1786 1404 1832 1443 de
1857 1405 2083 1458 Prophetis,
2100 1405 2148 1445 de

1178 1464 1293 1504 libris
1321 1467 1497 1517 ReyumJ
1526 1478 1625 1518 quos
1667 1466 1848 1520 loquente
1879 1469 2148 1509 GRE'GORIO

1179 1530 1254 1579 (ab
1275 1530 1390 1569 Anno
1415 1530 1504 1569 590.
1522 1531 1718 1581 Episcopo
1736 1532 1934 1582 Romano)
1959 1532 2149 1571 audierat

1179 1592 1343 1645 eatponi,
1369 1605 1439 1632 nec
1466 1596 1597 1631 tamen
1620 1604 1668 1631 ea
1686 1593 1905 1644 Greyorius
1916 1607 2018 1647 prae
2038 1595 2149 1648 infir-

1178 1656 1313 1695 mitate
1337 1659 1376 1695 et
1396 1656 1654 1708 occupatione
1677 1656 1923 1709 scripserat,
1956 1658 2038 1709 ipse
2076 1670 2149 1698 suo

1181 1729 1302 1758 sensu
1323 1718 1509 1768 dictavit,
1533 1731 1581 1757 ne
1596 1719 1802 1771 perirent,
1827 1723 1874 1758 ut
1893 1724 1983 1773 apto
2006 1725 2149 1773 tempo-

1182 1793 1228 1820 re
1250 1780 1494 1820 emendatius
1517 1781 1780 1821 dictarentur.
1800 1785 1911 1833 Quae
1935 1796 2025 1824 cum
2051 1786 2148 1824 Gre-

1170 1845 1311 1897 9orius
1334 1844 1589 1897 comperisset
1610 1845 1726 1884 valde
1751 1845 1959 1886 inutilibus
1977 1859 2146 1898 permu-

1169 1911 1252 1946 tata
1266 1918 1351 1946 esse
1365 1938 1376 1956 ‚
1402 1919 1449 1945 ea
1470 1907 1692 1946 studiosius
1710 1907 1933 1959 recollegat,
1957 1914 2147 1963 etoppor-

1169 1974 1260 2009 tune
1280 1969 1474 2009 correoeit.
1493 1971 1601 2009 Haec
1619 1971 1851 2022 Sigebertus
1868 1973 2145 2012 Gemblacens.

1169 2044 1242 2084 cap
1283 2032 1333 2071 [ιά-
1359 2033 1408 2071 de
1434 2033 1473 2071 S.
1498 2034 1542 2072 E.
1571 2034 1818 2073 Trithemius
1842 2034 1891 2074 de
1916 2036 2141 2076 illustribus

1169 2094 1442 2133 Benedictinis
1465 2096 1512 2134 II.
1543 2097 1606 2135 Μ.

1225 2156 1481 2197 CLAUDIUS
1502 2158 1684 2198 Clemens
1705 2160 1876 2209 ScotUS,
1902 2171 1995 2199 cum
2021 2162 2142 2202 Adel-

1174 2221 1288 2260 berto
1313 2222 1351 2260 S.
1372 2222 1563 2261 Bonifacii
1588 2222 1872 2273 adversarius,
1903 2224 2144 2265 condemna-

1170 2288 1237 2322 tus
1263 2286 1299 2323 in
1319 2285 1480 2335 Synodo
1498 2287 1675 2324 Romana
1694 2297 1715 2325 a
1732 2286 1918 2325 Zacharia
1939 2289 2040 2338 Papa
2059 2288 2141 2327 An-

1170 2358 1220 2385 no
1245 2348 1400 2387 CHristi
1418 2347 1510 2387 745.
1530 2349 1697 2388 Errores
1716 2350 1789 2400 ipsi
1808 2350 2000 2400 impactos
2025 2352 2145 2391 refert

1169 2420 1219 2446 ex
1235 2410 1427 2449 Bonifacii
1442 2412 1623 2461 Epistola
1639 2411 1688 2451 ad
1705 2413 1933 2452 Zachariam
1951 2416 2145 2455 Baronius

1170 2470 1219 2509 ad
1244 2471 1412 2511 Annum
1442 2472 1521 2513 745
1541 2486 1651 2513 num.
1678 2476 1741 2515 28.

1227 2533 1482 2574 CLAUDIUS
1522 2535 1702 2576 Clemens
1731 2539 1875 2577 Scotus
1895 2568 1902 2588 ,
1926 2539 2145 2579 Monachus

1171 2596 1456 2636 Benedictinus
1473 2628 1481 2646 ⁷
1500 2597 1619 2648 jussu
1643 2600 1771 2639 Caroli
1795 2602 1842 2640 M.
1869 2602 1907 2638 in
1933 2603 2145 2641 instituen-

1171 2658 1232 2696 dis
1254 2658 1581 2700 adolescentibus
1603 2662 1770 2713 impiger
1789 2667 1829 2701 et
1846 2674 2002 2713 gnavus
2020 2665 2055 2702 in
2078 2664 2142 2715 ju-

1170 2721 1314 2760 vandis
1336 2715 1676 2762 reviviscentibus
1697 2725 1841 2763 litteris
1855 2755 1864 2773 ‚
1889 2727 2008 2765 etiam
2027 2728 2140 2766 scho-
2160 2728 2163 2729 ⁷

1172 2786 1222 2823 lis
1236 2785 1475 2835 Parisiensi,
1500 2789 1545 2824 ut
1562 2785 1675 2836 ajunt
1690 2790 1730 2825 et
1751 2789 1949 2827 Ticinensi
1967 2790 2140 2830 conden-

1169 2847 1230 2886 dis
1251 2847 1521 2898 ornandisque
1543 2878 1551 2896 ,
1576 2860 1655 2888 una
1680 2860 1772 2888 cum
1803 2850 1999 2901 Alcuino,
2036 2865 2137 2904 quos

1166 2910 1303 2948 ambos
1325 2909 1366 2948 in
1386 2909 1669 2951 saecularibus
1694 2913 1782 2951 etin
1807 2913 1937 2952 sacris
1957 2915 2137 2968 Scriptu-

1163 2971 1224 3010 νίς
1249 2972 1618 3025 iucomparabiliter
1652 2975 1830 3016 eruditos
1854 2982 1971 3016 vocat
2002 2980 2133 3019 Mona-

1165 3035 1266 3073 chus
1292 3037 1565 3086 Sangallensis
1589 3038 1654 3077 lib.
1682 3041 1715 3078 i.
1742 3052 1861 3090 quem
1886 3041 1978 3079 vide
2004 3042 2042 3080 in
2061 3044 2134 3083 Ca-

1168 3098 1258 3136 nisii
1283 3102 1379 3136 tom.
1405 3100 1463 3148 ΙΙ,
1491 3100 1675 3140 editionis
1696 3114 1823 3142 novae
1844 3108 1956 3154 parte
1977 3106 2012 3144 3.
2043 3117 2130 3158 pag.

1165 3159 1242 3209 57,
1272 3162 1333 3199 58.
1359 3162 1459 3200 Huic
1484 3163 1647 3202 Claudio
1673 3166 1798 3204 multa
1824 3169 1970 3218 scripta
1996 3170 2132 3210 tribuit

1163 3222 1407 3262 Trithcmius
1423 3235 1506 3275 cap.
1525 3227 1614 3265 2:58.
1631 3227 1679 3265 de
1701 3228 1738 3266 S.
1765 3230 1810 3266 E.
1834 3233 1873 3268 et
1894 3230 1942 3269 dc
1968 3231 2132 3272 illustri—

1165 3285 1240 3325 bus
1262 3286 1530 3325 Benedictinis
1566 3290 1609 3327 ΙΙ.
1635 3290 1698 3328 28.
1725 3291 1989 3332 Tritlieinium
2014 3295 2131 3346 pleri-

1162 3361 1240 3400 que
1259 3355 1501 3400 sequuntur‚
1516 3363 1618 3401 quos
1640 3355 1859 3395 verisimile
1879 3361 1941 3396 est
1963 3358 2126 3397 Scotum
