2500 3841
850 215 1266 256 CASSIANUS

75 293 124 332 ab
151 291 266 331 Anno
295 290 370 329 440
401 290 440 326 in
467 289 680 327 Monastiea
708 290 790 326 vita
818 289 1027 327 consenuit

79 353 299 401 Massiliae,
323 352 356 401 a)
396 351 568 401 obiitque
605 349 729 400 major
765 352 1027 400 nonagenario

69 416 184 456 Anno
207 414 359 454 CHristi
385 414 474 451 444.
504 412 565 451 Ab
594 412 733 451 eodem
758 411 1024 451 Massilienses

71 479 164 518 dicti
185 489 254 529 pro
272 476 594 527 Semipelagianis
611 504 618 522 ,
634 475 682 514 de
704 475 848 525 quibus
869 474 1025 514 abunde

68 542 258 580 Usserius
281 540 321 577 in
343 537 658 588 Antiquitatibus
681 538 917 576 Britannicis
940 548 1023 587 cap.

70 603 126 642 XI
156 613 267 651 seqq.
297 605 337 640 et
364 601 432 652 qui
460 604 550 651 post
578 601 788 639 Usserium
818 599 1022 637 historiam

77 664 329 715 Pelagianam
352 662 575 711 tradidere,
599 663 792 710 Vossius,
816 662 1023 709 Hemicus,

69 727 180 766 Noris
210 726 306 765 libro
329 726 366 766 2.
391 730 432 765 et
454 725 669 776 appendice
703 725 752 764 ad
781 724 1024 763 dissertatio-

69 800 164 827 nem
189 788 238 827 de
261 789 400 839 quinta
420 787 579 838 Synodo
597 817 605 836 ,
626 787 841 826 Garnerius
860 785 908 824 ad
927 787 1026 824 Mer-

74 855 248 891 catorem
264 881 274 899 ,
301 854 421 901 atque
445 849 615 888 editores
639 861 802 900 operum
825 849 1024 899 Prosperi,

75 911 142 960 qui
163 913 300 948 contra
315 909 552 948 Cassianum
569 909 739 959 scripsit.
757 907 833 947 Sed
855 908 903 946 de
924 907 1028 946 Gen-

78 972 193 1011 nadio
222 972 452 1023 singillatim
475 976 632 1022 praeter
660 970 830 1009 editores
858 969 1027 1009 adeundi

67 1034 340 1073 Tillemontius
363 1038 457 1072 tom.
487 1034 577 1072 XIV
607 1035 765 1072 Memor.
791 1033 1022 1071 Ecclesiast.

66 1095 264 1135 Antonius
291 1096 417 1135 Rufus
446 1096 486 1134 in
515 1095 678 1134 historia
706 1095 900 1134 Massiliae
926 1094 1022 1132 libro

66 1160 134 1197 XI.
155 1158 337 1198 Oudinus
360 1162 467 1196 tomo
483 1159 498 1196 Ι
515 1169 601 1209 pag.
625 1157 740 1196 4434.
762 1168 843 1207 seq.
869 1160 910 1194 et
932 1155 1026 1194 Gui-

68 1221 211 1259 lelmus
227 1220 410 1271 Cuperus
425 1222 464 1258 in
479 1218 590 1258 Actis
608 1220 842 1258 Sanctorum
858 1219 921 1258 23.
934 1219 954 1256 J
958 1218 1025 1256 ulii

66 1288 161 1321 tom.
185 1283 218 1322 V
238 1294 325 1333 pag.
343 1283 431 1321 458.
457 1293 516 1332 sq.
541 1283 719 1322 Cassiani
740 1283 886 1332 scripta
910 1285 1016 1320 sunt.

121 1347 155 1384 4.
176 1343 290 1383 Libri
308 1344 373 1384 IV.
395 1343 441 1383 de
460 1344 650 1383 instituas
674 1344 963 1383 Coenobiorum
986 1342 1022 1391 b)

70 1407 293 1458 Mundoque
331 1408 678 1455 renunciantium,
709 1406 757 1445 ad
792 1406 1024 1455 Castorem,

70 1472 199 1523 Aptae
220 1471 347 1510 Juliae
374 1471 410 1507 in
436 1469 560 1508 Gallia
581 1469 811 1508 Pontificem
828 1500 837 1518 ,
865 1480 957 1507 cum
981 1466 1027 1505 Zi-

72 1534 156 1573 brz's
191 1536 273 1571 octo
301 1531 348 1571 de
373 1531 560 1570 remediis
588 1534 668 1570 octo
700 1529 942 1582 Capitalium
968 1528 1027 1568 υί-

73 1596 241 1644 tiorum,
263 1595 574 1645 Gastrimargiae
593 1624 601 1644 ,
622 1595 786 1644 spiritus
810 1593 1029 1632 fornicatio-

72 1659 148 1707 nis,
177 1657 458 1708 philargyriae,
488 1657 587 1705 irae,
611 1657 819 1704 tristitiae,
844 1653 1026 1702 acediae,

71 1720 310 1760 cenodoxiae
324 1723 364 1757 et
379 1718 598 1769 superbiae.
628 1719 689 1757 Ex
712 1718 909 1769 prioribus
930 1728 1027 1768 qua-

72 1788 162 1822 tuor
184 1782 293 1821 libris
317 1782 514 1832 epitomen
545 1781 661 1819 unico
689 1781 892 1819 volumine
921 1790 1028 1818 eom-

71 1849 257 1895 posuerat
278 1841 566 1883 EUCHERIUS
595 1842 874 1892 Lugdunensis
892 1870 900 1889 ,
922 1845 1026 1879 teste

74 1905 278 1945 Gennadio
307 1916 391 1955 cap.
422 1905 484 1942 63.
514 1905 627 1943 Illam
655 1905 853 1954 epitomen
882 1903 1030 1942 Graece

73 1979 232 2007 versam
264 1966 423 2005 videtur
455 1967 598 2016 legisse
628 1968 800 2005 Joannes
831 1967 1029 2006 Climacus

74 2030 198 2082 gradu
222 2029 285 2069 IV.
324 2032 364 2067 et
397 2028 560 2067 Photius
600 2027 694 2067 Cod.
737 2027 823 2066 497.
861 2026 1028 2065 eandem

73 2103 232 2142 nempe,
252 2102 354 2141 quae
374 2091 452 2129 MS.
479 2091 517 2127 in
541 2090 662 2127 variis
684 2089 939 2127 Bibliotheeis
956 2117 963 2137 ,
980 2093 1025 2127 ut

74 2155 291 2201 Caesarea,
310 2151 360 2191 de
383 2162 463 2202 qua
485 2151 719 2190 Lambecius
740 2154 846 2189 tomo
863 2151 925 2200 IV,
939 2162 1025 2201 pag.

76 2215 168 2256 167.
202 2220 242 2254 et
277 2219 383 2253 tomo
412 2215 470 2262 V,
499 2225 585 2264 pag.
622 2212 714 2252 276.
748 2213 868 2263 Regia
897 2217 936 2251 et
964 2214 1030 2251 Je-

75 2279 272 2317 suitarum
293 2278 415 2316 Paris.
436 2280 540 2315 teste
562 2274 755 2314 Richardo
776 2275 935 2313 Simone
951 2278 978 2312 t.
1001 2275 1028 2312 I.

75 2351 268 2380 censurae
305 2340 345 2377 in
385 2338 669 2378 Bibliothecam
707 2337 1030 2376 Ecclesiasticam

73 2404 336 2453 Dupinianam
358 2413 444 2453 pag.
471 2403 538 2440 454
571 2411 655 2450 seq.
678 2398 856 2438 Eandem
883 2409 932 2436 ex
957 2399 1030 2437 Co-

77 2465 162 2503 dice
186 2463 456 2514 Altempsiano
480 2461 603 2502 edidit
625 2472 716 2499 eum
732 2461 870 2498 Latina
883 2460 1033 2497 versio-

77 2538 127 2565 ne
168 2524 450 2564 celeberrimus
482 2524 784 2563 Montfaueonus
823 2525 927 2559 tomo
964 2521 1029 2558 ΠΙ.

85 2590 261 2639 Operum
284 2586 324 2625 S.
349 2584 553 2625 Athanasii
578 2596 664 2635 pag.
690 2584 777 2623 366.

73 2745 281 2786 discipulum
319 2745 514 2776 Cassianum
551 2745 647 2774 notat
685 2742 816 2773 Grotius
855 2740 896 2772 ad
933 2743 1039 2773 Lucac

70 2798 167 2828 xxiv
186 2820 196 2833 ,
218 2795 271 2826 ⁶28.

135 2845 169 2884 a)
193 2844 358 2876 Massiliae
374 2843 613 2874 monasterium
632 2843 667 2872 in
684 2840 847 2871 honorem
864 2842 894 2870 S.
911 2839 1042 2871 Cassia-

74 2897 108 2927 ni
123 2894 260 2926 Abbatis
277 2895 461 2924 etiamnum
479 2893 592 2931 viget,
610 2890 666 2921 ubi
687 2890 807 2921 colitur
828 2891 898 2929 ejus
917 2897 1042 2920 memo-

75 2947 124 2976 ria
146 2944 199 2976 25.
224 2943 288 2975 Jul.
307 2946 339 2974 et
354 2945 432 2974 ante
457 2943 526 2981 ejus
553 2939 767 2980 sepulchrum
792 2939 926 2970 lucerna
949 2939 1043 2970 ardet

77 2995 131 3026 die
155 2997 336 3033 noctuque.
362 2992 443 3024 Vide
468 2992 608 3031 Pagium
633 2990 674 3021 ad
696 2991 827 3019 Annum
844 2988 965 3019 Christi
983 2989 1044 3020 45⁶..)

0 3062 15 3078 κ,
79 3053 173 3076 num.
197 3043 247 3075 18.
271 3047 304 3075 et
330 3042 370 3074 de
393 3042 500 3082 patria
523 3041 671 3071 Cassiani
692 3038 979 3077 Gallo-provincia
1003 3037 1043 3068 ad

76 3096 210 3125 Annum
227 3092 289 3124 404
305 3117 316 3131 ‚
334 3100 427 3124 num.
447 3091 501 3124 22.
523 3098 592 3129 seq.
612 3093 671 3121 An.
689 3088 750 3119 419
763 3111 773 3127 ,
793 3096 884 3119 num.
902 3088 953 3117 58.
973 3095 1042 3127 seq.

85 3147 146 3174 An.
169 3141 231 3173 426
247 3167 257 3180 ,
282 3150 375 3174 num.
400 3140 450 3172 15.
473 3148 542 3179 seq.

138 3190 176 3232 b)
197 3190 415 3223 Orientalium
438 3193 470 3221 et
493 3189 720 3228 AEgyptiorum
745 3186 888 3216 maxime
905 3188 937 3214 ct
955 3184 1043 3224 apud

80 3239 277 3272 Thebaidem
299 3239 515 3271 fundatorum
529 3263 538 3276 ‚
562 3246 705 3277 quorum
721 3237 865 3267 rationes
890 3235 1042 3273 inprimis

79 3294 252 3330 expertum
288 3290 484 3321 Cassianum
519 3288 654 3326 scripsit
687 3287 800 3317 Castor
834 3284 866 3314 in
901 3284 1044 3322 praefixa

83 3340 134 3371 his
157 3338 250 3371 libris
273 3340 313 3371 ad
338 3338 533 3371 Cassianum
555 3335 710 3376 Epistola.

1151 288 1188 327 2.
1215 284 1448 326 Οοίίαΐίοηεε
1471 286 1638 324 Parrum
1663 285 1699 321 in
1725 284 1877 322 Scetica
1901 281 1934 330 a)
1963 291 2047 319 ere-

1099 360 1163 388 mo
1193 349 1522 387 commorantium
1552 345 1666 385 libris
1695 345 1822 384 XXIV.
1852 343 1902 383 ad
1930 343 2049 381 Leon-

1099 412 1194 450 tium
1209 442 1220 460 7
1245 412 1388 461 Papam
1413 410 1720 460 ForoJuliensem
1737 438 1745 457 ,
1766 413 1806 447 ct
1824 404 2048 446 Helladium

1098 473 1232 512 itidem
1257 473 1509 523 Episcopum,
1525 471 1670 522 quibus
1693 471 1831 510 decem
1854 470 2046 521 primores

1099 535 1395 582 inscribuntur,
1419 538 1463 573 ut
1499 534 1709 573 undecima
1744 545 1836 572 eum
1875 543 1946 570 sex
1985 541 2046 568 se-

1097 598 1311 648 quentibus
1341 597 1542 635 Honorato
1565 597 1757 646 Episcopo
1778 599 1818 633 et
1837 591 2045 640 Eucherio,

1097 671 1196 710 quos
1221 664 1379 698 sanctos
1401 659 1542 697 fratres
1565 658 1757 709 appellat:
1784 662 1823 696 et
1858 654 2048 695 duodevi-

1098 723 1248 773 gesima
1285 721 1538 771 reliquaeque
1572 719 1803 768 Jovinz‘ano,
1833 716 2046 766 Minervio,

1099 785 1210 824 alteri
1239 783 1393 822 Leontio
1423 788 1462 821 et
1495 782 1701 821 Theodoro.
1731 783 1792 821 Ex
1816 781 1878 818 his
1902 779 2048 818 duode-

1097 847 1290 897 vigesima
1313 849 1375 884 est
1397 845 1446 884 de
1469 845 1597 884 tribus
1617 844 1827 895 generibus
1841 841 2051 881 monacho-

1099 919 1214 956 rum,
1239 909 1306 957 qui
1341 912 1436 947 sunt
1467 905 1722 954 coenobitae,
1751 903 2020 944 Anaeltoretae
2036 935 2046 951 ,

1099 974 1139 1007 et
1166 967 1406 1009 Sarabaitae
1435 971 1520 1008 sive
1550 981 1621 1008 suo
1646 968 1760 1019 jure,
1784 967 1893 1006 nulla
1916 964 2050 1015 regula

1100 1033 1312 1082 viventeS,
1342 1036 1381 1071 et
1410 1032 1458 1071 de
1488 1036 1654 1083 quarto,
1685 1029 1790 1081 quod
1826 1029 1879 1066 ait
1912 1036 2052 1064 recens

1099 1095 1316 1133 accessisse
1351 1105 1658 1146 yyrovaqorum.
1700 1091 1864 1130 Collatio
1898 1088 2050 1126 decima

1099 1158 1215 1195 tertia
1233 1161 1296 1196 est
1315 1157 1481 1196 celebris
1505 1157 1569 1195 illa
1589 1157 1735 1206 scripta
1758 1155 1861 1192 circa
1887 1151 2050 1190 Annum

1100 1219 1175 1258 426
1196 1219 1382 1258 damnata
1401 1231 1424 1257 a
1443 1219 1598 1258 Gelasio
1623 1220 1725 1268 Papa
1748 1220 1787 1255 et
1810 1214 2052 1254 Arausicana

1099 1282 1284 1332 Synodo,
1309 1283 1372 1320 eui
1407 1281 1633 1320 PROSPER
1651 1282 1754 1319 circa
1777 1278 1937 1317 Annum
1962 1275 2048 1314 432.

1099 1342 1246 1382 librum
1261 1348 1398 1382 contra
1420 1343 1656 1384 Collatorem
1676 1342 1870 1393 opposuit,
1885 1344 1925 1378 et
1945 1348 2047 1388 quae

1099 1407 1139 1444 in
1163 1408 1342 1457 Prosperi
1371 1407 1468 1457 Opp.
1500 1408 1603 1445 sieut
1632 1405 1811 1455 Prosperi
1840 1402 1936 1441 liber
1959 1411 2050 1439 eum

1099 1469 1286 1509 Cassiano
1317 1470 1475 1519 saepius
1512 1469 1634 1507 variis
1676 1468 1716 1504 in
1758 1466 1853 1504 locis
1895 1463 2049 1515 prodiit.

1097 1532 1229 1570 Etiam
1257 1533 1432 1582 priorum
1460 1531 1715 1569 collationum
1734 1529 1817 1568 VII.
1840 1528 2050 1578 Epitomen

1101 1595 1280 1633 Latinam
1304 1593 1590 1633 EUCHERIUS
1625 1591 1896 1641 composuisse
1930 1587 2055 1626 videri

1099 1660 1257 1707 potest,
1281 1667 1373 1694 nam
1408 1660 1447 1694 et
1481 1655 1568 1705 ejus
1604 1655 1795 1693 Graecam
1831 1652 2055 1689 versionem

1100 1719 1194 1769 legit
1221 1718 1384 1756 Photius
1421 1717 1514 1757 Cod.
1555 1717 1640 1756 497.
1677 1720 1717 1755 et
1748 1714 2054 1763 Manuscriptam

1100 1781 1206 1819 illam
1231 1781 1269 1818 in
1295 1780 1488 1820 Caesarea
1510 1779 1691 1818 Biblioth.
1720 1778 1872 1816 notavit
1894 1774 2056 1814 Lambe-

1106 1844 1192 1882 cius
1216 1847 1310 1881 tom.
1336 1842 1385 1881 IV
1403 1870 1412 1887 ‚
1435 1854 1521 1893 pag.
1552 1843 1637 1880 466.

1157 1905 1230 1954 (69
1259 1903 1532 1955 Volyarizzate
1559 1903 1624 1942 nel
1651 1902 1782 1942 Secolo
1811 1901 1907 1940 XIV.
1929 1900 2056 1939 Lucccz

1104 1967 1204 2006 4856
1220 1998 1231 2016 ,
1259 1967 1293 2004 8.
1319 1978 1339 2005 e
1368 1965 1547 2004 Tradotte
1584 1965 1635 2003 cla
1658 1963 1799 2003 Bened.
1823 1962 1925 2016 Buffi
1960 1962 2057 2000 Ere-

1101 2029 1199 2068 mz'ta
1224 2027 1520 2069 Camaldolense
1546 2029 1713 2067 Venezza
1737 2027 1838 2066 4:563
1858 2056 1866 2075 ,
1894 2025 1954 2073 4.)

1152 2093 1187 2130 3.
1216 2092 1273 2129 De
1301 2088 1572 2128 incarnatione
1604 2087 1788 2137 CHrt‘stc',
1815 2090 1952 2126 contra
1981 2087 2056 2126 Ne-

1100 2154 1267 2194 storium
1287 2153 1373 2192 libri
1393 2153 1475 2191 VII.
1496 2152 1544 2191 ad
1565 2153 1735 2190 Leonem
1755 2152 1977 2189 Romanum
1992 2160 2058 2198 po-

1104 2222 1190 2256 stea
1224 2217 1492 2267 Episcopum,
1534 2216 1708 2265 primum
1752 2212 1846 2251 editi
1881 2211 2057 2250 Basileae

1104 2280 1205 2319 4534
1224 2310 1234 2327 ,
1254 2279 1289 2316 8.
1311 2278 1450 2317 multis
1474 2277 1604 2316 adhuc
1623 2278 1719 2316 loeis
1737 2307 1744 2326 ,
1764 2277 1902 2315 Vossio
1930 2275 2058 2325 Epist.

1105 2342 1193 2380 404.
1211 2339 1356 2391 judice,
1371 2339 1566 2378 medicam
1587 2351 1750 2378 manum
1771 2337 2056 2376 desiderantes.

1098 2402 1279 2442 Prodiere
1304 2403 1423 2440 etiam
1448 2403 1485 2439 in
1511 2403 1591 2439 Jos.
1617 2400 1769 2439 Simleri
1803 2400 1967 2449 Scriptis
1991 2409 2058 2436 ve-

1103 2468 1234 2503 terum
1258 2464 1407 2501 Latinis
1444 2462 1492 2500 de
1530 2473 1609 2501 una
1632 2473 1799 2512 persona
1833 2464 1872 2499 et
1900 2458 2056 2497 duabus

1104 2527 1258 2565 naturis
1287 2525 1408 2564 JESU
1436 2525 1645 2563 CHRISTI.
1677 2524 1809 2573 Tiguri
1841 2525 1855 2561 4
1868 2522 1968 2566 572,
1994 2520 2056 2558 fol.

1155 2589 1259 2627 Libri
1296 2587 1344 2626 de
1378 2587 1574 2625 institutis
1612 2585 1899 2625 Coenobiorum
1930 2587 1971 2620 et
2005 2581 2053 2620 de

1101 2656 1188 2690 octo
1221 2651 1408 2688 vitiorum
1446 2648 1632 2686 remediis
1675 2646 1852 2697 prodiere
1881 2645 2057 2682 venetiis

1106 2714 1234 2762 4484,
1271 2712 1334 2750 fol.
1371 2716 1411 2749 et
1443 2722 1535 2749 cum
1574 2708 1857 2748 Collationibus
1894 2708 2057 2745 Patrum

1104 2775 1279 2814 Basileac
1309 2773 1424 2820 4485,
1449 2772 1510 2810 fol.
1539 2770 1653 2819 4497,
1681 2771 1714 2808 4.
1740 2769 1920 2820 Lugduni
1943 2770 2057 2816 4516,

1108 2838 1145 2875 8.
1174 2835 1270 2874 Inde
1284 2834 1427 2873 additis
1443 2835 1560 2872 etiam
1582 2833 1690 2870 libris
1705 2831 1900 2870 adversus
1922 2831 2060 2870 Nesto-

1110 2900 1212 2938 rium
1227 2898 1361 2936 Marco
1377 2897 1556 2947 ]Ioppcro
1569 2899 1733 2934 curante
1752 2893 1924 2931 Basilo-ae
1946 2893 1959 2931 4
1971 2892 2059 2939 559,

1113 2961 1174 2998 fol.
1202 2958 1250 2998 ad
1271 2959 1420 2997 calcem
1443 2969 1607 3008 operum
1631 2957 1794 2994 Joannis
1815 2955 2061 3000 Damasceni,

1165 3120 1199 3160 a)
1217 3120 1303 3160 apud
1316 3119 1491 3150 Photium2
1510 3106 1596 3155 περὶ
1616 3105 1691 3145 τῶν
1709 3104 1815 3143 κατὰ
1832 3099 1898 3144 τὴν
1915 3102 2065 3147 {mii-nv

1103 3162 1234 3206 ἁγίων.
1259 3176 1304 3204 De
1330 3174 1413 3204 Secti
1436 3181 1546 3204 eremo
1567 3175 1695 3212 AEgypti
1720 3179 1738 3202 a
1761 3169 1934 3201 Monachis
1957 3177 1976 3200 0
1995 3173 2064 3199 ter-

1103 3231 1149 3259 tio
1170 3224 1301 3256 saeculo
1324 3222 1552 3262 frequentata,
1576 3231 1645 3253 rem
1670 3226 1782 3252 notam
1806 3227 1974 3257 memoro,
1999 3227 2065 3250 un-

1105 3277 1146 3309 de
1169 3283 1259 3307 error
1282 3273 1473 3304 manifestus
1496 3280 1636 3310 eorum,
1662 3272 1718 3311 qni
1743 3270 1783 3301 dc
1818 3269 1950 3309 Scythia
1973 3270 2066 3309 cogi-

1108 3334 1243 3364 tavere,
1268 3329 1300 3356 et
1329 3324 1479 3363 scytham
1502 3323 1649 3355 fecerunt
1677 3323 1881 3353 Cassianum.

1640 3391 1656 3428 -ἰ
1665 3391 1688 3428 ’.Ξ
