2500 3841
976 220 1207 260 FELIX

101 290 202 339 484.)
225 293 266 328 et
295 289 333 326 in
369 288 494 326 veteri
518 288 659 327 Codice
682 289 884 341 Epistolae
908 291 1045 331 Felicis

51 387 55 392 .
95 351 147 391 ad
165 349 353 390 Acacium
376 347 425 387 de
446 349 570 400 ipsius
604 350 857 391 damnatione
881 353 1047 404 subjun-

94 418 217 453 etum.
242 411 341 452 Illud
368 412 421 450 ita
445 422 488 450 se
513 412 650 452 habet·
670 412 866 464 Aeacius,
893 414 965 467 qui
985 427 1046 455 se-

94 475 221 514 cundo
241 486 269 512 a
290 471 402 512 nobis
425 472 650 514 admonitus
671 479 913 516 statutorum
936 476 1045 517 salu-

96 536 227 576 brium
260 547 336 574 non
358 535 507 575 destitit
537 547 621 576 esse
645 541 884 585 contemtor,
908 550 1044 591 meque

92 599 135 638 in
145 597 244 638 meis
259 597 430 637 credidit
443 598 788 650 carcerizandum,
797 599 900 639 hunc
910 602 980 639 DE
986 603 1045 642 US

91 660 254 700 coelitus
270 660 433 712 prolata
453 662 647 701 sententia
666 661 713 701 de
742 663 971 703 Sacerdotio
989 663 1046 716 fe-

92 723 148 763 cit
165 726 384 763 extorrem.
403 724 511 775 Eryo
530 723 568 763 si
588 725 678 777 quis
699 724 921 777 Episcopus
936 758 946 775 ,
970 725 1046 765 ele-

91 785 219 835 ricus,
240 784 456 824 monachus
473 817 483 834 ,
501 785 630 826 laicus
644 819 656 837 ,
673 791 767 839 post
779 787 880 827 hanc
900 787 1048 827 denun-

90 846 297 887 ciationem
317 847 355 887 ei
364 848 742 898 communicaverit,
768 849 981 889 anathema
995 849 1047 888 sit

90 910 247 962 Spiritu
276 912 316 950 S.
351 914 580 962 eaeequente.
618 912 894 952 Conferendus
927 913 1047 951 Henr.

91 973 273 1014 Valesius
295 973 391 1012 diss.
416 973 464 1011 de
482 972 640 1013 duabus
662 974 835 1025 Synodis
858 975 1048 1013 Romanis

94 1037 134 1075 in
149 1036 295 1087 quibus
312 1035 526 1075 damnatus
549 1040 612 1074 est·
634 1036 830 1085 Aeacius,
848 1037 976 1088 priore
998 1035 1045 1074 V.

93 1098 176 1138 Cal.
199 1097 371 1149 Augusti
395 1102 434 1136 et
459 1100 677 1149 posteriore
700 1098 886 1137 Calendis
915 1097 1050 1149 Augu-

95 1161 174 1209 sti,
195 1159 299 1199 Anni
324 1158 507 1209 ejusdem
533 1160 608 1198 484
633 1160 681 1199 ad
699 1161 848 1200 calcem
865 1164 1049 1198 notarum

96 1225 136 1261 in
159 1222 390 1272 Evagrium.
415 1222 472 1260 De
500 1222 677 1262 Decretis
699 1224 786 1262 aliis
810 1222 930 1273 hujus
954 1222 1052 1261 Feli-

94 1286 153 1324 cis
166 1283 392 1323 Ludovieus
407 1284 428 1321 J
433 1283 581 1323 aeobus
598 1286 807 1324 consulere
827 1285 942 1336 jubet
956 1284 1052 1324 Gra-

95 1348 248 1386 tianum
271 1374 280 1394 ,
307 1346 547 1385 Carranzam
573 1376 581 1396 ,
606 1346 848 1395 Barbosam,
877 1351 917 1386 et
954 1346 1051 1385 alios

95 1410 355 1449 Decretorum
375 1408 622 1447 collectores.

152 1472 306 1511 FELIX
330 1471 394 1510 IV.
414 1472 746 1519 Beneventanus,
763 1484 788 1511 a
812 1471 1053 1511 Theodorieo

96 1535 201 1585 Rege
225 1534 378 1573 electus
398 1535 501 1584 Papa
530 1534 578 1572 ab
601 1533 676 1572 An.
699 1534 788 1573 526.
812 1535 888 1573 Jul.
915 1535 977 1574 42.
1003 1534 1053 1573 ad

93 1596 170 1637 An.
196 1597 287 1637 530.
310 1595 533 1647 Septembr.
568 1596 632 1635 25.
653 1597 722 1647 qui
743 1600 788 1635 ut
810 1600 874 1635 est
894 1597 933 1634 in
967 1596 1054 1647 ejus

101 1659 193 1712 ejus
214 1658 412 1711 epitaphio
429 1671 438 1696 :

188 1729 362 1763 praelatus
381 1730 500 1762 multis
517 1729 636 1761 humili
654 1731 778 1769 pietate
794 1729 947 1769 superbis

228 1782 420 1813 Promeruit
437 1780 564 1812 celsum
582 1779 797 1821 simplicitate
815 1780 939 1813 locum.

95 1842 222 1892 Cujus
245 1852 323 1879 una
345 1844 456 1879 extat
479 1841 652 1891 genuina
679 1838 859 1890 Epistola
882 1838 932 1878 ad
958 1838 1056 1878 Cae-

94 1902 252 1943 sarium
274 1901 553 1941 Arelatensem
574 1931 583 1948 ,
608 1899 918 1941 laudata'etiam
951 1902 1056 1940 Gen-

95 1965 211 2004 nadio
233 1976 319 2016 cap.
351 1966 414 2004 86.
434 1965 483 2004 de
507 1965 546 2004 S.
570 1966 616 2004 E.
644 1963 693 2003 de
729 1975 807 2015 qua
845 1963 1054 2003 adeundus

96 2027 334 2067 Sirmondus
349 2031 445 2066 tom.
468 2029 504 2067 4.
523 2027 670 2068 Concil.
689 2027 836 2065 Galliae
856 2038 942 2077 pag.
960 2026 1050 2065 2114.

95 2091 283 2130 Caeteras
307 2089 408 2129 duas
423 2101 471 2129 ex
493 2088 632 2128 Isidori
644 2090 871 2128 Mercatoris
885 2089 1053 2137 officina,

95 2152 261 2190 alteram
287 2149 342 2189 ad
363 2162 497 2190 omnes
531 2150 751 2202 Episcopos
769 2162 846 2201 per
870 2150 1053 2190 diversas

91 2212 326 2265 provincias
349 2213 582 2252 constitutos
598 2242 608 2261 ,
635 2216 676 2251 et
703 2213 869 2252 alteram
908 2211 1056 2250 eaehor-

100 2274 287 2315 cutoriam
323 2275 377 2314 ad
410 2273 626 2325 Sabinam,
651 2275 813 2314 exhibet
847 2278 887 2313 et
917 2272 1054 2315 νοδειας

98 2338 301 2377 convincit
315 2338 546 2378 Blondellus
567 2340 604 2376 in
623 2337 946 2377 Pseudo-Isidoro
967 2348 1054 2388 pag.

100 2400 190 2440 578.
223 2411 309 2452 seq.
332 2402 389 2440 De
423 2400 603 2441 Decretis
640 2411 742 2452 quae
766 2399 814 2439 ad
839 2410 930 2438 eum
957 2400 1056 2438 refe-

101 2467 246 2503 runtur
284 2463 388 2516 apud
432 2464 623 2513 Ivonem,
659 2463 919 2510 Gratianum,
957 2462 1056 2500 Bur-

99 2525 294 2565 chardum
328 2526 506 2576 aliosque
541 2526 687 2565 referre
712 2525 846 2563 minus
872 2534 1056 2562 necessa-

99 2590 205 2627 rium
231 2599 322 2627 esse
346 2589 546 2627 existimo.

152 2650 307 2690 FELIX
320 2649 603 2692 PETANCIUS
625 2648 895 2690 Cancellarius
920 2648 1057 2697 Segni-

100 2713 234 2761 ensis,
258 2712 523 2764 legationibus
554 2713 602 2752 ad
628 2710 886 2762 Bajazethum
912 2720 1056 2748 secun-

100 2773 197 2813 dum
221 2778 261 2813 et
284 2775 492 2825 Zelymum
507 2774 624 2813 obitis
648 2775 754 2812 cirea
779 2770 855 2810 An.
880 2771 994 2810 4480.
1012 2782 1057 2809 ac

100 2835 289 2888 deinceps
311 2837 469 2886 clarus,
494 2837 545 2876 ad
567 2835 812 2876 Uladislaum
836 2833 1057 2883 Hungariae

101 2902 141 2937 et
159 2900 341 2938 Boemiae
364 2900 510 2950 Regem
538 2899 697 2948 scripsit
714 2896 888 2934 libellum
911 2892 1056 2946 quibus

103 2959 310 3001 itineribus
335 2961 456 3000 Turci
475 2960 556 3000 sint
576 2955 841 3011 aqyrediendi,
857 2967 976 3006 quem
997 2957 1015 2993 J
1022 2967 1056 2993 o.

103 3024 372 3074 Cuspinianus
396 3023 605 3074 subjunxit
628 3021 724 3060 libro
749 3030 822 3058 suo
842 3018 890 3056 de
911 3019 1057 3057 Tureo-

104 3095 196 3123 rum
237 3085 415 3136 origine,
438 3084 626 3135 religione
659 3085 699 3119 et
735 3078 972 3130 tyrannide,
1013 3083 1055 3116 ut

105 3144 186 3184 dixi
221 3156 342 3198 supra
377 3151 472 3185 tom.
498 3147 513 3185 4
537 3176 548 3194 ,
573 3156 659 3195 pag.
697 3143 785 3181 408.
822 3140 970 3179 Deinde
993 3141 1058 3180 Ni-

103 3208 238 3248 colaus
274 3210 505 3248 Reusnerus
543 3205 666 3245 edidit
701 3207 737 3242 in
772 3208 878 3241 tomo
916 3207 1057 3252 quarto

106 3269 338 3311 orationum
361 3276 401 3310 et
418 3269 765 3311 Consultationum
780 3265 828 3303 de
844 3264 944 3302 bello
960 3265 1056 3302 Tur-

109 3332 215 3381 eic-o,
238 3335 340 3385 Lips.
368 3333 469 3373 4596
493 3333 527 3369 li.
552 3342 638 3381 pag.
665 3327 849 3369 446426.
881 3326 1055 3375 Deniqu(=

1989 228 2068 267 567

1122 292 1265 344 prodiit
1288 295 1327 333 in
1352 294 1606 334 Wecheliana
1645 296 1875 336 collectione
1907 298 2073 349 scripto—

1121 367 1208 395 rum
1234 369 1366 396 rerum
1392 359 1703 408 IIungaricarum
1727 371 1813 410 pag.
1831 360 1872 399 64
1885 360 1920 398 Ο.
1937 361 2068 400 Etiam

1119 419 1290 457 Petancii
1309 418 1430 469 hujus
1446 419 1704 471 Genealoqias
1727 420 1917 461 Turcicas
1933 422 2071 462 habuit

1120 479 1224 519 idem
1266 482 1558 533 Cuspiniarus,
1593 484 1769 523 nondum
1798 485 1904 535 quod
1943 487 2069 524 sciam

1118 542 1257 581 editas.
1283 544 1379 582 Vide
1403 545 1586 584 Vossium
1613 558 1700 598 pag.
1727 546 1817 585 607.

1172 605 1324 644 FELIX
1350 607 1555 647 Pratensis
1592 610 1810 648 Iletruscus
1834 621 1883 648 ex
1920 610 2070 650 Judaeo

1118 667 1292 706 Rabbino
1315 668 1585 717 Christ-ianus,
1617 682 1693 708 non
1719 671 2005 712 Dominicanus
2026 677 2071 711 ut

1119 730 1229 768 Sixto
1254 731 1421 769 Senensi
1446 732 1603 781 visum,
1633 733 1701 771 scd
1728 732 2072 784 Augustinianus,

1118 793 1180 831 eui
1205 791 1341 830 Ordini
1362 791 1436 831 An.
1463 794 1577 832 4548.
1616 804 1760 833 nomen
1798 796 1917 834 dedit.
1942 800 1983 836 et
2007 797 2075 836 de·

1121 855 1283 895 functus
1296 856 1591 894 esteentenario
1608 858 1783 907 proprior
1794 858 1940 898 Romae
1958 861 1971 899 4
1984 860 2072 899 539.

1122 917 1259 955 Latine
1279 917 1401 954 vertit
1421 928 1471 955 ex
1495 918 1713 967 Hebraico,
1739 923 1778 956 et
1801 921 1918 957 Leoni
1943 922 1992 960 X.
2018 921 2075 959 di-

1122 980 1228 1018 cavit
1250 979 1484 1018 Psalterium
1523 991 1615 1019 cum
1653 983 1903 1032 argumentis
1928 983 1965 1021 in
1997 985 2077 1022 sin-

1123 1042 1236 1092 gulos
1276 1041 1453 1079 Psalmos
1474 1041 1675 1093 {notisque
1713 1042 1865 1083 editum
1900 1046 2076 1084 Venetiis

1126 1103 1241 1143 4545.
1265 1108 1385 1154 atque
1410 1103 1498 1143 inde
1521 1105 1710 1144 Basileae.
1736 1107 1872 1146 Daniel
1890 1108 2076 1147 Bomber—

1124 1167 1236 1217 gius⁷
1260 1168 1322 1206 cui
1348 1167 1455 1206 Felix
1493 1168 1555 1206 hie
1585 1173 1723 1208 auctor
1756 1169 1830 1208 fuit
1853 1174 1894 1208 et
1918 1169 2077 1222 adjutor

1123 1229 1337 1269 Bibliorum
1353 1230 1630 1269 Hebraicorum
1648 1235 1729 1269 tam
1749 1231 1870 1270 nitide
1887 1236 1927 1270 et
1942 1243 2079 1271 emen-

1124 1291 1214 1331 date
1237 1291 1575 1340 excudendorum,
1592 1297 1765 1332 testatur
1781 1295 1884 1332 intra
1906 1293 2076 1333 duarum

1126 1354 2078 1406 hebdomadumspatiumversionemPsalterium

1127 1417 1175 1456 ab
1194 1417 1259 1455 illo
1282 1418 1504 1456 absolutam
1531 1418 1653 1456 fuisse
1673 1432 1680 1456 z

1182 1477 1473 1518 Omnla3testificor
1488 1479 1606 1511 Felicis
1623 1480 1776 1511 acumine
1795 1482 1901 1512 nostri

1263 1530 1332 1559 Non
1350 1528 1425 1568 plus
1442 1533 1493 1560 ter
1505 1531 1609 1568 quina
1625 1529 1711 1561 sacta
1727 1531 1844 1561 Latina
1863 1531 1934 1562 die.

1127 1579 1359 1618 Versionem
1384 1580 1469 1618 Jobi
1493 1584 1533 1618 et
1556 1580 1722 1618 aliorum
1749 1581 1938 1619 librorum
1963 1581 2081 1620 Bibli-

1127 1653 1264 1681 corum
1287 1671 1295 1690 ,
1319 1653 1439 1693 quam
1463 1642 1667 1693 Philippus
1686 1643 1843 1681 Elssius
1867 1647 2074 1690 memorat,

1128 1715 1335 1754 nunquam
1360 1709 1455 1755 puto
1492 1705 1621 1744 lucem
1648 1704 1823 1744 vidisse:
1849 1717 2080 1756 quanquam

1057 1787 1060 1791 ,
1128 1770 1285 1805 constat
1309 1767 1346 1804 in
1377 1768 1577 1817 proposito
1609 1767 1795 1806 habuisse
1833 1772 1962 1807 totum
1992 1769 2078 1806 Vct.

1129 1830 1438 1868 Textamentum
1463 1841 1513 1868 ex
1538 1829 1714 1868 Hebraeo
1734 1834 1969 1868 convertere
1988 1859 1995 1878 ,
2015 1841 2082 1868 ve-

1128 1892 1316 1941 niamque
1341 1891 1428 1940 ejus
1453 1892 1508 1929 rei
1532 1903 1554 1930 a
1578 1893 1707 1930 Leone
1731 1893 1782 1930 X.
1806 1893 1993 1942 petiisse,
2013 1893 2080 1942 qui

1126 1954 1236 2002 prius
1257 1953 1383 1991 voluit
1407 1965 1456 1991 ex
1477 1954 1723 1993 Psalmorum
1749 1955 1933 1991 versione
1958 1953 2006 1991 de
2024 1955 2082 1991 in-

1126 2016 1313 2066 terpretis
1338 2016 1479 2066 peritia
1499 2016 1694 2066 J'udicium
1716 2016 1812 2054 fieri.
1836 2015 1933 2054 Vide
1959 2016 2082 2054 Hum-

1126 2077 1281 2116 fredum
1305 2077 1416 2128 Hody
1457 2090 1542 2128 pag.
1570 2079 1658 2117 464.
1696 2079 1826 2129 operis
1858 2077 2009 2116 crudit-i
2034 2077 2082 2115 de.

1126 2140 1338 2178 Bibliorum
1360 2141 1536 2179 textibus
1564 2140 1829 2190 Originalibus
1845 2171 1856 2188 ‚
1887 2140 2080 2178 versioni—

1127 2202 1203 2241 bus
1226 2202 1388 2242 Graecis
1413 2211 1453 2242 et
1495 2205 1634 2242 Latina
1670 2204 1846 2253 vulgata.
1880 2204 1998 2241 Porro
2035 2201 2083 2240 de

1127 2265 1307 2304 Pratensi
1344 2270 1502 2317 praeter
1532 2266 1708 2305 Elssium
1746 2277 1833 2316 pag.
1871 2264 1960 2303 492.
1998 2274 2081 2314 seq.

1129 2329 1397 2367 encomiastiei
1418 2328 1711 2380 Augustiniani‚
1729 2326 1971 2366 consulenda
1986 2327 2082 2364 Rev,

1129 2389 1260 2428 Wolfii
1286 2391 1411 2429 nostri
1430 2390 1672 2429 Bibliotheca
1700 2389 1874 2428 Hebraea
1911 2393 2005 2426 tom.
2033 2390 2046 2426 4
2070 2419 2081 2436 ,

1129 2463 1215 2502 pag.
1241 2452 1328 2491 984.
1354 2456 1394 2491 et
1417 2457 1511 2491 tom.
1538 2453 1572 2490 3.
1598 2464 1684 2502 pag.
1710 2451 1798 2490 935.
1825 2461 1906 2499 seq.
1943 2454 1983 2488 et
2006 2449 2081 2488 Co-

1128 2515 1280 2553 lomesii
1318 2515 1427 2553 Italia
1465 2515 1703 2562 Orientalis,
1729 2512 1862 2552 studio
1899 2510 2080 2561 ejusdem

1129 2577 1260 2615 Wolfii
1287 2577 1323 2614 in
1342 2577 1471 2615 lucem
1494 2576 1584 2614 data
1605 2587 1691 2627 pag.
1722 2576 1781 2613 49.

1183 2638 1205 2662 *
1228 2639 1307 2678 Viri
1341 2638 1460 2677 huius
1493 2638 1598 2677 docti
1622 2637 1913 2686 chronologiam
1939 2640 2081 2673 texens

1132 2701 1332 2740 Fabricius
1356 2712 1433 2739 non
1460 2701 1584 2739 semel
1607 2711 1628 2738 a
1652 2709 1746 2737 vcro
1777 2698 1931 2736 aberrat
1948 2728 1957 2744 ,
1988 2708 2080 2736 nam

1130 2764 1359 2802 Dominieus
1401 2761 1592 2800 Gandolfo
1634 2761 1858 2799 Genuensis
1904 2769 1980 2796 non
2024 2759 2076 2796 si-

1132 2838 1181 2865 ne
1212 2825 1362 2864 idoneis
1402 2825 1572 2863 testibus
1596 2824 1766 2862 affirmat
1791 2821 2079 2868 Augustiniauo

1133 2890 1260 2927 coetui
1282 2893 1351 2926 ant
1372 2888 1445 2926 An.
1469 2887 1570 2926 4506
1591 2896 1679 2923 sese
1697 2885 1805 2922 illum
1827 2882 2079 2925 adiunxisse:

1132 2951 1326 3002 quomodo
1364 2961 1455 2996 crgo
1489 2959 1582 2987 vera
1616 2946 1836 2985 narraverit
1867 2944 2079 2991 Fabricius,

1131 3013 1198 3063 qui
1222 3023 1325 3051 anno
1351 3012 1452 3050 4548
1477 3021 1619 3049 nomen
1650 3009 1698 3047 ab
1731 3019 1776 3045 co
1805 3006 1943 3044 datum
1977 3006 2081 3043 inter

1130 3075 1447 3123 Augustinianus
1471 3067 1637 3110 scribit?
1657 3069 1873 3107 Fabricium
1892 3066 2077 3116 equidem

1133 3137 1170 3173 in
1193 3135 1264 3173 bae
1287 3134 1514 3172 definitione
1549 3132 1640 3169 anni
1665 3132 1790 3180 coepti
1821 3129 2079 3167 Monacbatus

1131 3208 1284 3236 ei‘rasse
1322 3197 1567 3234 demonstrat.
1606 3202 1705 3242 opus
1742 3193 1872 3241 ipsum
1903 3201 1922 3228 a
1951 3190 2078 3229 Felice

1132 3259 1361 3305 evulgatum
1400 3270 1462 3295 an.
1499 3256 1609 3295 1:3¹5.
1641 3255 1676 3291 in
1703 3265 1780 3303 quo
1805 3253 2078 3291 lii-omimium

1133 3306 1365 3360 Monachum
1387 3321 1468 3369 ipsc
1490 3329 1531 3355 so
1557 3316 1774 3366 profitetur.
1799 3315 2075 3353 Mortalitatvin
