2500 3841
931 195 1311 239 ALnnicUs
2066 202 2118 242 53

178 279 427 322 ALDRICUS
449 276 621 330 Anylus,
659 276 802 321 JCtus‚
825 273 874 313 ab
897 273 1086 313 Accursio

123 355 202 383 non
235 343 361 383 semel
389 342 558 390 citatus,
586 338 851 387 laudatusque
889 336 1083 375 Gvilelmo

122 407 375 458 Pastrengico
383 405 422 442 in
432 414 548 454 opere
557 401 606 440 de
615 412 748 440 rerum
758 399 972 451 originibus
981 397 1085 450 apud

116 469 301 508 Pitseum
320 478 406 519 pag.
433 466 509 504 823
533 468 573 503 et
596 463 759 503 Baleum
783 463 891 511 XIII⁷
917 462 979 499 89.

173 529 424 570 ALDRICUS
439 524 749 568 Cenomanensis
758 525 995 576 Episcopus,
1013 534 1081 563 cu-

122 592 191 643 jus
215 595 329 643 gesta
349 592 451 630 circa
471 588 545 629 An.
567 589 611 628 C.
627 589 703 626 840
724 587 885 627 exhibet
896 587 1081 626 Baluzius

123 655 162 693 in
186 654 321 693 limine
344 653 440 692 tomi
460 652 525 691 III.
554 650 835 691 Miscellaneor.
864 648 992 699 Hujus
1015 647 1082 687 Al-

122 715 219 754 drici
248 725 393 754 nomen
415 717 619 765 comparet
638 714 678 751 in
708 713 962 763 inscriptione
990 711 1082 762 Epi-

123 778 249 817 stolae
273 778 367 828 Lupi
393 776 656 815 Ferrariensis
680 774 891 813 LXXXIV.

177 838 446 890 ALDRICUS,
466 850 515 877 ex
534 836 687 876 Abbate
706 834 946 874 Ferrariensi
966 833 1084 872 Seno-

117 896 256 941 nensis
278 900 610 953 Archiepiscopus
633 898 682 937 ab
701 897 816 937 Anno
837 897 913 936 829
934 895 984 935 ad
1005 895 1074 932 844

116 962 168 1005 de
196 971 275 1014 quo
299 965 434 1014 Lupus
461 962 731 1002 Ferrariensis
766 961 891 1011 Epist.
918 959 934 997 4
965 961 1005 995 et
1033 955 1082 994 de

114 1024 197 1075 jam
222 1025 408 1064 defuncto
435 1025 562 1076 Epist.
588 1024 638 1063 29
664 1027 703 1061 et
726 1023 767 1061 44
799 1021 865 1060 ubi
888 1029 980 1058 eum
1008 1018 1085 1056 Do-

120 1090 276 1127 minum
287 1098 332 1126 ac
342 1088 576 1127 nutritorem
586 1096 704 1124 suum
713 1083 895 1135 appellat..
904 1078 1084 1132 Epistola

121 1149 245 1202 hujus
272 1149 420 1190 Albrici
447 1148 502 1188 ad
527 1144 786 1187 Frotharium
817 1147 953 1182 exstat
981 1144 1083 1181 inter

121 1212 314 1252 Frotharii
323 1212 522 1252 Tullensis
530 1210 712 1261 Episcopi
721 1207 921 1259 Epistolas
929 1205 1083 1244 decima

116 1276 237 1315 tertia
255 1284 350 1314 tom.
372 1275 419 1313 II.
440 1272 632 1313 Historiae
651 1272 896 1310 Francorum
909 1268 964 1307 du
983 1267 1084 1308 Che-

126 1338 288 1377 snianae
311 1349 348 1388 p.
375 1335 417 1376 74
428 1335 463 1376 7.

169 1398 477 1448 ALDRUIDUS,
499 1409 576 1449 quo
595 1397 754 1436 nomine
775 1395 992 1445 Saxonico,
1013 1394 1082 1433 Se-

119 1472 209 1501 nem
242 1461 468 1513 Drnyonem
502 1461 640 1500 Latine
673 1460 843 1511 exprimi
880 1457 1080 1497 Lelandus

109 1533 197 1575 cap.
220 1523 299 1563 238
327 1526 510 1572 annotat,
539 1523 579 1560 in
612 1521 871 1572 penitioribus
908 1520 1083 1559 Philoso—

113 1585 229 1637 phiae
252 1590 294 1625 et
311 1586 459 1637 Magiae
478 1585 857 1624 exercitatissimum
881 1583 1004 1622 fuisse
1021 1586 1082 1620 te-

112 1651 260 1697 status,
285 1647 405 1699 idque
448 1658 637 1699 apparere
674 1657 725 1685 ex
752 1645 840 1697 ejus
875 1645 1004 1685 libello
1031 1644 1078 1683 de

112 1708 268 1759 Quintis
284 1709 488 1750 Essentiz’s.
507 1709 615 1749 Idem
633 1721 683 1748 ex
700 1709 874 1748 Lelando
890 1712 1076 1759 repetunt

111 1772 269 1811 Pitseus
290 1784 377 1823 pag.
403 1772 480 1811 823
500 1776 542 1811 et
563 1772 706 1811 Baleus
731 1773 768 1810 X
796 1771 858 1809 62.

168 1833 475 1874 ALEMANNUS
485 1865 494 1883 ,
537 1831 758 1872 Almannus
775 1863 783 1882 ‚
812 1832 1046 1874 Altmannus
1058 1866 1069 1884 ,

111 1896 326 1935 Monachus
352 1894 650 1936 Altvillarensis
685 1900 726 1935 et
758 1895 949 1935 Sacerdos
975 1897 1079 1935 circa

111 1954 186 1996 An.
209 1957 301 1996 868.
321 1958 540 1997 Franciam
555 1969 627 1997 suo
648 1963 825 2010 tempore
841 1970 868 1997 a
881 1958 1079 1997 Norman-

112 2017 176 2057 nis
190 2017 453 2067 devastatam,
468 2021 651 2072 exemplo
663 2022 888 2060 Hieremiae
899 2020 1078 2072 quadra-

105 2078 208 2132 plici
225 2080 395 2135 planoeit
416 2081 645 2134 Alphabeto.
668 2082 690 2106 *
719 2083 885 2134 Scripsit
906 2088 948 2122 et
969 2082 1075 2123 vitas

110 2143 181 2182 SS.
201 2142 376 2184 Nz‘vardi
394 2143 468 2184 An.
491 2146 559 2185 664
584 2145 761 2184 defuncti
775 2144 1072 2197 Archiepiscopi

105 2203 334 2257 Remensis⁷
352 2206 532 2259 Syndulfi
558 2207 785 2259 presbyteri
819 2208 997 2260 solitarii,
1025 2208 1070 2246 B.

109 2265 283 2307 Helenae
307 2269 590 2321 Imperatr-icis,
611 2268 872 2321 ejusdemque
894 2281 1073 2322 corporis

113 2329 412 2371 translationem
441 2331 486 2356 *³⁸*
508 2333 558 2372 ad
584 2334 866 2373 Monasterium
891 2332 1073 2373 Altvilla-

108 2405 244 2434 rense:
275 2407 350 2434 nec
377 2406 456 2434 non
484 2395 611 2434 vitam
642 2397 682 2436 S.
722 2395 914 2447 Memmii,
953 2398 1070 2448 primi

110 2456 293 2508 Episcopi
314 2458 630 2497 catalaunensis.
655 2458 753 2497 Vide
776 2461 835 2497 Jo.
857 2459 1068 2499 Mabillonii

110 2517 426 2561 observationem
445 2519 495 2558 ad
523 2519 732 2559 Alemanni
764 2519 989 2572 Epistolam
1016 2522 1072 2561 ad

113 2578 377 2618 Theudoinum
411 2582 686 2631 Praepositum
733 2583 1067 2623 Catalaunensem

108 2645 203 2680 tom.
225 2642 271 2680 ΙΙ.
296 2640 518 2680 Analector.
544 2654 630 2693 pag.
656 2645 705 2682 94
731 2646 844 2693 (odit.
880 2657 1005 2684 novae
1027 2648 1064 2685 in

111 2703 173 2743 fol.
197 2714 284 2755 pag.
307 2703 402 2752 425)
422 2708 463 2742 et
487 2705 688 2744 Urbanum
709 2706 983 2746 Gottofredum
1008 2709 1067 2747 Si-

109 2765 249 2805 berum
265 2765 314 2805 de
329 2766 548 2805 illustribus
561 2766 792 2806 Alemannis
811 2780 897 2819 pag.
909 2770 961 2807 38
982 2780 1064 2821 seq.

111 2829 215 2879 Lips.
235 2827 336 2868 4740
360 2823 431 2878 4²⁰,
452 2829 519 2879 qui
540 2840 627 2880 pag.
645 2829 693 2867 43
714 2831 833 2869 etiam
850 2831 956 2870 illam
976 2831 1067 2871 Ale-

111 2891 246 2929 manni
275 2891 492 2942 Epistolam
522 2890 693 2929 exhibet.
738 2891 863 2930 Vitam
898 2891 1066 2945 Sindulfi

109 2953 212 2992 circa
225 2951 299 2991 An.
319 2953 394 2991 600
410 2953 514 3004 apud
528 2953 746 2992 Remcnses
759 2952 948 3004 defuncti,
958 2955 1066 2995 dedit

110 3014 214 3054 idem
242 3015 488 3055 Mabillonius
511 3020 605 3054 tom.
637 3016 664 3054 Ι.
688 3016 878 3055 Actorum
902 3018 1066 3057 Benedi-

109 3078 202 3116 ctin.
227 3088 312 3129 pag.
335 3078 422 3116 638.
441 3077 538 3117 Vide
557 3082 598 3116 et
616 3078 798 3117 Gvilelmi
815 3078 963 3117 Marloti
984 3091 1067 3119 me-

163 3228 178 3244 ·
201 3229 392 3270 Sigebertus
420 3229 665 3263 Gemblacensis
682 3237 753 3271 cap.
781 3228 832 3261 98.
863 3229 1065 3262 'trithemius

112 3287 189 3320 cap.
205 3279 270 3311 282
290 3279 331 3312 de
347 3283 379 3313 S.
395 3283 433 3312 E.
451 3284 485 3313 et
500 3283 527 3312 11
550 3280 591 3312 50
608 3280 726 3313 illustr.
743 3279 947 3312 Benedictin.

163 3328 290 3363 ”Adde
302 3330 551 3364 Tillemontium
566 3335 657 3363 tomo
667 3331 930 3364 VILMemoriur.
941 3338 1015 3371 pag.
1026 3330 1064 3361 18

1153 273 1316 325 tropolin
1333 272 1589 319 Romensem,
1610 269 1743 310 Remis
1759 268 1860 309 4679
1890 270 1953 309 fol.
1974 275 2067 311 tom.
2087 274 2116 323 Ι,

1159 347 1245 386 pag.
1273 335 1361 374 402.

1210 396 1518 437 ALEMANNL'S
1544 395 1792 446 Brioez‘ensis‚
1816 406 1937 448 supra
1964 395 2098 437 ADEL

1156 460 1375 499 MANNUS.

1210 520 1434 561 Lndovicus
1450 519 1769 572 ALEllIA'NNUS7
1783 522 2003 573 Episcopus
2019 521 2116 560 Are-

1161 584 1326 624 latensis
1345 588 1386 622 et
1405 584 1447 621 R.
1468 584 1513 622 E.
1540 582 1785 633 Cardinalis.
1809 583 1926 635 cujus
1948 595 2114 635 magnac

1156 646 1265 685 fuere
1290 649 1421 696 partes
1443 645 1480 682 in
1506 646 1679 684 Concilio
1704 646 1920 685 Basileensi
1940 646 1986 685 A.
2014 646 2107 686 4434

1156 708 1346 758 seq.Vide
1368 707 1822 746 Siberumlibrolaudato
1836 720 1922 759 pag.
1946 709 2113 758 tltseq.

1211 770 1258 819 (8)
1283 771 1336 809 Et
1353 768 1468 807 Dum.
1491 769 1542 809 M.
1565 769 1705 809 Manna·
1725 769 1812 809 Vita
1847 770 1912 810 del
1944 772 1988 810 Β.
2018 770 2110 810 Lod.

1154 830 1371 870 Alamanni
1386 830 1555 870 Firenze
1572 831 1686 880 4774,
1712 832 1734 870 4
1754 831 1820 871 ubi
1843 833 1879 871 J.
1903 833 1997 872 Phil.
2023 835 2116 872 Ber-

1153 905 1255 946 gom.
1295 893 1416 932 verba
1443 894 1590 933 refert:
1613 893 1740 933 Multa
1768 893 1889 933 edidit
1916 894 2108 947 opuscula

1158 959 1196 995 et
1216 955 1372 1007 quidem
1400 954 1538 1007 (liqna,
1573 967 1676 1008 quae
1705 954 1808 1006 odio,
1838 959 1885 996 ut
1910 956 2112 1006 eoeistimo,

1154 1018 1381 1058 schismatis
1399 1018 1620 1070 perierunt.
1645 1017 1707 1058 Ad
1741 1019 1902 1058 meliora
1924 1029 1987 1058 an.
2013 1020 2115 1059 4447

1158 1092 1378 1121 conversus
1408 1082 1500 1120 obiit
1523 1082 1728 1131 affuso,
1755 1082 1804 1121 46
1829 1081 1934 1133 Sept.
1956 1086 2032 1120 aet.
2050 1083 2112 1120 59.

1213 1145 1251 1184 S.
1276 1143 1603 1193 ALEMANNUS,
1633 1145 1718 1183 sive
1746 1142 1998 1192 Λῖιηιαηφηιε,
2020 1144 2114 1195 Epi-

1158 1218 1302 1258 scopus
1331 1206 1636 1255 Passavz’ensis,
1666 1207 1733 1257 qui
1761 1206 1836 1246 An.
1867 1207 1963 1247 4094
2007 1207 2111 1245 obiit.

1155 1269 1256 1310 Acta
1278 1270 1364 1321 ejus
1385 1269 1507 1319 vitae,
1532 1271 1572 1307 in
1595 1269 1740 1320 quibus
1762 1269 1811 1309 de
1835 1269 2020 1321 Gregorio
2042 1270 2112 1308 VII

1156 1344 1234 1371 non
1257 1332 1548 1371 contemnenda
1573 1332 1776 1383 leguntur,
1806 1333 1846 1370 in
1866 1332 1996 1371 lucem
2020 1332 2112 1373 data

1155 1406 1178 1433 a
1193 1395 1282 1434 Seb.
1299 1395 1560 1445 Teugnagelio
1578 1395 1681 1433 inter
1698 1399 1838 1434 vetera
1852 1392 2112 1434 monumenta

1154 1461 1291 1496 contra
1318 1456 1591 1496 schismaticos
1619 1468 1688 1507 pro
1721 1457 1907 1508 Gregorio
1934 1458 2014 1496 Vll.
2045 1458 2111 1496 ln-

1155 1519 1321 1571 golstad.
1342 1520 1445 1559 4642
1467 1516 1532 1569 4¹⁰,
1553 1524 1593 1558 et
1612 1531 1635 1559 a
1655 1519 1789 1559 Sibero
1809 1518 1858 1558 de
1878 1519 2111 1559 Alemannis

1154 1594 1241 1634 pag.
1267 1583 1329 1621 88.
1351 1584 1556 1622 Praetereo
1570 1581 1754 1633 juniores
1773 1582 1848 1621 hoc
1871 1584 2048 1631 nomine,
2064 1587 2109 1622 ut

1154 1646 1425 1685 Christianum
1448 1644 1734 1695 Alemannum‚
1758 1645 1875 1696 cujus
1898 1646 2022 1685 fertur
2041 1657 2111 1684 no-

1152 1708 1258 1746 mine
1288 1708 1385 1747 liber
1413 1708 1462 1747 de
1490 1708 1720 1747 defensione
1748 1708 1945 1748 adversus
1973 1712 2109 1759 tyran-

1152 1769 1285 1809 nidem
1303 1771 1606 1821 Magistratuum
1626 1771 1743 1819 licita,
1762 1770 1914 1810 editum
1933 1771 2107 1810 Basileae

1152 1833 1266 1872 4546.
1287 1833 1383 1871 Vide
1407 1833 1580 1873 eundem
1603 1833 1786 1872 Siberum
1810 1844 1847 1883 p.
1875 1834 1949 1873 489
1974 1844 2058 1884 seq.

1202 1894 1584 1936 ALEMANNORUM
1604 1896 1755 1947 Leqem,
1775 1907 1798 1934 a
1817 1894 2057 1934 Theodorico
2076 1896 2104 1934 I.

1149 1957 1389 1997 Francorum
1411 1959 1517 2009 Rege
1539 1959 1642 1997 circa
1665 1957 1740 1997 An.
1767 1958 1856 1997 520.
1880 1958 2105 1997 Hildeberto

1148 2020 1182 2058 ΙΙ
1205 2021 1310 2059 circa
1331 2019 1377 2059 A.
1401 2021 1478 2060 580
1502 2025 1543 2060 et
1566 2020 1746 2059 Lothario
1770 2021 1804 2059 Il
1827 2022 1931 2060 circa
1953 2020 1998 2060 A.
2025 2021 2100 2060 590

1147 2083 1449 2133 promulgatam,
1462 2083 1817 2133 confirmatamque
1828 2083 2074 2134 aDagoberto
2083 2085 2104 2105 ᾖ

1146 2146 1299 2196 Magno:
1325 2147 1540 2184 auctiorem
1570 2144 1727 2184 ineditis
1763 2145 1945 2196 capitulis
1978 2146 2100 2185 XLIV

1145 2207 1311 2258 aliisque
1336 2208 1497 2260 insuper
1509 2208 1625 2247 novis
1643 2207 1737 2247 dare
1749 2208 1931 2259 promisit
1949 2208 2008 2246 Jo.
2028 2207 2104 2247 Ge-

1145 2270 1487 2321 orgiusEccardus
1501 2272 1539 2309 in
1555 2274 1773 2322 conspectu
1784 2269 1937 2311 Codicis
1954 2271 2103 2321 Legum

1143 2337 1347 2384 veterum⁷
1363 2345 1483 2385 quem
1499 2334 1660 2372 exhibui
1674 2334 1738 2372 lib.
1755 2334 1818 2372 IV.
1836 2333 2100 2372 Bibliothecae

1144 2395 1305 2435 Latinae
1327 2407 1411 2448 cap.
1438 2396 1500 2436 40.
1532 2396 1715 2448 Capitula
1740 2396 1869 2435 XCIX
1897 2395 2102 2434 ediderant

1142 2458 1356 2497 Goldastus
1381 2463 1486 2497 tomo
1510 2460 1544 2498 II
1566 2460 1804 2510 scriptorum
1826 2458 2102 2497 Alemannico—

1142 2532 1253 2571 rum,
1277 2520 1501 2560 Fridericus
1525 2521 1838 2571 Lindenbrogius
1861 2524 1967 2557 tomo
1987 2521 2002 2558 Ι
2026 2520 2101 2559 Co-

1141 2582 1239 2621 dicis
1249 2584 1398 2633 Legum
1415 2584 1670 2634 antiquarum
1689 2594 1726 2633 p.
1750 2582 1826 2621 357
1839 2586 1878 2620 et
1892 2593 1982 2621 cum
1995 2584 2100 2621 notis

1141 2645 1327 2683 Baluzius
1338 2645 1376 2682 in
1391 2645 1682 2696 Capitularibus
1696 2645 1848 2694 Regum
1858 2645 2098 2684 Francorum

1141 2716 1227 2757 pag.
1253 2706 1303 2744 53
1327 2710 1447 2756 atque
1470 2707 1528 2744 Jo.
1554 2706 1773 2745 Schilterus
1796 2705 1846 2744 ad
1875 2706 2096 2745 Chronicon

1139 2767 1358 2807 Alsaticum
1375 2768 1710 2819 Koenigshofenii,
1728 2769 1921 2820 scriptum
1934 2769 2097 2808 Germa-

1143 2832 1228 2868 nice
1252 2841 1290 2880 p.
1316 2829 1404 2867 623.

1192 2890 1624 2931 ALEMANNICARUM
1652 2902 1784 2932 rerum
1812 2893 2030 2943 Scriptores
2056 2905 2096 2932 e-

1137 2954 1254 2994 dente
1264 2954 1400 2993 Melch.
1419 2953 1807 3005 Goldasto‚Francof,
1828 2955 1846 2976 *
1864 2956 1877 2994 4
1890 2955 1977 3004 606,
1991 2957 2004 2994 4
2017 2956 2086 2994 661

1194 3086 1208 3100 ·
1230 3087 1309 3119 Vide
1344 3087 1514 3119 Cointium
1545 3089 1586 3120 ad
1614 3093 1675 3121 An.
1703 3088 1764 3121 658
1793 3092 1873 3120 tom.
1915 3089 1960 3119 ΙΙΙ
1994 3089 2093 3121 annal

1136 3139 1342 3169 Francorum
1361 3145 1437 3179 pag.
1453 3138 1494 3169 55
1511 3146 1579 3180 seq.

1193 3186 1206 3199 ·
1229 3186 1347 3218 Confer
1367 3190 1404 3219 Ι).
1422 3190 1560 3221 loannis
1574 3189 1738 3228 Fabricii,
1756 3189 1911 3230 Theologi
1931 3189 2096 3222 Helmsta-

1135 3234 1260 3268 diensis
1277 3236 1518 3271 Bibliothecam
1537 3243 1617 3272 tom.
1643 3240 1708 3277 111,
1723 3247 1797 3279 pag.
1817 3240 1828 3269 Ι
1846 3247 1914 3280 seq.
1937 3241 1971 3271 n.
1989 3242 2091 3271 Joan-

1133 3286 1186 3317 nis
1206 3285 1352 3318 llubnert
1384 3287 1519 3321 centur.
1542 3290 1628 3324 vill.
1646 3288 1871 3322 Bibliothecae
1911 3289 2090 3322 historicae

1128 3334 1245 3367 llamb.
1263 3343 1340 3376 pag.
1357 3336 1423 3367 252
1442 3346 1512 3377 seq.
