2500 3841
915 152 1309 194 ALBERTUS
2060 152 2111 190 49

165 233 184 256 ³*
207 233 259 272 Et
281 242 330 270 ex
355 235 446 269 tom.
470 231 497 269 Ι.
528 229 615 269 476.

165 293 491 334 Bartholomaeus
525 290 704 330 Albicius
746 290 965 342 Waddingo
1001 292 1068 332 Al-

113 356 257 407 bisz‘us,
290 358 357 407 qui
385 366 487 395 anno
518 354 612 394 4404
644 354 748 393 inter
783 355 1066 394 Franciscanos

110 420 211 458 Pisis
251 418 356 458 obiit.
380 417 415 458 A
441 416 665 468 Waddingo
700 418 820 456 etiam
855 417 951 456 aliae
979 427 1067 467 eJuS

109 481 408 521 lucubrationes
443 484 730 529 memorantur,
761 489 811 517 ex
838 477 955 516 editis
983 479 1069 528 qui-

107 543 200 582 dem
224 544 434 583 Sermones
448 541 812 594 quadragesimales
820 541 876 579 De
892 543 1069 578 contem-

109 609 182 657 ptu
194 605 347 655 Mundi,
362 607 448 645 sive
465 605 515 644 de
530 605 672 656 triplici
684 603 849 654 Mundo,
863 602 1069 642 Mediolani

111 667 232 718 4488,
257 667 280 706 4
302 671 344 706 et
374 668 551 707 Venetiis
589 667 704 707 4503.
739 667 951 706 Sermones
973 676 1071 716 qua-

104 729 388 782 dragesimales
426 730 517 779 alii,
548 730 588 768 in
618 729 766 780 quibus
804 728 1068 767 resolutiones

108 793 309 832 variarum
319 793 600 843 quaestionum
609 803 857 842 casuumque
863 791 1066 830 conscien-

104 857 182 895 tiae
199 885 208 904 ,
225 855 408 907 Lugduni
429 856 545 904 4549,
570 856 606 894 8.
625 855 732 906 Opus
747 852 1064 907 conformitatum

104 919 144 958 S.
168 918 343 969 Virginis
366 929 458 957 cum
483 918 723 967 CHRISTO,
748 918 833 956 sive
862 915 911 954 de
940 912 1064 953 laudi-

105 980 180 1020 bus
202 982 245 1019 B.
284 981 459 1031 Virginis
482 980 569 1019 libri
592 981 656 1020 VI.
677 979 855 1019 Venetiis
884 977 984 1017 4596
1003 1007 1012 1024 ,
1042 976 1064 1013 4

101 1043 164 1082 Ex
174 1041 333 1082 ineditis
349 1043 514 1082 Summa
522 1053 690 1082 casuum
698 1039 966 1080 conscientiae.
982 1037 1068 1077 Vita

102 1104 146 1142 B.
171 1103 375 1144 Gerlzardt'
396 1103 494 1144 laici
513 1116 575 1144 an.
599 1104 700 1144 4353
724 1102 914 1141 defuncti:
931 1099 1071 1151 Eoepo—

102 1166 192 1206 sitio
212 1165 376 1218 reyulae
392 1167 432 1207 S.
449 1164 670 1205 Francisci.
694 1165 751 1203 De
767 1161 952 1203 laudibus
968 1164 1069 1203 San-

102 1231 270 1268 ctorum.
295 1229 353 1267 De
373 1226 510 1268 verbis
531 1225 734 1267 DOMINI.

154 1289 497 1331 ALBIGENSIUM
521 1290 710 1330 Historia:
735 1287 827 1327 vide
861 1286 960 1327 infra
988 1288 1069 1327 PE-

100 1355 230 1394 TRUS
255 1351 380 1393 Vallis
403 1352 583 1405 Sarnajz'.

154 1414 324 1455 Flaccus
359 1414 597 1464 ALBINUS,
621 1414 706 1453 sive
730 1414 880 1452 notiore
908 1412 1068 1450 nomine

100 1478 370 1527 ALCUINUS,
395 1476 665 1528 (Alchwinus)
684 1475 839 1528 Anglus
856 1506 864 1525 ,
884 1474 1013 1514 Bedae
1029 1477 1070 1513 et

100 1541 262 1593 Egberti
283 1540 532 1591 Discipulus,
558 1551 609 1579 ex
631 1537 807 1577 Diacono
826 1535 1073 1576 Eboracensi

99 1607 140 1642 et
164 1602 350 1644 Coenobii
374 1601 684 1643 Cantuariensis
706 1599 878 1651 Abbale,
901 1604 1070 1638 vocatus

100 1664 176 1705 An.
200 1666 243 1707 G.
267 1664 345 1704 790
370 1666 410 1704 in
433 1666 623 1716 Galliam,
651 1664 719 1704 ubi
744 1663 1002 1704 Consiliarius
1030 1665 1071 1701 et

101 1727 312 1767 deliciosus
335 1728 462 1768 Caroli
484 1730 534 1767 M.
560 1728 622 1779 (ut
662 1727 711 1766 ab
733 1725 944 1765 Anastasio
973 1723 1069 1763 Bibl.

99 1790 337 1842 appellatur)
353 1791 598 1842 Scholaeque
612 1790 811 1829 Palatinae
827 1787 1068 1836 Praefectus,

101 1852 416 1904 praeclarissime
437 1851 487 1891 de
509 1852 657 1891 litteris
695 1851 959 1902 promeritus,
988 1849 1076 1900 plu-

103 1915 206 1954 rium
227 1915 381 1965 peritus
403 1914 648 1966 linguarum,
669 1913 894 1964 Theologus
911 1942 920 1961 ,
949 1911 1077 1950 Philo-

103 1975 253 2028 sophus
289 1980 329 2015 et
364 1977 503 2024 Poeta,
528 1975 701 2026 denique
738 1979 964 2026 postremos
992 1977 1075 2012 tres

102 2038 168 2078 vel
192 2041 364 2089 quatuor
389 2048 517 2076 annos
539 2038 693 2088 peregit
726 2035 912 2081 Turonis,
940 2034 1076 2075 Abbas

105 2101 146 2141 S.
169 2098 355 2150 Martini,
380 2098 446 2140 ubi
474 2099 581 2138 diem
608 2099 705 2138 obiit
738 2098 854 2138 Anno
883 2099 980 2147 804,
1011 2098 1072 2138 44.

104 2163 184 2204 Cal.
208 2163 329 2202 Junii.
352 2161 452 2213 Ejus
475 2163 603 2214 Opera
631 2160 805 2213 junctim
846 2161 968 2200 edidit
995 2159 1076 2199 An-

102 2225 223 2265 dreas
243 2224 297 2264 du
321 2223 492 2272 Chcsne,
516 2226 602 2264 sive
639 2226 910 2275 Quercetanus
943 2225 1076 2263 Turo—

104 2289 256 2338 nensis,
280 2288 439 2327 Parisiis
472 2286 576 2327 4647
620 2287 682 2326 fol.
727 2288 856 2339 iisque
879 2286 1075 2338 :praefixit

103 2351 229 2390 vitam
248 2361 299 2389 ex
317 2348 530 2388 traditione
553 2347 720 2401 Siyulfi,
743 2351 810 2400 qui
830 2347 987 2388 Alcuini
1016 2348 1075 2387 di-

107 2406 285 2463 scipulus
309 2411 401 2460 fuit,
425 2412 615 2462 scriptam
639 2411 688 2450 ab
712 2409 947 2462 Anonymo,
971 2422 1073 2461 quae

106 2473 257 2523 incipit:
287 2473 473 2524 Superna
507 2472 674 2512 CHristi
706 2467 870 2511 rorante
891 2471 1072 2512 deoetera.

107 2533 268 2573 Addidit
283 2535 404 2572 etiam
427 2534 722 2585 quamplurima
736 2538 921 2574 veterum
939 2546 1076 2573 recen-

107 2597 288 2645 tiumque
310 2594 360 2633 de
382 2593 549 2634 Aleuino
571 2596 823 2645 testimonia,
848 2597 993 2647 quibus
1009 2595 1077 2635 ad—

106 2656 252 2708 denda,
273 2667 375 2706 quae
397 2655 447 2694 de
466 2656 605 2695 Flacco
623 2656 872 2696 Theodulfus
894 2657 1074 2697 Aurelia-

108 2719 262 2770 nensis,
285 2717 382 2756 libro
406 2718 457 2756 Ill
483 2722 524 2756 et
546 2717 595 2757 ad
615 2729 709 2757 eum
747 2718 984 2758 Sirmondus
1008 2725 1034 2758 t.
1060 2721 1075 2759 I

106 2782 283 2832 Operum
302 2791 341 2831 p.
363 2780 466 2819 4065
491 2790 549 2830 sq.
571 2784 611 2818 et
627 2783 720 2817 tom.
739 2780 789 2819 IV
808 2780 1075 2819 Bibliothecae

107 2845 270 2883 Patrum
292 2854 330 2894 p.
355 2842 417 2880 64.
434 2843 491 2882 De
516 2841 655 2880 eodem
679 2840 846 2880 Aleuino
870 2846 1072 2892 practerea

107 2904 306 2945 videndus
333 2904 610 2944 Henschenius
634 2905 671 2941 in
693 2902 804 2942 Actis
835 2903 1076 2943 Sanctorum

111 2969 160 3007 49
181 2965 272 3018 Maji
294 2971 390 3006 tom.
414 2967 465 3006 IV
500 2977 587 3018 pag.
613 2966 689 3004 333
722 2977 808 3016 sqq.
848 2965 1016 3004 Carolus
1042 2966 1078 3005 lc

109 3030 248 3070 Cointe
278 3033 373 3068 tom.
407 3030 458 3069 VI
493 3028 708 3068 Annalium
749 3029 993 3067 Francorum
1028 3027 1075 3067 ad

109 3090 270 3131 Annum
293 3090 371 3130 793
386 3095 481 3130 tom.
499 3092 568 3131 VII
593 3102 678 3142 pag.
706 3091 755 3130 48
779 3101 861 3141 seq.
888 3089 951 3128 ubi
971 3089 1076 3129 etde

112 3152 199 3205 ejus
223 3153 489 3205 discipulis,'et
514 3158 607 3192 tom.
624 3154 711 3192 VIII
736 3165 820 3204 pag.
848 3153 907 3190 42.
933 3151 1078 3191 Editio-

113 3225 203 3253 nem
227 3216 490 3255 Parisiensem
515 3218 690 3267 Operum
715 3214 872 3254 Aleuini
898 3226 1079 3253 recense-

112 3287 153 3314 re
187 3281 277 3327 post
306 3278 467 3328 Labbei,
506 3277 691 3318 Ludovici
729 3277 850 3318 Ellies
890 3277 1071 3327 Dupinii,

1142 229 1342 278 Caveique
1366 226 1635 277 diligentiam,
1672 229 1781 264 essct
1816 227 1950 264 actum
1979 236 2107 276 agere.

1141 291 1249 337 Quae
1272 294 1407 329 autem
1435 291 1470 327 in
1496 288 1636 328 eadem
1663 298 1740 326 non
1765 286 1881 325 obvia
1897 287 2027 326 lucem
2051 289 2111 325 vi-

1141 353 1286 392 derunt
1309 352 1384 392 sub
1406 350 1562 390 AleuIni
1590 350 1766 399 nomine,
1790 349 1904 401 plura
1944 354 2056 399 sunt,
2085 362 2108 389 e

1140 415 1284 466 quibus

1195 479 1209 516 4
1246 478 1392 515 Poema
1428 475 1613 514 versibus
1654 476 1897 515 hexametris
1927 476 2029 515 4658
2052 475 2100 514 de

1142 537 1256 578 urbis
1270 537 1446 577 Eboraci
1452 536 1704 589 primordiis,
1721 537 1845 590 deque
1856 537 2002 590 primis
2018 538 2104 591 ejus

1143 600 1346 640 Ecclesiae
1363 598 1616 650 Pontificibus
1635 612 1682 638 ac
1698 601 1873 649 Scmetis,
1890 600 2041 640 editum
2055 612 2107 640 ex

1144 663 1298 702 duobus
1335 661 1597 701 Remensibus
1627 663 1734 702 MSS.
1759 675 1782 702 a
1805 663 1957 702 Thoma
1985 663 2104 702 Galeo

1142 726 1263 764 tom.I
1283 725 1566 764 Historicorum
1581 723 1758 775 Angliae,
1772 725 1898 763 Oxon.
1917 726 2011 765 4694
2037 725 2098 764 fol.

1139 791 1180 826 et
1198 791 1352 838 partem
1381 786 1457 825 sub
1486 786 1600 825 titulo
1638 784 1833 837 Anonymi
1857 786 1996 838 Anylt',
2035 788 2103 838 qui

1139 849 1306 887 AElberti
1330 847 1624 899 Archiepiseopi
1647 848 1910 887 Eboracensis
1932 849 2104 900 discipu-

1138 911 1201 950 lus
1219 911 1348 960 fuerit,
1360 912 1380 949 J
1384 922 1534 950 oannes
1544 911 1789 950 Mabillonius
1802 912 1886 961 (qui
1903 912 2100 957 integrum

1139 973 1189 1012 ad
1217 973 1385 1012 Galeum
1423 974 1602 1022 miserat)
1640 974 1749 1012 Saee.
1781 975 1833 1012 III
1862 972 2104 1012 Benedici-in.

1142 1039 1253 1087 parte
1277 1036 1310 1074 II
1331 1047 1416 1086 pag.
1443 1036 1532 1075 558.
1560 1036 1647 1075 Non
1669 1034 1847 1084 Aleuini,
1872 1035 1942 1074 sed
1965 1034 2106 1073 Fride-

1138 1096 1234 1149 yodi
1258 1108 1347 1137 esse
1377 1090 1581 1137 contendit
1604 1097 1787 1137 Oudinus
1823 1101 1917 1136 tom.
1955 1098 1970 1135 l
2001 1108 2108 1136 corn-

1142 1163 1308 1199 mentar.
1332 1171 1418 1211 pag.
1445 1160 1547 1199 4923
1571 1164 1612 1198 et
1631 1164 1725 1199 tom.
1751 1161 1784 1198 II
1810 1171 1895 1210 pag.
1919 1158 1995 1197 467
2017 1169 2101 1208 seq.

1193 1223 1218 1262 Ξ).
1246 1221 1518 1274 Epistolarum
1540 1221 1696 1261 Aleuini
1732 1223 2004 1261 collectionem
2027 1221 2105 1260 MS.

1142 1284 1408 1325 Colbertinam
1446 1290 1640 1324 memorat
1672 1285 1877 1334 Baluzius,
1911 1288 1951 1323 et
1979 1295 2029 1321 ex
2058 1294 2106 1321 ea
2142 1298 2147 1302 ·

1139 1348 1360 1398 Epistolam
1396 1347 1451 1386 ad
1495 1347 1718 1388 Candidum
1747 1351 1785 1386 et
1817 1344 2100 1386 Nathanae'lem

1142 1410 1359 1461 publicavit
1381 1414 1475 1448 tom.
1493 1411 1508 1449 I
1524 1411 1738 1461 Capitular.
1762 1411 1915 1460 Regum
1939 1410 2108 1447 Franco-

1142 1485 1231 1512 rum
1255 1484 1341 1524 pag.
1379 1473 1482 1512 ⁴442
1507 1485 1590 1523 seq.
1620 1472 1797 1524 Epistola
1829 1471 1883 1510 ad
1909 1469 2106 1510 Kar-olum

1143 1536 1192 1575 ab
1229 1536 1368 1575 eodem
1404 1536 1564 1575 Baluzio
1587 1539 1681 1574 tom.
1716 1536 1750 1573 II
1775 1535 1881 1572 Misc.
1911 1546 1986 1584 pag
2016 1533 2104 1572 365.

1147 1597 1382 1650 Capitulare
1414 1596 1690 1637 admonitionis
1725 1597 1773 1636 ad
1810 1596 1983 1635 eundem
2018 1607 2106 1646 pag.

1147 1661 1235 1700 375.
1254 1661 1431 1712 Epistola
1446 1660 1501 1699 ad
1512 1658 1685 1699 Abbates
1701 1663 1738 1698 et
1749 1657 1959 1699 Monachos
1977 1656 2108 1696 Gollu'-

1145 1736 1192 1763 ae
1206 1724 1255 1763 de
1279 1725 1373 1763 Filio
1396 1725 1481 1763 DEI
1499 1735 1578 1761 non
1599 1722 1782 1774 adoptivo
1799 1732 1885 1773 pag.
1908 1719 1996 1759 377.
2013 1720 2106 1770 Epi-

1148 1786 1273 1825 stolae
1295 1787 1364 1826 VII
1388 1785 1443 1824 ad
1462 1784 1670 1837 Aquilam,
1702 1786 1788 1823 sive
1814 1782 2013 1823 Arnonem
2041 1794 2110 1821 an—

1149 1849 1315 1886 tistitem
1332 1848 1700 1898 Saltzburgensem,
1725 1848 1764 1885 in
1787 1845 2002 1885 Aneedotis
2017 1847 2110 1883 Ber-

1151 1910 1264 1949 nardi
1283 1911 1359 1949 Pez
1384 1914 1478 1948 tom.
1496 1910 1529 1948 II
1554 1920 1640 1960 pag.
1664 1909 1686 1947 4
1711 1919 1822 1958 seqq.
1846 1906 1908 1945 Ad
1935 1906 2108 1945 eundem

1147 1971 1351 2011 Arnonem
1395 1972 1584 2023 praefatio
1625 1972 1665 2009 in
1707 1970 1994 2021 expositionem
2039 1969 2106 2007 VII

1148 2034 1395 2074 Psalmorum
1413 2033 1774 2085 poenitentialium,
1788 2032 1934 2070 Psalmi
1949 2032 2108 2070 CXVIII

1149 2101 1190 2136 et
1212 2098 1461 2136 Psalmorum
1480 2097 1552 2136 XV
1572 2095 1820 2148 gradualium
1843 2094 1900 2143 (in
1915 2093 2112 2144 Operibus

1146 2157 1304 2198 Aleuini
1326 2171 1412 2211 pag.
1439 2159 1488 2198 59
1514 2170 1625 2209 seqq.
1649 2156 1822 2205 obviam)
1861 2156 1900 2194 in
1928 2155 2109 2194 Dacherii

1148 2221 1346 2273 spicilegio
1366 2226 1473 2260 tomo
1494 2222 1550 2260 IX
1573 2231 1658 2272 pag.
1685 2220 1751 2259 444
1782 2222 1823 2258 et
1845 2218 2030 2257 editionis
2043 2228 2112 2255 no—

1147 2294 1222 2323 vae
1245 2287 1340 2322 tom.
1365 2284 1417 2323 III
1442 2295 1528 2335 pag.
1560 2282 1649 2321 323.
1681 2280 1791 2321 Aliae
1827 2280 2029 2331 Epistolae
2056 2279 2111 2318 III

1145 2345 1201 2385 ad
1219 2343 1527 2395 Gallicellulam,
1552 2349 1592 2384 et
1607 2343 1656 2383 de
1670 2343 1809 2383 decem
1828 2343 1962 2382 verbis
1982 2341 2110 2392 Legis,

1146 2411 1187 2446 et
1201 2407 1256 2447 ad
1267 2407 1529 2460 Friduqisum
1550 2407 1599 2447 de
1622 2407 1749 2446 tribus
1765 2405 1975 2457 generibus
1994 2403 2114 2442 visio-

1148 2482 1265 2521 num,
1287 2471 1336 2510 ab
1359 2470 1498 2510 eodem
1520 2469 1710 2509 Dacherio
1734 2472 1827 2507 tom.
1852 2468 1903 2507 VI
1924 2465 2110 2517 spicilegii

1148 2545 1185 2585 p.
1211 2534 1280 2573 394
1308 2536 1349 2572 et
1371 2537 1465 2571 tom.
1487 2533 1539 2571 III
1564 2531 1747 2570 editionis
1770 2541 1896 2568 novae
1920 2539 2006 2579 pag.
2032 2527 2102 2566 3221

1150 2605 1224 2633 nec
1246 2605 1324 2632 non
1348 2595 1446 2633 aliae
1468 2594 1597 2633 XXVI
1620 2604 1642 2631 a
1663 2591 1883 2631 Mabillonio
1911 2594 2005 2627 tom.
2045 2588 2108 2627 IV.

1150 2655 1328 2695 Analcet.
1345 2667 1431 2706 pag.
1449 2654 1526 2694 272
1543 2658 1663 2704 atque
1678 2652 1861 2692 editionis
1880 2661 2006 2689 novae
2022 2661 2108 2701 pag.

1151 2718 1226 2756 399
1243 2728 1325 2766 seq.
1342 2716 1518 2767 Epistola
1534 2715 1781 2767 paraenetica
1795 2713 1843 2752 ad
1858 2710 2112 2750 Eanbaldum

1151 2780 1204 2818 II.
1213 2777 1561 2829 Archiepiscopum
1575 2773 1865 2814 Eboracensem
1880 2775 2025 2825 scripta
2034 2772 2109 2812 An.

1154 2842 1229 2881 ’796
1252 2840 1357 2880 edita
1372 2840 1420 2878 ab
1441 2839 1583 2878 illustri
1606 2837 1823 2876 Fontanino
1841 2837 1878 2875 in
1896 2835 2112 2887 appendice

1153 2902 1202 2942 ad
1225 2902 1417 2941 vindicias
1452 2901 1705 2950 antiquorum
1727 2898 1994 2948 Diplomatum
2022 2909 2108 2948 pag.

1153 2966 1230 3005 266
1253 2969 1293 3003 et
1315 2975 1337 3003 a
1365 2963 1507 3002 Jacobo
1531 2962 1720 3011 Basnagio
1750 2965 1844 2999 tom.
1870 2961 1902 2999 ll
1928 2959 2110 2999 editionis

1155 3038 1280 3065 novae
1305 3026 1516 3065 lectionum
1540 3025 1840 3064 Canisianarum
1868 3033 1942 3073 pag
1968 3022 2055 3061 450.

1208 3089 1230 3126 3
1259 3088 1395 3127 Sermo
1421 3087 1459 3125 ln
1484 3085 1714 3138 Hypapanli
1733 3085 1863 3124 dictus
1885 3095 2017 3122 coram
2036 3084 2111 3123 Ca-

1154 3151 1232 3190 rolo
1256 3152 1407 3201 Magno:
1446 3149 1548 3201 apud
1574 3149 1705 3188 Baluz.
1742 3153 1835 3186 tom.
1867 3148 1881 3186 Ι
1911 3147 2109 3186 Miscellan

1153 3225 1238 3265 pag.
1271 3213 1361 3251 382.

1207 3276 1227 3313 4
1260 3272 1458 3326 Confessio
1475 3275 1508 3314 F
1512 3273 1588 3314 alec
1609 3274 1711 3315 edita
1734 3286 1755 3314 a
1776 3275 1886 3314 Petro
1904 3275 1929 3314 F
1935 3274 2109 3313 rant-isco

1633 3355 1656 3364 -q

1638 3366 1651 3392 Ι
