2500 3841
879 204 1328 246 BERNARDUS

122 294 163 328 et
185 285 306 336 Lugd.
332 283 434 324 4556
458 283 494 321 8.
519 281 616 322 vide
640 280 841 321 Oudinum
865 282 974 319 Tom.
1012 280 1075 318 111.

123 347 318 462 nZZZ-tii
329 405 486 447 Huarti
496 405 768 456 Bernhardus,
793 407 877 445 sive
893 406 1009 445 flores
1028 417 1078 445 ex

118 469 337 512 Bernhardi
361 469 570 519 Operibus.
596 470 756 508 Lovanii
782 470 875 508 4654
902 498 910 517 ,
933 465 998 507 4²⁰.

172 523 328 565 Nz'colai
353 522 506 562 Pithoei
526 523 756 562 Thesaurus
771 534 792 561 e
808 521 1078 560 monumentis

120 586 310 627 Bernardi
325 585 669 625 Claracvallensis.
684 584 868 623 Genevae
879 586 894 623 4
906 584 993 631 589,
1011 584 1080 621 810

172 648 377 689 Editiones
399 648 575 698 Operum
593 649 631 687 S.
648 647 863 686 Bernhardi
880 646 952 685 hae
969 658 988 685 a
1006 647 1083 685 Ma-

122 711 280 750 billonio
294 713 674 759 memorantur‚post
689 709 941 760 imperfectas
955 708 1083 755 valde,

122 772 393 824 Moguntinam
407 770 483 811 An.
503 770 982 821 4475.Rothomagensem
999 772 1085 810 sine

122 834 229 874 Anni
248 833 745 882 nota‚BruxellensemAn.
763 834 876 873 4484.
894 834 1086 874 Parisien—

124 907 211 940 sem
234 895 308 936 An.
336 894 437 936 4494
461 897 707 935 Brixiensem
733 895 807 934 An.
827 897 929 936 4495
945 901 985 935 et
1000 896 1087 946 Spi-

128 969 289 998 rensem
313 957 429 998 Anno
453 959 568 998 4504.

179 1021 413 1061 Parisiensis
432 1019 507 1060 An.
526 1021 630 1060 4508
654 1021 801 1071 scripta
821 1020 997 1059 melliflui
1012 1020 1087 1058 Do-

126 1084 248 1122 ctoris
271 1081 507 1134 Seraphim,
527 1087 572 1121 ut
597 1082 715 1122 habet
738 1083 892 1127 titulns,
915 1081 1088 1132 comple-

126 1149 244 1186 ctens
267 1145 500 1185 curantibus
529 1146 714 1196 Magistro
736 1145 885 1182 Joanne
910 1141 1089 1181 Bocardo

129 1212 171 1246 et
192 1204 337 1246 Jacobo
363 1206 599 1255 Clz‘chtoveo,
623 1208 689 1258 qui
711 1217 814 1244 novo
835 1205 965 1244 studio
982 1216 1092 1244 reco-

133 1270 243 1320 gnita
271 1268 380 1308 dedit
409 1268 530 1320 Lugd.
563 1270 666 1309 4545
707 1279 825 1318 saepe
867 1272 1005 1318 postea
1033 1279 1094 1306 re-

133 1329 231 1369 cusa
267 1331 307 1368 in
343 1330 482 1370 eadem
519 1330 616 1370 urbe
653 1334 693 1369 et
724 1331 831 1381 typis
858 1330 1021 1369 Venetis
1049 1340 1095 1368 ac

137 1392 439 1432 Parisiensibus.

182 1455 317 1494 Melior
339 1454 458 1494 editio
482 1454 761 1506 Lugdunensis
784 1453 816 1493 Α
839 1455 940 1494 4520
959 1466 1009 1493 ex
1032 1466 1094 1493 re-

131 1517 317 1555 censione
339 1515 544 1556 Lambere·
566 1516 810 1568 Campestris
833 1522 872 1556 et
888 1517 1097 1556 Laurentii

131 1577 374 1625 Dantz'sceni,
397 1579 676 1618 Monachorum
701 1580 1093 1625 Claraevailensium,

136 1641 306 1691 repetita
326 1640 443 1680 Anno
467 1641 587 1691 4530,
612 1642 714 1681 4544
738 1646 813 1680 etc.

187 1702 284 1743 Inde
308 1702 467 1743 laudata
489 1704 704 1754 recognitio
720 1705 898 1744 Doctoris
913 1706 1096 1745 Sorboni-

86 1801 91 1806 .
136 1765 172 1805 ci
192 1764 405 1804 Francis-cz·
426 1765 663 1806 comestoris
693 1766 928 1815 Arneducci‚
947 1770 1105 1810 Parisiis

142 1826 259 1866 4547.
285 1831 326 1866 et
348 1839 399 1866 ex
422 1827 597 1867 secunda
620 1830 885 1879 recognitione
907 1832 1021 1870 4566.

190 1889 343 1929 Veneta
363 1888 439 1930 An.
465 1886 656 1939 ⁴549,4²⁰,
672 1890 789 1930 duob.
812 1892 1096 1934 Voluminibus.

189 1951 430 1991 Basileensis
450 1963 501 1991 ex
523 1954 754 1991 recensione
791 1952 954 1993 Antonii
988 1958 1101 1995 Mar-

139 2011 285 2063 cellini,
308 2014 485 2053 Basileae
510 2015 613 2054 4552
644 2014 749 2065 apud
783 2017 975 2056 Joannem
1005 2020 1101 2058 Her-

139 2076 316 2127 vagium.
344 2079 386 2115 et
413 2076 528 2116 4566.
997 2120 1002 2124 ,

192 2138 436 2181 Parisienses
472 2137 664 2178 Johanm's
687 2137 850 2189 Gz‘llotii,
889 2142 1099 2194 Campani,

139 2200 260 2240 Paris.
289 2200 389 2240 4582
418 2200 636 2240 Nivelliana
673 2206 714 2240 et
748 2202 957 2255 Antwerp.
999 2205 1100 2244 4576

142 2273 218 2302 nec
239 2273 319 2301 non
341 2263 463 2302 Paris.
491 2262 595 2302 4586
620 2264 695 2303 sub
724 2265 911 2315 Symbolo
949 2268 1071 2306 Navis
1092 2281 1100 2307 :

141 2323 258 2375 cujus
280 2324 510 2364 distinctam
534 2327 714 2365 notitiam
731 2327 822 2366 vide
837 2328 942 2380 apud
965 2330 1105 2369 Posse-

143 2399 298 2429 vinum.

194 2447 398 2488 Edmundi
421 2447 654 2501 Tiraquelli‚
674 2451 852 2490 Monachi
870 2452 1107 2492 Cistercien-

145 2511 218 2559 sis,
238 2510 285 2550 A.
310 2511 426 2551 4604.

198 2571 363 2612 Ioannis
385 2572 554 2612 Picardz'
572 2573 867 2613 Bellovacensis
896 2574 971 2614 An.
1004 2575 1106 2615 4609

147 2635 214 2685 qui
239 2635 438 2686 Epistolas
467 2636 587 2674 etiam
621 2636 726 2673 notis
759 2636 985 2675 illustravit.
1015 2637 1109 2676 Edi-

149 2697 244 2735 tioni
268 2695 475 2747 Antwerp.
499 2696 600 2736 ⁴620
623 2701 781 2747 praeter
802 2698 877 2736 alia
905 2708 1109 2736 accessere

150 2759 270 2798 etiam
295 2762 464 2810 quatuor
486 2757 684 2809 Opuscula
723 2758 884 2809 vulgata
907 2769 930 2796 a
952 2759 1112 2797 Gretse-

152 2832 212 2872 ro,
236 2819 449 2873 Ingolstad.
476 2819 597 2867 4647,
624 2820 658 2858 4.

204 2882 402 2923 Prioribus
443 2882 505 2922 his
546 2882 660 2932 longe
697 2880 952 2920 anteferenda
991 2881 1110 2920 editio

153 2943 295 2984 Jacobi
309 2943 478 2985 Merloni
503 2943 671 2992 Horstic',
689 2943 862 2982 Pastoris
889 2943 1112 2983 Colonienis

155 3008 231 3048 An.
253 3008 349 3048 4644
380 3007 566 3046 distincta
590 3007 627 3044 in
666 3009 794 3044 tomos
817 3015 906 3050 sex,
931 3015 1022 3044 cum
1046 3016 1114 3043 no-

157 3072 211 3110 tis
233 3071 272 3109 in
296 3071 446 3122 priores
469 3072 655 3120 quatuor,
670 3066 813 3117 quibus
836 3067 1005 3117 genuina
1025 3077 1116 3116 ope-

158 3144 202 3173 ra
224 3133 490 3172 continentur.
514 3132 615 3170 llaec
638 3129 728 3180 plus
752 3127 918 3178 simplici
938 3128 1024 3165 vice
1048 3127 1114 3166 dc-

161 3195 252 3235 inde
280 3205 421 3234 recusa
449 3193 566 3232 editio
597 3191 781 3230 distincte
817 3193 1046 3228 recensetur
1089 3201 1109 3227 a

162 3257 315 3297 Labbeo
356 3268 442 3308 pag.
469 3257 540 3296 490
567 3266 675 3305 seqq.
701 3258 737 3292 et
761 3251 913 3290 Oudino
956 3254 1047 3289 tom.
1081 3252 1110 3290 11

164 3331 249 3371 pag.
272 3319 374 3360 4235
398 3329 479 3367 seq.

2028 195 2105 232 907

1201 269 1601 318 Luculentissimami‘
1612 270 1740 310 κδοσιν
1756 269 1900 310 dedere
1917 268 2109 307 Parisien-

1151 351 1217 379 ses
1241 339 1455 390 majoribus
1483 339 1590 389 typis
1609 335 1740 387 Regiis
1768 342 1957 372 excusam
1987 331 2106 369 Paris.

1152 404 1253 443 4640
1280 414 1350 441 sex
1374 402 1526 441 Volum.
1555 402 1591 439 in
1617 397 1680 438 fol.

1205 466 1382 515 Denique
1393 463 1590 512 singulare
1607 460 1784 500 studium
1801 466 2026 506 novamque
2041 465 2109 493 cu-

1153 539 1236 566 ram
1262 528 1300 564 in
1338 524 1570 576 expolienda
1607 528 1647 562 et
1687 518 1961 572 locupletanda
1990 517 2110 555 etiam

1154 590 1298 629 Horstii
1322 587 1490 626 editione
1514 586 1645 636 posuit
1667 588 1756 634 post
1779 581 1986 622 Claudium
2011 580 2113 619 Can-

1156 651 1347 690 telovium
1363 654 1399 698 a)
1414 647 1610 686 Johannes
1626 638 1878 684 Mabillonius
1897 653 1974 681 non
1991 641 2113 680 desti-

1157 716 1296 752 tuente
1321 722 1412 749 eum
1436 708 1566 759 Opera
1589 709 1789 747 Sociorum
1807 705 2003 744 Michaelis
2018 703 2114 742 Ger-

1158 775 1282 823 mani,
1306 771 1534 811 Theodorici
1554 770 1751 819 Ruinarti,
1772 773 1890 818 atque
1911 765 2114 808 Edmundi

1157 838 1344 875 Mai-tene.
1368 833 1588 872 Mabillonio
1611 836 1719 870 certe
1741 830 2032 868 emendatiores
2059 829 2115 866 lo-

1155 897 1474 948 cupletioresque
1503 897 1673 945 quatuor
1707 892 1900 931 editiones
1938 891 2112 941 Operum

1157 957 1373 999 Bernhardi
1397 957 1609 1005 debemus,
1626 955 1730 994 notis
1753 955 1870 992 etiam
1888 953 2114 991 illustratas:

1158 1031 1280 1060 unam
1318 1021 1357 1057 in
1387 1023 1526 1058 octavo
1548 1018 1668 1057 Paris.
1695 1016 1795 1056 4666
1820 1019 1908 1054 octo
1946 1014 2117 1052 Volumi-

1160 1083 1296 1131 nibus⁷
1321 1086 1361 1120 et
1383 1086 1466 1119 tres
1490 1082 1528 1118 in
1554 1081 1642 1119 folio
1666 1079 1739 1117 An.
1762 1078 1864 1118 4666
1888 1077 1928 1124 b)
1957 1076 2057 1115 4690
2080 1079 2116 1123 e)

1163 1146 1264 1186 4749
1291 1145 1468 1195 singulas
1488 1141 1779 1188 tomisduobus‚
1803 1150 1972 1190 quorum
1996 1138 2118 1189 prior,

1163 1213 1331 1259 quatuor
1355 1206 1567 1245 distinctus
1592 1203 1771 1243 Partibus
1787 1204 1957 1254 genuina
1974 1201 2013 1240 S.
2029 1201 2121 1238 Ber-

1167 1269 1307 1309 nhardi
1323 1280 1456 1320 opera,
1473 1268 1665 1319 posterior
1680 1266 1798 1304 dubia
1821 1270 1860 1303 et
1875 1265 2000 1303 aliena
2015 1273 2123 1301 com-

1166 1333 1363 1384 plectitur.
1389 1332 1498 1370 Hanc
1512 1331 1772 1368 novissimam
1786 1327 1998 1366 editionem
2017 1324 2122 1363 Anni

1170 1397 1184 1435 4
1195 1394 1237 1434 74
1249 1396 1270 1433 9
1282 1393 1524 1433 recuderunt
1534 1393 1783 1431 Veronenses
1799 1390 1841 1438 d)
1859 1389 1932 1428 An.
1945 1389 1958 1427 4
1970 1386 2120 1428 726101.

1167 1457 1295 1496 tribus
1323 1454 1612 1503 voluminibus,
1635 1455 1687 1492 ita
1715 1457 1759 1491 ut
1783 1452 1954 1503 genuina
1978 1451 2124 1499 scripta

1166 1521 1341 1572 primum
1355 1522 1396 1557 et
1411 1515 1632 1556 secundum
1657 1516 1859 1566 expleant,
1884 1513 2028 1552 additis
2047 1511 2126 1562 Ap-

1166 1582 1344 1634 pendicis
1368 1581 1452 1619 loco
1477 1581 1550 1628 iiS,
1573 1588 1675 1629 quae
1699 1575 1938 1616 Edmundus
1953 1575 2127 1613 Martene

1168 1656 1296 1696 nuper
1310 1643 1538 1695 publicavit,
1552 1643 1655 1680 Haec
1672 1650 1763 1678 mox
1778 1637 2014 1686 memorabo,
2033 1646 2126 1674 cum

1168 1707 1380 1745 editionem
1420 1703 1735 1743 Mabillonianam
1771 1704 2014 1752 postremam
2039 1699 2129 1736 stri-

1178 1770 1273 1808 ctim
1298 1778 1545 1807 recensuero.

1295 1844 1734 1887 VOLUMINIS
1783 1841 1998 1882 PRIMI

1512 1924 1709 1964 TOMO
1756 1923 1790 1962 Ι.

1225 2005 1424 2059 Epistolae
1449 2004 1675 2046 CCCCXIX
1688 2015 1781 2043 cum
1798 2001 2025 2054 Appendice
2041 2000 2134 2050 Epi-

1173 2070 1366 2108 stolarum
1391 2068 1599 2107 dubiarum
1616 2070 1684 2105 aut
1701 2066 1926 2116 spuriarum
1949 2063 2052 2101 vela
2066 2062 2133 2100 M·

1173 2131 1340 2172 COLAO
1377 2129 1700 2175 Claraevallensi‚
1743 2125 1931 2166 Bernardi
1973 2125 2132 2162 nomine

1174 2195 1428 2245 scriptarum:
1472 2192 1618 2243 quibus
1656 2189 1811 2230 additae
1849 2188 2008 2227 chartae
2023 2216 2033 2233 ,
2063 2197 2135 2224 seu

1175 2257 1330 2297 litterae
1354 2255 1403 2294 ab
1427 2256 1510 2306 ipso
1525 2252 1726 2294 Bernardo
1747 2251 1795 2290 de
1816 2250 1935 2289 rebus
1955 2247 2138 2287 civilibus

1176 2320 1394 2367 confectae,
1416 2322 1502 2356 tum
1524 2316 1726 2367 Epistolae
1749 2313 1798 2353 ad
1821 2324 1912 2352 eum
1930 2323 1952 2351 a
1967 2310 2137 2349 diversis

1179 2383 1348 2432 scriptae
1372 2391 1463 2418 cum
1489 2377 1726 2429 quibusdam
1751 2377 1837 2414 aliis
1857 2372 2138 2420 monumentis,

1179 2454 1280 2494 quae
1300 2441 1349 2482 ad
1373 2439 1630 2480 illustrandas
1652 2436 1840 2477 Bernardi
1863 2433 2063 2485 Epistolas
2084 2432 2138 2470 fa—

1179 2515 1268 2543 cere
1312 2505 1399 2542 visa
1447 2507 1568 2551 sunt,
1610 2512 1633 2539 a
1677 2511 1785 2538 num.
1838 2496 2045 2538 CCCCXX
2091 2494 2140 2533 da

1182 2565 1466 2606 CCCCXLVII.

1210 2627 1272 2676 (38
1302 2624 1576 2677 Volyurizzate
1604 2621 1675 2661 dai
1692 2623 1769 2660 PP.
1795 2619 1958 2659 Petrina
1981 2629 2001 2656 e
2024 2616 2141 2657 Sz‘an-

1181 2687 1245 2727 (Ia.
1276 2689 1399 2726 Roma
1429 2685 1542 2726 4756.
1575 2685 1608 2723 4.
1640 2696 1676 2721 ν.
1708 2684 1744 2721 2.

1237 2774 1272 2812 a)
1294 2773 1373 2804 Vide
1398 2773 1485 2803 Pezii
1507 2769 1746 2803 Bibliothecum
1769 2767 2145 2800 Benedictino-Mauria-

1177 2831 1256 2856 nam
1277 2830 1352 2864 pag.
1379 2821 1428 2853 15.

1239 2874 1272 2911 b)
1296 2871 1431 2904 Journal
1454 2871 1509 2902 des
1531 2872 1654 2902 Savans
1677 2871 1713 2900 Α.
1743 2867 1834 2907 1666,
1857 2867 1877 2898 6
1903 2865 2085 2906 septembr.
2113 2873 2146 2906 p.

1179 2925 1254 2957 205.
1279 2924 1430 2954 oudinus
1455 2925 1537 2952 tom.
1565 2921 1590 2950 ΙΙ
1619 2928 1651 2959 p.
1675 2918 1768 2950 1258.

1244 2973 1275 3013 c)
1299 2977 1377 3005 Acta
1394 2972 1611 3002 Eruditorum
1635 2973 1714 3000 tom.
1742 2969 1752 2997 1
1777 2966 2001 3006 supplementi
2026 2973 2057 3004 p.
2073 2964 2145 2995 556.

1181 3025 1330 3055 oudinus
1353 3026 1434 3052 tom.
1452 3022 1478 3050 ΙΙ
1503 3027 1577 3059 pag.
1598 3018 1680 3049 1246
1698 3019 1754 3057 qui
1775 3019 1875 3048 etiarn
1893 3017 2047 3047 notitiam
2066 3023 2144 3054 pro·

1180 3075 1303 3105 missae
1342 3070 1538 3103 Bertrands·
1576 3069 1711 3101 Tisseri
1733 3068 1890 3099 editionis
1911 3065 2043 3097 exhibet
2073 3072 2147 3104 pag.

1183 3122 1259 3154 1241
1285 3130 1354 3161 seq.
1377 3122 1429 3153 cui
1457 3120 1672 3160 praecipuam
1694 3125 1806 3149 curam
1829 3115 1924 3147 docet
1949 3114 2049 3146 ruisse
2065 3115 2148 3144 alic-

1180 3181 1222 3204 na
1244 3173 1356 3202 omnin
1382 3168 1608 3206 excludendi,
1645 3176 1686 3198 ne
1710 3166 1793 3197 mole
1834 3165 1929 3196 multi
1955 3172 1974 3195 n
2005 3163 2146 3196 lectione

1183 3220 1333 3253 melliflui
1359 3220 1508 3252 Doctoris
1525 3218 1800 3249 absterrerentur.

1240 3270 1274 3307 d)
1300 3268 1454 3300 Giornnie
1476 3267 1526 3299 dc·
1545 3267 1699 3298 bviii-rati
1732 3266 1762 3297 d'
1778 3265 1871 3303 ltalia
1891 3268 1991 3306 ⁶tom.
2012 3265 2146 3295 xxxvii

1182 3328 1242 3360 pag
1280 3319 1352 3350 ἶν’-’5.
