2500 4009
423 259 496 298 ³06¹·

469 333 630 369 loannis
649 329 694 366 tlt'
716 326 895 364 Murietla
917 354 923 362 ,
948 321 1201 359 victoniensis
1220 347 1229 359 .
1246 320 1368 356 Cata-

421 396 532 440 loy-vii<
557 393 838 440 lipiscopornin
865 389 901 421 et
931 381 1160 430 triumphus
1184 380 1366 418 virorum

418 455 628 492 illasii-mm
653 447 811 486 Ordinis
834 442 1076 482 nominicaui
1102 441 1324 490 Hispanico,

471 512 622 551 „intonsa
650 504 839 546 Jlazened
869 504 1091 543 chronicon
1131 503 1365 539 Conventus

419 560 616 614 'rulleissis
641 568 801 606 Ordinis
827 565 1158 604 Praedicatorum.
1182 564 1258 600 MS.

471 631 653 671 Linlorici
684 627 878 679 ,llesplede
900 627 1039 664 notitia
1061 624 1213 673 antiqui
1235 628 1365 662 status

417 696 508 734 Ord.
535 691 794 731 Praedicator.
819 702 867 727 ex
893 689 1032 739 primis
1057 685 1145 736 ejus
1165 686 1368 724 Constitu—

415 757 598 794 tionibus.
621 755 728 792 Paris
759 752 857 791 1613
875 781 883 797 .
909 753 948 788 8.

467 815 650 868 Godfri'di
668 827 693 852 α
717 812 856 853 ,1110110
881 810 1158 852 Calendarium
1182 813 1367 859 perpetu-

415 893 480 919 nni
502 910 508 916 .
554 877 777 917 seeundum
821 876 1048 913 institutum
1095 871 1191 910 Ord.
1230 869 1365 909 Praed.

415 941 579 980 XXXVI
609 939 756 978 tabulis
779 942 968 975 constans
987 964 995 981 7
1020 939 1060 972 et
1092 937 1182 984 post
1202 933 1370 982 primam

416 1003 547 1041 liidaci
579 1002 762 1041 Ximenis
786 1000 899 1038 Ariae.
927 997 1141 1035 editionem
1185 992 1371 1031 emenda-

414 1074 511 1105 tum.
533 1065 742 1113 Antwerp.
774 1062 897 1107 1566,
921 1061 981 1099 12.
1006 1058 1102 1097 vide
1128 1057 1227 1095 infra
1253 1057 1290 1094 in
1310 1057 1367 1093 Jo.

416 1128 464 1165 de
499 1125 701 1165 srdiinnri.

470 1186 684 1238 Hyacinthi
704 1183 896 1231 ,11011101ίᾲ
922 1181 1206 1227 Panormitam,
1233 1180 1367 1217 istoria

414 1250 514 1287 della
538 1249 733 1295 Religione
767 1246 803 1283 di
830 1246 867 1284 S.
898 1243 1113 1283 Domenico
1149 1241 1252 1279 nella
1275 1241 1367 1278 Pro—

416 1312 541 1348 vincia
568 1309 709 1347 Sicilia.
729 1308 804 1346 MS.

470 1371 658 1410 l'incenti'i
693 1367 920 1409 ,llantsilvcin
964 1367 1075 1405 Vitae
1127 1365 1364 1403 Sanctorum

414 1434 571 1472 Ordinis
601 1431 734 1471 Praed.
768 1431 914 1469 italice.

468 1494 792 1533 Bartholomaeus
831 1490 1053 1530 Mor-tavius
1075 1521 1083 1536 ‚

417 1557 593 1596 Leandro
626 1554 796 1594 ailberto.

466 1617 713 1657 MCOLAL'S
733 1615 984 1661 Brixianus,
1011 1624 1150 1663 supra,
1178 1613 1216 1648 in
1243 1612 1366 1648 Lean—

416 1681 486 1718 dro
510 1680 536 1718 ,1
547 1678 683 1717 lberto.

467 1740 646 1791 Dionysii
666 1739 712 1778 (Ie
732 1738 964 1778 OCClLLIS
984 1736 1228 1786 Neapolitani
1249 1735 1367 1782 ⁷Cro-

417 1804 500 1840 nica
517 1802 617 1839 della
634 1802 834 1839 Provincia
851 1801 1096 1838 Ossowanto
1115 1797 1176 1835 del
1194 1806 1313 1846 regno
1330 1794 1367 1832 di

415 1864 546 1913 Napoli
572 1862 812 1900 dell’Ordine
831 1859 1145 1898 de'l‘redicatori.
1165 1859 1243 1896 lloc
1267 1868 1370 1907 opus

418 1926 570 1962 {sisium
606 1924 748 1973 legisse
782 1934 823 1959 se
846 1925 1017 1959 testatur
1042 1919 1225 1958 Nicolaus
1249 1919 1370 1968 Toppi

421 1988 457 2023 in
479 1986 717 2024 Bibliotheca
731 1985 985 2035 Neapolitana
1005 1993 1090 2032 pag.
1106 1981 1148 2019 71
1172 1980 1372 2029 refertque

421 2053 507 2098 post
531 2049 704 2086 auctoris
728 2048 878 2084 obitum
905 2045 1027 2083 fuisse
1070 2041 1312 2079 Theodorum
1347 2052 1373 2076 α

424 2109 538 2148 Valle.
558 2111 837 2159 pipernensem
855 2138 863 2153 ‚
890 2107 955 2156 qui
982 2104 1076 2142 illud
1104 2114 1172 2153 pro
1198 2113 1268 2139 sno
1293 2101 1371 2139 edi-

419 2172 475 2209 dit
505 2172 806 2220 iuscripsitque:
832 2169 953 2205 breve
988 2163 1202 2214 Compedio
1241 2162 1288 2198 di·
1320 2163 1369 2206 gli

420 2234 482 2282 piu
509 2233 648 2269 illustri
675 2230 784 2267 l‘adri
809 2229 910 2266 della
935 2227 1139 2265 Provincia
1167 2224 1228 2261 del
1252 2234 1371 2272 regno

423 2295 459 2330 di
491 2293 635 2342 §apoli
659 2291 813 2341 Neapoli
844 2291 934 2328 ¹65¹
961 2320 970 2335 ‚
999 2289 1032 2325 4.

476 2354 641 2390 loannis
672 2352 717 2389 de
756 2349 1006 2389 PALENTM
1047 2346 1371 2396 Martyrologium

426 2416 721 2453 imminit-anum
743 2444 749 2460 ,
773 2423 862 2449 euin
885 2410 1064 2461 ejusdem
1090 2408 1249 2447 Ordinis
1272 2407 1373 2444 Con-

427 2476 708 2514 stitutionibus.
745 2474 1007 2512 Salnianticae
1052 2471 1166 2510 4579.
1198 2469 1373 2506 venetiis

432 2538 546 2575 ¹:582.
585 2536 620 2574 Ῑι.

480 2596 691 2647 Hyacinthi
722 2596 767 2634 cle
810 2597 945 2641 Parra
989 2594 1201 2642 Catalogus
1239 2594 1372 2629 aucto-

428 2672 513 2696 rum
545 2660 830 2697 Dominicanor.
854 2658 932 2695 MS.

481 2720 677 2758 Benedicti
693 2719 820 2767 Pauli,
838 2719 1064 2765 Florentini,
1082 2717 1203 2754 breve
1220 2715 1373 2754 MStum

429 2784 646 2821 (Llironicon
667 2781 763 2819 Ord.
790 2779 1121 2823 Praedicatorum‚
1139 2776 1207 2814 sed
1227 2776 1373 2814 1501131-

431 2845 478 2882 (10
504 2844 637 2895 judice
659 2846 886 2881 accuratum
907 2871 914 2888 ‚
941 2844 1134 2878 memorat
1157 2838 1287 2877 Julius
1310 2837 1375 2876 M·

431 2918 496 2951 ,ei-r
520 2918 603 2955 pag.
630 2905 679 2942 933
702 2904 886 2941 historiae
911 2902 1150 2951 scriptorum
1183 2899 1375 2937 Florenti-

435 2979 587 3003 [10111111.

487 3026 676 3064 lhnninici
718 3024 881 3063 Peccioli
899 3057 907 3072 ‚
952 3025 1078 3063 Pisani
1104 3053 1111 3070 ⁷
1149 3022 1373 3060 Clironicon

435 3090 656 3126 monasterii
690 3091 727 3125 S.
759 3088 945 3126 lioniinici
977 3087 1121 3124 Pisani.

489 3149 700 3187 Guilelmus
752 3148 923 3186 I’elhisso
961 3147 1008 3185 de
1058 3147 1176 3184 rebus
1220 3143 1380 3182 Ordinis

1130 1499 1247 1539 supra
1271 1518 1278 1536 ,
1326 1488 1363 1524 in

439 3210 746 3247 l'raedicatornni
767 3211 814 3247 ab
838 3210 910 3247 An.
938 3210 1053 3247 1211.
1080 3208 1127 3245 ad
1159 3205 1260 3245 42'46
1278 3204 1379 3244 etde

438 3272 665 3308 Conventus
688 3273 864 3309 'l'olosani
889 3270 1077 3308 exordiis.

497 3329 679 3367 vincentii
703 3332 826 3369 Persii
854 3332 1014 3370 Caelum
1054 3331 1274 3381 virgineum
1308 3331 1378 3367 Oi·-

1180 248 1620 306 ⁴volutaticos

1457 319 1563 356 dinis
1588 319 1907 358 Praedicatorum
1929 321 2053 370 signis
2074 321 2144 359 Xll
2173 319 2410 370 liierolypbi-

1441 381 1499 417 cis
1543 391 1614 430 per
1644 381 1750 428 xli,
1796 385 1956 419 sanctos
1996 381 2212 420 stellatum.
2247 379 2407 431 Neapoli

1444 441 1546 479 1658
1569 472 1579 488 ,
1607 441 1675 479 101.

1498 502 1739 541 Laurentius
1764 501 1914 553 Piynon
1935 533 1945 551 ‚
1986 504 2053 552 qui
2098 502 2171 542 An.
2212 504 2313 543 1146
2345 503 2405 540 vi'-

1441 565 1534 612 xit,
1563 565 1598 601 in
1636 563 1830 602 Chronico
1867 568 1908 601 et
1945 564 2141 614 Catalogis
2178 566 2319 614 variis,
2354 563 2403 603 de

1440 624 1591 674 quibus
1623 625 1775 670 Ouetif.
1801 629 1898 662 tom.
1925 626 1959 663 1.
1990 635 2077 675 pag.
2103 625 2193 665 805.

1491 687 1668 725 ‚loannes
1694 684 1865 725 Michael
1889 685 2009 733 Pius,
2033 687 2306 736 Bononiensis,
2330 687 2404 725 Do-

1440 747 1588 786 menico
1614 747 1654 785 in
1678 746 1800 785 Italia
1825 776 1833 794 ,
1859 748 1945 785 sive
1982 746 2031 785 de
2053 747 2157 786 Viris
2180 747 2403 787 illustribus

1440 809 1600 847 Ordinis
1625 808 1952 847 Praedicatorum
1972 809 2009 846 in
2034 809 2144 847 113113
2168 837 2177 856 ,
2200 813 2241 848 01
2264 811 2402 849 notitia

1442 871 1725 909 Conventuum
1749 873 1790 907 et
1814 870 2145 908 Monasteriorum
2179 871 2219 909 in
2242 872 2402 922 Europa

1444 931 1661 981 lndiisque.
1688 932 1884 970 Bononiae
1907 930 2022 970 1607.
2049 932 2174 970 Ticini
2200 933 2302 972 1613
2319 964 2331 981 ‚
2361 939 2402 972 et

1445 995 1642 1032 Bononiae
1664 995 1794 1043 1615,
1824 993 1888 1032 101.
1918 994 1953 1032 3.
1995 993 2092 1032 Voll.
2125 997 2166 1032 et
2204 995 2401 1034 Bononiae

1446 1060 1472 1092 t.
1499 1057 1512 1094 4
1539 1086 1547 1104 ,
1579 1056 1641 1094 101.
1671 1066 1763 1093 cum
1793 1054 1916 1094 addit.
1946 1055 2094 1094 Italice.

1493 1116 2398 1167 JacobusQUETIFsupra‚JacobusEchardus.

1495 1180 1707 1231 l’nrpnrcie
1732 1177 2017 1217 Dominicanae
2041 1180 2224 1230 scriptor.

1495 1240 1688 1290 Georyius
1705 1239 2067 1279 RAVENNATIUS
2082 1239 2399 1290 Mediolanensis,

1440 1301 1487 1339 de
1503 1302 1534 1340 V
1541 1303 1606 1339 iris
1628 1301 1852 1340 illustribus
1861 1300 2020 1340 Ordinis
2035 1299 2399 1352 Praedicatorfflro-

1441 1364 1596 1401 vinciae
1626 1364 1854 1410 Romanae,
1879 1373 1958 1413 quo
1994 1373 2093 1402 usus
2127 1361 2306 1401 Leander
2327 1359 2396 1401 Al-

1443 1421 1577 1462 bertus
1596 1455 1606 1471 ,
1629 1424 1677 1463 de
1702 1435 1780 1473 quo
1803 1435 1938 1474 supra.

1494 1484 1710 1536 Seraphini
1731 1484 1777 1523 de
1802 1484 1950 1524 Razzis
1973 1485 2115 1523 Istoria
2134 1482 2395 1535 degl’uomini

1442 1548 1586 1586 illustri
1612 1547 1700 1585 dell*
1722 1546 1870 1585 Ordine
1894 1546 2162 1584 Domenicano
2182 1544 2286 1584 della
2305 1545 2398 1583 Pro-

1440 1610 1569 1647 vincia
1600 1609 1788 1646 Romana.
1814 1609 1945 1646 Lucae
1967 1607 2097 1654 1596,
2127 1607 2166 1644 in
2197 1606 2234 1644 8.

1495 1669 1695 1709 Rolandus
1720 1670 1863 1707 Scotus
1893 1668 1942 1707 de
1972 1667 2205 1706 dilatatione
2235 1666 2397 1706 Ordinis

1442 1735 1480 1770 S.
1512 1732 1725 1770 Dominici.

1495 1792 1638 1831 Didaci
1657 1804 1683 1830 a
1716 1790 1883 1830 Rosario
1922 1791 2145 1831 Clironicon
2175 1791 2397 1831 Dominica-

1448 1867 1571 1901 num,
1596 1858 1636 1892 et
1659 1854 1770 1892 Vitae
1799 1853 2048 1891 Sanctorum.
2075 1853 2315 1892 Lusitanice.

1498 1915 1655 1955 Nicolaz'
1694 1913 1841 1954 Roselli
1860 1943 1868 1962 ,
1910 1915 1977 1965 qui
2016 1913 2090 1952 An.
2132 1915 2234 1955 1362
2270 1914 2395 1962 obiit,

1447 1978 1733 2017 Commentarii
1756 1976 1851 2014 MSti
1876 1975 1924 2014 (10
1949 1975 2069 2014 rebus
2104 1975 2265 2016 Ordinis
2288 1978 2403 2016 Prae-

1445 2039 1682 2077 dicatorum.

1499 2099 1682 2137 Andreae
1699 2100 1885 2137 novettae
1903 2098 1951 2136 de
1969 2098 2099 2136 Brixia
2111 2097 2145 2146 a)
2162 2098 2403 2137 Bibliotheca

1445 2161 1729 2210 chronologica
1746 2160 1964 2198 illustrium
1979 2159 2162 2198 Virorum
2174 2160 2406 2198 Provinciae

1447 2221 1703 2260 {lombardiae
1751 2220 1843 2259 Ord.
1896 2219 2157 2258 Praedicator.
2207 2221 2405 2259 Bononiae

1448 2283 1541 2321 1691
1568 2314 1575 2329 ,
1608 2283 1670 2320 101.

1502 2346 1540 2382 P.
1563 2343 1776 2383 szierius
1809 2343 1961 2391 eodem,
1986 2353 2064 2392 quo
2089 2347 2268 2395 tempore
2302 2343 2399 2383 Bibl.

1446 2407 1742 2444 lioininicanam
1786 2405 1928 2443 Jacobo
1968 2404 2150 2443 Echardo
2194 2405 2400 2456 coepimus

1445 2468 1588 2505 debere
1607 2497 1614 2514 ,
1641 2469 1723 2517 ipso
1744 2466 1919 2505 Annales
1933 2467 2198 2506 accuratiores
2218 2465 2400 2518 ejusdem

1446 2528 1605 2567 Ordinis
1627 2528 1797 2566 condere
1831 2528 2034 2576 instituit,
2055 2527 2105 2566 ad
2128 2538 2230 2578 quos
2253 2539 2397 2568 ornan-

1446 2591 1517 2628 dos
1546 2602 1590 2628 ac
1629 2589 1891 2641 perficiendos
1921 2589 2108 2640 Magister
2129 2590 2406 2629 Dominicano-

1447 2665 1535 2691 rum
1562 2653 1768 2691 Generalis
1792 2651 1992 2691 Antonius
2015 2651 2163 2691 Cloche
2191 2651 2265 2691 An.
2298 2650 2404 2692 17111.

1448 2715 1714 2766 promulgavit
1737 2714 1962 2764 Epistolam
1986 2713 2230 2764 encyclicam
2256 2713 2306 2753 ad
2333 2713 2405 2753 Or-

1447 2777 1550 2814 dinis
1585 2777 1645 2814 sui
1672 2775 1940 2814 Provinciales
1961 2804 1971 2820 ‚
1991 2775 2166 2813 Vicarios
2189 2775 2405 2814 Generales

1447 2838 1804 2887 congregationum
1826 2867 1837 2884 ,
1863 2839 1903 2874 et
1928 2836 2215 2876 Conventuum
2239 2836 2404 2884 Priores,

1448 2910 1548 2948 quae
1576 2899 1722 2936 inserta
1749 2899 1870 2936 etiam
1900 2898 2045 2949 legitur
2067 2898 2198 2937 Diario
2221 2897 2407 2937 Erudito-

1449 2972 1535 2998 rum
1569 2960 1702 2998 ltaliae
1727 2964 1821 2997 tom.
1843 2960 1950 2998 XIX.
1984 2970 2072 3010 pag.
2106 2958 2195 2999 430.

1501 3020 1691 3071 Stephani
1706 3019 1752 3058 de
1776 3019 2088 3070 SALANHACQ
2111 3019 2313 3070 Aquitani,
2328 3021 2397 3070 qui

1451 3083 1525 3121 An.
1556 3082 1657 3121 1290
1687 3082 1801 3129 obiit,
1827 3082 1974 3132 scripta
2010 3082 2145 3130 varia,
2179 3081 2228 3119 de
2260 3081 2407 3131 quibus

1455 3143 1652 3183 videndus
1676 3143 1812 3190 Quetif
1829 3146 1924 3180 tom.
1955 3144 1991 3181 1.
2021 3153 2108 3192 pag.
2135 3142 2236 3191 445,
2261 3153 2346 3193 seq.

1509 3205 1699 3259 ,Iosephus
1722 3204 1768 3244 de
1799 3201 1975 3244 Sarabia
1998 3215 2024 3254 y
2049 3203 2208 3241 Lezana
2231 3202 2407 3243 Annales

1514 3337 1547 3376 a)
1571 3341 1649 3370 Acta
1674 3336 1888 3370 Eruditorutn
1913 3338 1977 3367 An.
2005 3332 2096 3366 1601.
2122 3343 2198 3376 pag.
2222 3334 2297 3367 551.
