2500 3841
956 192 1301 234 ANGELUS
2066 202 2117 238 97

162 264 395 305 ANGELUS
431 263 630 304 Satvettus
669 264 885 314 Senensis,
915 268 1074 306 Ordinis

108 327 300 366 Minorum
319 326 554 365 administer
568 325 773 364 Generalis
788 329 856 376 qui
880 328 983 367 diem
999 329 1072 368 An.

108 389 211 429 4423
233 390 271 427 in
286 389 410 439 patria
431 388 526 426 obiit
543 416 550 435 ,
567 390 705 426 auctor
725 392 918 428 tractatus
937 389 983 428 (le
1004 392 1075 429 ,Ιιι-

105 450 206 490 ἀίσίθ
229 453 268 489 et·
295 448 549 488 Antichristo,
585 450 750 500 Incipit:
785 449 913 489 tribus
949 452 1072 492 modis

105 511 278 552 homines
305 510 520 559 docentur,
547 510 753 561 eaeempIO,
778 512 1008 564 maqz‘sterio
1038 519 1074 553 ct

100 572 269 625 flayello.

127 634 363 674 ANGELUS
372 632 672 674 TANCREDUS
685 636 877 674 Reatinus
888 647 938 674 ex
947 638 1071 675 milite

103 696 318 736 Monachus
337 700 458 746 atque
481 707 531 734 ex
545 697 686 735 Primis
709 699 794 736 XII.
813 698 851 736 S.
874 699 1069 737 Francisci

103 759 244 806 sociis,
267 758 335 807 qui
358 756 433 796 An.
451 758 553 797 4246
578 759 617 795 in
641 759 836 797 Coenobio
856 759 1007 797 Graecii
1032 761 1070 797 in

100 820 205 861 valle
227 820 393 858 Reatina
414 830 507 858 cum
524 820 611 858 aliis
634 820 789 858 duobus
809 822 926 858 sociis
943 822 1070 858 Leone

100 885 142 920 et
162 881 304 921 Rufino
323 881 484 931 scripsit
516 881 643 920 Vitam
665 883 706 920 S.
730 881 944 920 Francisci
968 893 1070 931 quae

101 941 279 993 Leqenda
316 941 439 980 trium
464 941 664 981 sociorum
701 943 933 994 appellatur.
971 941 1068 982 Vide

101 1003 371 1054 Waddingum
392 1015 429 1054 p.
455 1004 518 1043 26.

151 1063 379 1104 Bit-hardus
410 1064 458 1103 de
494 1064 840 1112 ANGERVILLE,
870 1064 971 1102 infra
1001 1064 1069 1102 RI-

101 1127 334 1167 CHARDUS
357 1126 404 1166 de
426 1127 552 1178 Bury.

146 1188 496 1228 ANGILBERTUS
527 1187 659 1227 Abbas
683 1184 956 1233 Centtdensis,
981 1188 1066 1225 sive

98 1251 139 1290 S.
157 1249 385 1289 Richariiin
399 1250 540 1297 Gallia,
557 1248 661 1299 apud
676 1248 862 1288 Carolum
874 1259 1064 1298 magnum

99 1312 310 1362 gratiosus,
322 1312 391 1362 qui
399 1323 492 1350 eum
503 1311 712 1349 consuevit
721 1310 935 1347 Homerum
946 1320 1065 1348 suum

99 1373 308 1423 appellare.
345 1372 446 1422 Ejus
478 1373 654 1410 carmina
690 1369 885 1420 quaedam
908 1374 1067 1408 servata

99 1434 149 1472 ab
168 1434 342 1473 Hariulfo
367 1435 405 1471 in
420 1432 510 1483 ejus
532 1434 627 1471 vita.
649 1433 795 1471 Exstat
814 1432 879 1470 illa
902 1433 941 1469 in
956 1431 1070 1470 Actis.

98 1496 336 1535 Sanctorum
359 1496 408 1534 48
429 1494 630 1533 Februarii
650 1498 768 1531 tomo.
786 1495 837 1531 111
856 1523 864 1542 ,
880 1505 966 1544 pag.
990 1495 1004 1533 4
1016 1495 1064 1532 00

96 1561 137 1595 et
160 1558 200 1596 in
223 1555 334 1596 Actis
356 1557 516 1595 Ordinis
538 1556 578 1594 S.
604 1555 806 1594 Benedicti
828 1555 1067 1594 Mabillonia-

97 1618 171 1657 nis.
191 1617 289 1657 Vide
325 1619 547 1668 Lcyserum
569 1616 618 1655 de
657 1617 786 1667 poetis
820 1616 939 1655 medii
977 1617 1065 1655 aevi

96 1691 184 1731 pag.
208 1679 299 1719 270.

75 1755 79 1759 ·
150 1739 501 1780 ANGILBERTUS
517 1769 525 1789 ,
543 1741 628 1778 sive
641 1738 899 1790 Enqilbertus
922 1737 1066 1779 Coroe-

90 1802 218 1854 jensis
240 1801 374 1841 Abbas
397 1803 502 1840 circa
528 1800 601 1840 An.
627 1801 670 1840 C.
695 1801 771 1839 880
802 1811 947 1839 versus
971 1812 1067 1850 quo-

96 1864 210 1903 sdam
234 1864 427 1913 elegiacos
450 1863 655 1913 praemisit
678 1863 855 1912 aliosque
880 1862 1067 1900 hexame-

97 1929 182 1964 tros
197 1924 403 1974 subjunxit
419 1924 515 1963 libro
537 1925 575 1963 S.
591 1922 804 1974 Augustini
825 1923 873 1961 de
889 1923 1066 1962 doctrina

97 1986 349 2035 Christiana,
390 1997 511 2035 quem
555 1985 697 2023 obtulit
738 1985 937 2023 Ludovico
971 1986 1065 2034 Regi

97 2050 338 2088 Francorum
354 2046 630 2086 Carolomanni
643 2046 763 2085 fratri.
782 2047 977 2095 Utrosque
987 2046 1067 2084 edi-

97 2109 155 2147 dit
181 2109 438 2148 Mabillonius.
462 2111 490 2145 t.
516 2108 562 2145 Il.
592 2105 816 2145 Analector.
841 2119 878 2158 p.
905 2104 985 2146 657
1006 2118 1064 2157 sq.

98 2173 219 2220 atque
241 2169 334 2208 edit.
357 2180 483 2208 novae
507 2169 547 2206 in
572 2168 636 2206 fol.
660 2179 746 2219 pag.
774 2168 862 2207 425.

150 2230 476 2271 ANGLICORUM
491 2231 776 2269 Historicorum
787 2233 971 2268 veterum
989 2230 1069 2278 colf-

100 2293 290 2332 lectiones
306 2292 500 2331 hactenus
519 2292 650 2331 lucem
670 2291 858 2330 viderunt
873 2291 947 2329 hae
957 2295 1066 2329 octo:

154 2356 189 2393 4.
212 2353 452 2393 MATTHAEI
489 2352 706 2392 PARKERI
725 2382 733 2400 ,
772 2351 1067 2403 Archiepiscopi

101 2415 424 2461 Cantuariensis‚
448 2415 516 2464 qui
544 2412 842 2463 Antiquitatum
872 2414 1070 2451 Britanni-

100 2485 237 2514 carum
260 2475 549 2524 peritissimus,
574 2475 789 2524 pluresque
821 2474 869 2511 de
900 2474 976 2511 illis
1000 2485 1069 2511 ve-

102 2540 208 2573 teres
237 2535 449 2585 scriptores
482 2536 747 2585 vulgaturus‚
774 2534 938 2572 Londini
965 2533 1066 2572 4570

103 2596 164 2635 rol.
189 2595 311 2633 edidit
332 2595 522 2634 Matthaei
542 2595 983 2633 Westmonasteriensis
1001 2595 1068 2632 sso—

103 2667 168 2695 res
191 2656 449 2694 Historiarum
474 2660 514 2693 et
545 2655 645 2694 ⁴:574
672 2656 733 2693 fol.
769 2655 932 2693 Thomae
962 2653 1069 2694 Wal-

100 2716 301 2767 stnqhami
327 2716 538 2754 Historiam
567 2714 757 2765 Angliae,
782 2717 916 2765 illique
935 2714 1069 2764 junxit

101 2778 352 2827 ASSERIUM
392 2779 673 2816 Menevenscm
712 2776 761 2814 de
798 2778 881 2814 vita
919 2776 1069 2815 AElsrici

105 2841 247 2891 Magni.

157 2900 313 2940 Parkeri
338 2900 532 2938 invitatus
558 2897 739 2947 exemplo
764 2897 1069 2937 WlLllELMUS

105 2960 225 3001 WAT
230 2962 257 3001 S
286 2963 322 2999 in
363 2961 492 3000 lucem
529 2960 691 3010 protulit
728 2955 917 2996 ,fllatclmet
953 2957 1071 2997 Paris

106 3024 345 3073 praeclaram
362 3021 549 3072 majorem
568 3021 775 3059 llistoriam
793 3018 954 3055 Londini
972 3020 984 3056 4
997 3019 1063 3057 57¹

107 3088 146 3122 et
166 3085 324 3135 saepius
347 3083 489 3122 deinde
514 3094 695 3121 recusam
719 3081 850 3126 'l'iguri
876 3080 973 3117 1606
1006 3081 1072 3117 l‘a-

108 3144 210 3183 risiis
235 3145 336 3184 4644
357 3149 396 3182 et
417 3144 536 3182 Lond.
564 3143 692 3190 4640,
720 3141 818 3180 4684
850 3140 946 3177 folio.
968 3141 1074 3178 (iill-

111 3206 306 3244 LELMUS
335 3217 428 3243 vero
458 3204 744 3244 nowimpus
774 3200 964 3239 Florentii
995 3200 1073 3240 we·-

110 3265 329 3314 (soi-niensis
345 3267 564 3308 Chronicon
582 3265 723 3316 publii-i
746 3263 846 3311 juris
871 3263 958 3301 tecit
979 3263 1074 3300 Lon-

1149 268 1229 307 dini
1269 271 1371 311 4592
1397 267 1478 320 li.²⁰,
1505 275 1548 309 ut
1571 272 1668 310 alios
1707 273 1919 322 separatim
1953 274 2002 312 ab
2025 275 2112 311 aliis

1147 330 1274 369 editos
1305 336 1551 382 praeteram,
1578 331 1651 381 (de
1674 333 1820 382 quibus
1852 335 2020 384 singulis
2044 345 2115 373 suo

1149 392 1255 440 loco)
1285 392 1445 440 Beatam,
1470 392 1656 431 Richard.
1691 393 1830 442 Vitam,
1855 394 2113 443 Eadmerum,

1150 452 1329 491 Gue'telm.
1347 452 1672 504 Neubrigsensem,
1688 455 1746 492 J0.
1763 454 1952 504 Majorem
1973 455 2118 494 Hadin-

1147 519 1381 565 gtonensem
1399 545 1407 564 ,
1428 519 1469 552 et
1489 515 1595 564 quod
1617 515 1841 555 Florentius
1865 517 2033 555 libenter
2057 528 2118 555 se-

1147 581 1290 624 cutus,
1315 580 1402 623 est,
1429 575 1650 614 Chronicon
1678 577 1926 616 Saxonicum
1949 589 1972 616 a
1994 578 2114 616 CHri-

1147 642 1209 675 sto
1231 641 1322 675 nato
1341 636 1390 675 ad
1415 637 1517 675 4454
1539 637 1645 686 quod
1675 640 1868 688 scriptum
1891 638 2117 689 Anglo—-Sa-

1146 699 1303 745 xonice,
1327 696 1397 735 sed
1426 708 1518 734 cum
1547 698 1684 735 Latina
1714 701 1895 737 versione
1919 704 1959 737 et
1989 699 2115 738 indice

1145 758 1438 809 Gcographico,
1461 768 1682 807 mappaquc
1705 758 1973 809 Geographica
1993 760 2115 798 edidit

1144 819 1385 858 Edmundus
1404 819 1551 856 Gibson
1572 849 1580 867 ,
1601 819 1824 869 Episcopus
1845 821 1959 859 hodie
1985 821 2115 860 lauda-

1144 881 1328 918 tissimus
1352 879 1626 917 Londinensis.
1652 879 1793 918 Oxonii
1819 881 1920 919 4692
1946 882 1980 918 4.

1196 942 1232 980 2.
1256 940 1695 980 BRITANNICARUM
1718 952 1858 978 rerum
1887 940 2113 991 Scriptores

1142 1002 1685 1052 vetustiores,Heidelbergae
1702 1003 1805 1053 apud
1828 1004 2111 1052 Hieronymum

1142 1065 1436 1105 Commelinum
1473 1063 1575 1103 4587
1614 1065 1677 1102 fol.
1716 1063 1894 1115 Galsridi
1913 1065 2115 1103 Monemu-

1143 1127 1298 1165 thensis
1317 1157 1324 1175 ,
1346 1130 1610 1176 cognomento
1634 1124 1808 1163 Arthuri
1825 1126 1873 1164 de
1901 1127 2049 1176 origine
2073 1130 2114 1164 et

1142 1190 1266 1238 gestis
1288 1189 1439 1237 Regum
1470 1188 1721 1235 Britanniae,
1743 1188 1828 1225 libri
1852 1189 1938 1226 XII.
1964 1187 2117 1225 Pontici

1145 1249 1302 1289 Virunz'i
1321 1249 1482 1287 historia
1503 1250 1729 1287 Britannica
1751 1260 1801 1287 ex
1817 1249 1981 1288 Galsridi
2005 1249 2113 1287 libris

1140 1312 1191 1350 Vi
1215 1311 1410 1361 prioribus
1437 1312 1473 1347 in
1491 1310 1795 1360 compendium,
1813 1312 1973 1349 omissis
2005 1311 2114 1348 fabu-

1141 1372 1251 1421 losis,
1268 1375 1482 1409 contracta.
1501 1371 1640 1409 Gildae
1657 1372 1854 1422 Sapientis
1870 1372 2046 1422 Epistola
2063 1371 2111 1410 de

1139 1433 1293 1472 excidio
1323 1434 1561 1471 Britanniae.
1591 1432 1722 1471 Bedae
1752 1433 1838 1471 libri
1860 1434 1890 1472 V
1920 1434 2112 1471 Historiae

1140 1495 1446 1535 Ecclesiasticae
1462 1494 1603 1532 Gentis
1627 1492 1846 1543 Anglorum
1864 1524 1872 1542 ,
1890 1505 1982 1532 cum
2006 1493 2112 1532 Ano-

1141 1556 1252 1606 nymi
1276 1555 1573 1594 continuatione
1596 1554 1706 1592 libris
1736 1556 1788 1592 ΙΙΙ
1813 1555 1861 1592 ab
1885 1554 1999 1592 Anuo
2036 1554 2106 1592 732

1141 1618 1189 1657 ad
1225 1617 1326 1657 4400
1359 1615 1561 1655 Gutltetmz·
1596 1615 1879 1666 Neubrigensis
1908 1615 1956 1653 de
1994 1615 2113 1654 rebus

1139 1679 1319 1728 Anglicis
1340 1678 1424 1716 libri
1450 1678 1494 1725 V,
1516 1681 1557 1715 et
1579 1675 1747 1715 Joannis.
1775 1675 2013 1714 Froissctrcti
2033 1677 2113 1726 epi-

1139 1744 1246 1778 tome
1274 1739 1323 1777 de
1346 1739 1460 1777 bellis
1482 1738 1701 1789 Anglorum
1725 1742 1766 1776 et
1790 1738 2005 1776 Gallorum.

1195 1801 1230 1838 3.
1251 1799 1327 1839 AN
1329 1799 1595 1840 GLICARUM
1612 1799 1633 1821 ἓξ
1647 1810 1786 1837 rerum
1802 1798 2015 1850 scriptores
2025 1801 2115 1848 post

1139 1862 1290 1900 Rectam
1312 1860 1549 1913 praecipui,
1581 1861 1630 1900 ab
1658 1859 1879 1898 HENRICO
1915 1858 2114 1897 SAVlLlo

1138 1924 1234 1962 editi
1250 1923 1371 1961 Lond.
1390 1923 1492 1962 4596
1508 1926 1548 1960 et
1572 1922 1701 1960 recusi
1726 1922 1752 1958 F
1757 1920 1902 1958 rancof.
1926 1920 2020 1959 4604
2047 1920 2108 1957 fol.

1144 1984 1348 2025 willielmi
1369 1985 1572 2023 Somerset
1588 2012 1597 2030 ,
1621 1981 1799 2020 Monachi
1828 1985 1868 2018 et
1896 1979 2107 2018 Bibliothe-

1136 2047 1232 2084 carii
1253 2043 1621 2085 Malmesbzcriensis
1643 2043 1692 2081 de
1715 2043 1840 2093 gestis
1858 2043 2010 2091 Regum
2025 2041 2107 2078 An-

1138 2107 1293 2157 glorum
1310 2107 1396 2145 libri
1418 2107 1461 2146 V.
1486 2105 1679 2144 Historiae
1703 2103 1882 2141 novellae
1906 2102 1993 2139 libri
2018 2102 2049 2139 11
2069 2105 2109 2139 et

1140 2169 1188 2207 de
1204 2169 1327 2218 gestis
1342 2168 1577 2207 Pontificum
1591 2164 1810 2216 Anglorum
1827 2164 1913 2201 libri
1929 2164 1991 2201 IV.
2009 2164 2112 2201 Hen-

1140 2229 1221 2268 rici
1233 2229 1613 2279 Huntingdoniensis
1632 2225 1908 2265 Archidiaconi
1924 2226 2109 2262 Historia-

1141 2304 1230 2331 rum
1256 2292 1343 2331 libri
1360 2292 1461 2330 V111.
1482 2288 1629 2341 Roqeri
1643 2288 1690 2326 de
1706 2286 1890 2326 Hoveden
1909 2286 2111 2325 annalium

1141 2365 1234 2404 pars
1242 2355 1347 2405 prior
1360 2358 1400 2392 et
1410 2353 1615 2404 posterior.
1629 2350 1915 2390 Chronicorum
1931 2347 1966 2384 E
1969 2346 2118 2386 lwarcli

1142 2416 1228 2453 sive
1251 2413 1497 2453 Ethelwerctt‘
1510 2414 1596 2451 libri
1618 2413 1667 2451 IV
1684 2416 1724 2450 et
1740 2408 1928 2460 Inyulplzi
1948 2407 2114 2446 Abbatis

1142 2475 1452 2524 croylandensis
1490 2474 1744 2511 historiarum
1769 2470 1866 2508 liber
1890 2470 1918 2506 I.
1948 2465 2115 2516 sulnjun-

1139 2539 1216 2575 ctis
1231 2537 1280 2575 ab
1295 2535 1445 2574 editore
1461 2535 1573 2573 fastis
1588 2535 1741 2581 Regum
1762 2536 1802 2569 et
1820 2531 2109 2580 Episcoporum

1140 2597 1304 2646 Angli-ie
1343 2606 1472 2645 usque
1509 2594 1558 2632 ad
1596 2592 1857 2630 wilhelmum
1898 2590 2107 2637 Conquae-

1147 2662 1309 2696 starem.

1198 2719 1231 2755 4.
1252 2716 1509 2755 GVlLlELMl
1539 2711 1794 2752 CAMBDENI
1822 2709 2110 2761 Anqlicarum,

1142 2776 1453 2819 llibcrnicarwn
1471 2806 1482 2823 ,
1520 2772 1885 2812 Not-mamzicarum
1918 2775 1956 2809 et
1997 2770 2113 2809 Cam-

1146 2840 1352 2878 bricczrum
1379 2847 1517 2875 rerum
1545 2833 1783 2885 scriptores,
1804 2833 1980 2871 Francos.
2009 2831 2112 2869 4602

1200 2978 1213 2991 “
1230 2979 1366 3010 loannis
1385 2975 1545 3007 Fridcrici
1564 2972 1682 3005 Felleri
1701 2974 1915 3003 monumenta
1929 2992 1938 3006 ,
1955 2969 2117 3000 trimestri

1141 3031 1186 3066 V,
1206 3037 1281 3068 pag.
1298 3026 1372 3058 ais.
1390 3023 1572 3056 Burchardi
1592 3021 1744 3053 Gottliell'
1757 3020 1880 3052 Struvil
1910 3016 2117 3048 Bibliotheca

1142 3077 1309 3107 ilistorica
1328 3081 1402 3112 cap.
1417 3073 1448 3103 6.
1478 3074 1684 3102 normannus
1712 3069 1895 3100 Dietericus
1914 3065 2114 3096 meibomius

1141 3127 1384 3166 programmate
1414 3122 1453 3152 (lc
1483 3121 1684 3159 ,anglicanae
1717 3117 1879 3147 Historiae
1912 3114 2057 3154 periodis
2081 3118 2112 3144 et

1143 3173 1332 3213 praecipuis
1349 3169 1572 3209 scriptoribus
1589 3192 1598 3205 ,
1619 3164 1795 3198 llclmstad.
1820 3163 1898 3194 1702
1916 3163 1946 3194 4.
1972 3166 2114 3193 loannes

1143 3219 1311 3253 nui-eliani
1331 3219 1545 3250 Meiickeiiius
1565 3216 1605 3247 nil
1621 3213 1765 3251 Lnnglmi
1784 3211 1828 3242 ‹ln
1848 3214 1992 3250 Fresnoy
2012 3211 2115 3250 isago-

1144 3279 1205 3310 gen
1225 3271 1257 3301 in
1278 3269 1456 3300 Historiam
1475 3270 1554 3297 toni.
1576 3267 1600 3294 ΙΙ
1622 3273 1652 3302 p.
1671 3262 1728 3293 451
1754 3266 1816 3293 ele.

1600 3333 1641 3369 153
