2500 4009
373 263 395 301 [4
1142 296 1146 300 .

377 331 622 369 versionibus
645 327 807 366 Latinis,
825 321 919 360 nihil
937 319 1059 357 haheo
1076 316 1178 366 quod
1197 316 1337 354 addam

1176 243 1572 286 AtztjoLlile

1414 322 1516 360 1478
1542 320 1686 358 incidit.
1715 320 1757 357 ln
1784 319 2022 358 Bibliotheca
2046 319 2167 357 Felini
2190 323 2299 359 extat
2323 319 2366 356 li-

377 393 507 431 Jacobi
529 389 683 430 lichni-d
707 383 922 424 industriae
953 380 1062 416 Tom-
1085 378 1108 415 Ξ
1133 377 1181 415 dc
1211 378 1341 426 8001)-
1411 383 1481 420 ber
1495 383 1581 420 eius
1596 383 1634 419 in
1646 380 1700 419 tit.
1711 380 1856 431 Diqest.
1869 379 1982 420 solut.
1993 379 2168 419 Matrim.
2182 379 2229 419 de
2245 377 2367 419 testib.

380 447 801 492 toi-ibusliominicanis
817 453 903 491 pag.
922 441 970 478 45
987 451 1069 488 seq.
1086 439 1206 477 Multa
1222 439 1340 475 etiam
1406 442 1453 481 (le
1469 442 1605 482 liberis
1621 446 1658 480 et
1674 441 1801 493 posth.
1818 441 1864 480 de
1886 440 1991 491 vuly.
2010 441 2108 480 etde
2123 440 2368 493 acquirenda

382 515 430 553 de
460 525 504 550 eo
535 510 694 549 lacobus
714 502 889 542 Gaddius
909 501 957 539 de
978 500 1242 550 scriptoribus
1263 509 1340 536 non

384 556 683 614 Ecclesiasticis.

442 638 461 654 ¹*
482 636 637 671 Praeter
666 626 832 664 indicata
860 624 908 662 ab
935 622 1109 662 Eccardo
1141 622 1343 671 scriptoris

388 696 504 733 liuius
523 700 639 741 opera
658 687 793 727 Codex
813 686 889 724 MS.
910 684 1171 723 Bibliothecae
1190 684 1344 720 Riccar-

389 756 524 793 dianae
553 753 763 789 conservat
790 748 1031 797 epigramma
1059 746 1144 782 eius
1173 744 1220 781 ad
1249 745 1346 781 ami-

389 826 491 854 cum.
522 809 878 857 YideCatalogum
908 807 1015 845 MSS.
1060 805 1180 844 Codd.
1220 804 1345 843 eiusd.

392 874 652 915 Bibliothecae
681 882 768 921 pag.
799 872 833 907 Γ).

447 939 466 959 “
494 937 624 974 Vitam
645 933 810 972 absolvit
832 930 893 969 die
913 930 963 968 '⁴27
983 930 1075 968 ,tulii
1106 930 1206 968 15319
1234 933 1274 966 ut
1300 940 1345 964 ex

395 999 539 1039 Codice
553 997 630 1036 MS.
647 996 833 1033 Vaticano
847 991 1138 1031 Mazzucliellus
1153 989 1349 1028 emendat.

398 1059 598 1100 <scrittori
628 1056 788 1095 d'ltalia
818 1056 843 1093 l.
876 1054 964 1102 51.)

450 1118 720 1159 ACCOLDL'S
741 1116 991 1154 Florentinus
1011 1113 1104 1152 Ord.
1128 1111 1263 1150 Praed.
1291 1112 1357 1150 Vi-

396 1184 444 1221 de
466 1181 563 1220 infra
582 1178 848 1218 Ricotm's,
869 1178 935 1226 qui
956 1175 1169 1213 defunctus
1189 1172 1357 1211 traditur

398 1247 442 1284 Α.
473 1244 516 1282 C.
549 1241 662 1281 1309.

456 1302 688 1343 Benedictus
726 1298 994 1338 ACCOLTL'S
1032 1294 1226 1334 Aretinus'
1253 1294 1357 1333 diem

399 1369 494 1406 obiit
514 1365 730 1405 Florentiae
753 1362 854 1400 1466
874 1364 948 1397 aet.
961 1360 1002 1397 51
1019 1359 1133 1396 cuius
1148 1358 1230 1394 vita
1248 1367 1360 1407 prae-

402 1429 572 1466 mittitur
586 1427 672 1463 eius
691 1423 842 1471 dialogo
857 1420 904 1459 (Ie
914 1419 1162 1471 praestantia
1178 1418 1359 1456 virorum

402 1489 467 1528 sui
486 1487 590 1534 aevi,
615 1487 681 1536 qui
701 1496 751 1522 ex
772 1482 1010 1522 Bibliotheca
1026 1482 1191 1519 illustris
1204 1480 1361 1530 Magha—

403 1551 529 1590 bechii
549 1549 680 1587 editus
699 1551 760 1584 est
776 1547 936 1584 Parmae
953 1544 1053 1582 1689
1069 1548 1108 1581 et
1124 1541 1265 1579 deinde
1280 1540 1361 1579 Au-⁴

405 1618 543 1663 ,austae
562 1609 794 1648 Vindelicor.
818 1607 911 1645 1691
940 1606 963 1642 8
984 1606 1030 1651 (ἓ)
1054 1606 1116 1653 (et
1140 1604 1358 1642 Florentiae

406 1674 508 1715 1847
527 1683 605 1712 una
625 1682 715 1709 cum
737 1680 796 1719 op.
817 1667 979 1717 Philippi
1009 1666 1150 1703 Yillani
1171 1664 1219 1702 de
1241 1664 1361 1702 samo-

405 1740 460 1776 sis
479 1735 667 1779 Civibus)
700 1730 807 1769 Idem
829 1734 891 1776 est
909 1727 1117 1773 Accoltus⁷
1153 1728 1267 1764 cuius
1296 1737 1364 1763 ex-

405 1802 491 1837 tant
510 1797 613 1835 Libri
636 1794 696 1832 lV.
718 1793 773 1829 De
798 1788 901 1828 Bello
926 1792 1063 1827 eontra
1078 1786 1285 1825 Barbaros
1298 1797 1364 1836 ye-

404 1864 461 1898 sto
469 1870 538 1911 pro
548 1856 765 1896 Palaestina
780 1850 1133 1902 1·ecuperanda,qui
1148 1849 1364 1886 novissime

407 1921 532 1960 reensi
554 1922 645 1956 sunt
663 1927 710 1954 ex
732 1914 960 1952 recensione
980 1912 1134 1949 Henrici
1159 1909 1365 1949 Hofsnide-

406 1985 456 2029 ri,
480 1980 701 2028 Groningae
727 1976 820 2015 1731
858 1975 893 2011 8.
922 1975 979 2012 De
1007 1973 1094 2011 aliis
1126 1972 1364 2011 editionibus

405 2045 484 2083 dixi
504 2044 542 2080 in
563 2041 659 2079 libro
678 2038 726 2075 (le
747 2037 1023 2087 propagatione
1050 2033 1256 2083 Evangelii
1275 2044 1361 2082 pag.

406 2105 493 2144 534.
514 2104 570 2142 De
595 2102 666 2138 hoc
690 2098 849 2137 Accolto
884 2100 923 2134 et
951 2095 1000 2133 de
1029 2095 1115 2133 aliis
1144 2094 1262 2132 huius
1296 2104 1364 2130 no-

407 2166 524 2205 minis
543 2162 697 2212 juvabit
735 2158 941 2197 consulere
970 2157 1143 2194 Diarium
1173 2155 1357 2193 eruditor.

406 2227 539 2265 Italiae
578 2225 620 2262 T.
655 2222 723 2260 xl.
760 2231 846 2270 pag.
887 2219 962 2256 329
993 2228 1075 2267 seq.
1104 2215 1222 2254 Arisii
1265 2216 1359 2254 Cre-

407 2297 565 2326 m‘inam
595 2284 789 2322 literatam
820 2281 866 2318 ll.
897 2280 946 2317 63
975 2290 1058 2328 seq.

458 2345 699 2386 Francz'scus
713 2342 761 2381 de
777 2341 1044 2386 ACCOLT1S‚
1064 2338 1265 2378 Benedicti
1287 2339 1361 2375 fra-

407 2417 467 2448 t‘·r
503 2408 627 2447 JCtus
661 2406 727 2455 qui
764 2403 1025 2442 subtilitatum
1064 2402 1246 2450 princeps
1275 2400 1363 2448 qui-

405 2471 573 2511 busdam
602 2472 664 2507 est
691 2467 804 2503 visus
832 2462 935 2513 apud
955 2461 1070 2500 Guid.
1101 2460 1361 2499 Paneirollum

407 2533 489 2573 libri
511 2532 534 2569 2
554 2530 602 2568 de
622 2529 715 2566 vitis
733 2527 920 2564 JCtorum
951 2534 1033 2573 cap.
1066 2523 1152 2561 103.
1183 2521 1284 2561 Obiit
1316 2521 1361 2559 Α.

409 2594 509 2632 1470
530 2595 549 2613 “
579 2591 704 2630 Huius
731 2589 805 2625 viri
833 2589 972 2625 extant
1001 2585 1108 2634 typis
1135 2583 1229 2622 editi
1257 2593 1366 2620 eom-

409 2654 599 2694 inentaria
637 2662 722 2701 sup.
755 2650 812 2686 tit.
843 2646 890 2685 de
918 2648 1092 2684 accusat.
1125 2643 1297 2695 inquisit.
1327 2646 1365 2681 ec

406 2715 562 2754 denunt.
591 2715 630 2752 in
651 2714 686 2751 5.
708 2711 788 2749 Lib.
818 2708 1009 2750 Decretal.
1041 2708 1239 2757 impressa
1267 2711 1361 2745 sunt

405 2779 567 2823 Pisciae,
588 2785 689 2825 quae
709 2772 809 2812 L’rbs
829 2775 890 2810 est
910 2769 1222 2808 Florentinorum
1248 2769 1285 2805 in
1319 2767 1365 2806 fi-

407 2839 521 2878 nibus
540 2836 730 2876 Lucensis
748 2833 919 2880 ditionis‚
941 2831 1090 2880 absque
1110 2831 1361 2867 annotatione

407 2901 508 2938 anni.
530 2899 678 2937 Extant
698 2897 816 2933 etiam
843 2891 1017 2933 Consilia
1037 2890 1125 2929 cum
1144 2890 1360 2941 repertorio

407 2958 617 2998 eorundem
643 2957 784 2996 ibidem
805 2956 950 3005 pariter
965 2956 1155 3004 impressa
1176 2964 1237 2990 an.
1256 2952 1357 2991 1482

409 3023 451 3069 ’31
484 3026 523 3059 et
551 3021 689 3058 Venet.
723 3029 782 3067 ap.
811 3017 856 3054 N.
888 3016 1164 3065 Bevilacquam
1201 3014 1302 3052 4572
1333 3014 1354 3051 f.

408 3093 557 3120 necnon
574 3083 764 3130 scriptum
787 3078 825 3115 in
849 3075 912 3114 lib.
935 3078 960 3117 2
982 3074 1173 3114 Decretal.
1195 3077 1359 3125 impres-

406 3155 493 3181 sum
523 3143 717 3181 Bononiae
746 3150 808 3176 an.
844 3138 932 3176 1481
961 3138 1081 3175 insol.

459 3201 784 3242 ‘Mazzuehellus
818 3201 854 3236 in
886 3200 956 3249 Op.
987 3199 1042 3237 De
1065 3199 1355 3249 Script.ltaliae

405 3269 509 3302 recte
535 3269 661 3301 monet
681 3276 702 3299 e
724 3264 829 3300 vivis
851 3261 1072 3298 excessisse
1088 3261 1232 3299 JCtum
1248 3260 1354 3299 hunc

403 3330 491 3374 post
514 3326 819 3363 coniurationem
844 3322 1094 3371 Pazziaiiani,
1111 3334 1212 3371 quae
1229 3323 1265 3360 in
1290 3333 1351 3360 an.

1414 504 1570 543 haered.
1600 504 1708 550 Quae
1740 504 1870 541 omnia
1900 503 2018 540 simul
2050 503 2245 553 impressa
2275 505 2370 541 sunt

1415 567 1530 604 Senis
1553 577 1616 604 an.
1642 565 1743 604 1486
1758 563 1820 601 die
1846 563 2002 602 15101ἰί
2026 563 2066 600 in
2081 563 2143 600 fol.
2167 563 2291 601 Extat.
2311 564 2371 600 in-

1414 639 1534 678 super
1556 627 1642 664 eius
1658 624 1810 662 lectura
1832 622 1873 660 in
1883 623 2060 673 primam
2070 627 2230 674 partem
2245 622 2375 675 Infor-

1416 688 1518 736 tiati,
1535 686 1639 724 edita
1662 686 1809 723 Pisciae
1824 695 1894 734 per
1907 684 2098 723 Jacobum
2120 684 2170 723 de
2192 684 2376 724 Orlandis

1417 751 1502 787 sine
1531 757 1660 793 anno,
1685 747 1846 796 insuper
1873 746 1960 783 eius
1989 746 2301 784 commentarius
2329 743 2376 783 de

1418 808 1574 860 acqm'r.
1592 805 1750 846 haered.
1767 805 1900 845 editus
1915 807 2065 845 Pisciae
2086 806 2149 846 die
2164 808 2202 846 X
2215 807 2381 846 Decem-

1420 872 1501 909 bris
1539 870 1652 908 1489.
1690 869 1790 906 Item
1820 868 1907 906 eius
1936 868 2118 915 consilia,
2149 867 2294 907 ibidem
2316 878 2378 906 an.

1424 932 1536 970 1486.
1564 932 1606 968 10
1630 930 1703 968 alio
1719 928 1852 967 codice
1866 928 1989 966 Felini
2004 928 2213 968 chartaceo
2228 929 2381 978 signato

1423 1005 1460 1031 n.
1481 994 1554 1030 489
1571 993 1797 1030 continetur
1812 1000 1934 1028 manu
1947 989 2127 1028 eiusdem
2147 990 2271 1029 Felini
2286 990 2384 1028 San-

1425 1054 1486 1092 1101
1517 1054 1715 1103 descripta
1744 1051 1922 1096 lectura,
1953 1061 2026 1089 seu
2055 1049 2230 1089 tecturae
2262 1061 2384 1101 super

1428 1114 1649 1153 Decretales
1667 1113 1864 1152 Francisei
1886 1111 2039 1151 Aretini
2057 1113 2096 1150 in
2111 1113 2226 1151 euius
2240 1111 2384 1151 codicis

1429 1177 1506 1214 sine
1530 1176 1624 1214 haee
1649 1174 1784 1213 scribit
1806 1174 1984 1212 Felinus:
2011 1172 2299 1212 Solemnissimi
2317 1184 2386 1211 ra-

1428 1237 1655 1287 rissimi'que
1676 1229 1772 1275 JC.ti
1790 1234 2003 1273 Francisci
2020 1233 2178 1273 Aretim'
2196 1245 2387 1273 commem

1431 1299 1556 1348 laria.
1594 1309 1696 1349 qaae
1733 1297 1774 1334 in
1809 1296 1958 1335 ultimis
1987 1296 2072 1336 sais
2092 1294 2386 1348 congressibus

1430 1360 1650 1399 Ferrariae
1674 1358 1795 1410 yestis
1823 1357 2112 1408 sapientissime
2141 1356 2287 1405 edidit;
2322 1357 2388 1396 de—

1431 1434 1535 1460 mum
1559 1418 1823 1472 quinquennio
1844 1418 1953 1458 viaeit
1973 1417 2047 1457 sub
2078 1418 2243 1470 imperio
2265 1418 2387 1457 Ducis

1429 1481 1641 1523 Mediolani
1686 1483 1929 1520 secretorum
1980 1479 2065 1519 eius
2113 1478 2388 1531 fidelissimam

1431 1545 1634 1584 scrinium.
1659 1543 1733 1582 Cui
1755 1542 1853 1581 Duei
1884 1541 2073 1580 defuncto
2097 1551 2284 1581 successo
2313 1541 2390 1580 Ga-

1432 1607 1551 1644 leacio
1575 1606 1652 1643 filio
1675 1603 1775 1642 abiit
1793 1606 1924 1641 tantus
1940 1601 2075 1640 doctor
2093 1605 2255 1641 vocatus
2277 1613 2304 1640 a
2320 1614 2391 1654 po-

1428 1667 1523 1718 pulo
1544 1665 1710 1705 Senensi
1721 1666 1841 1715 Leyes
1858 1666 2055 1703 Romanas
2069 1662 2184 1702 isthic
2203 1673 2393 1702 commen-

1436 1732 1607 1767 taturus.
1631 1730 1714 1776 Quo
1739 1725 1895 1764 tendens
1914 1736 1990 1776 per
2020 1724 2260 1764 Ferrariam
2282 1728 2395 1763 tran-

1436 1790 1555 1827 situm
1580 1788 1675 1840 fecit
1693 1790 1718 1826 5
1751 1785 1931 1826 Octobris
1963 1786 2070 1826 4466
2100 1797 2175 1837 quo
2203 1785 2265 1825 die
2290 1785 2393 1839 forte

1438 1851 1532 1889 haec
1545 1849 1827 1888 commentaria
1840 1846 2017 1887 seribere
2032 1847 2222 1899 complevi
2232 1848 2266 1886 F
2266 1847 2393 1887 elimes

1437 1923 1527 1963 eqo,
1552 1911 1776 1950 studiorum
1804 1920 1982 1948 meorum
2009 1920 2112 1947 anno
2138 1908 2246 1961 finito
2269 1919 2391 1957 nono,

1435 1973 1578 2011 aetatis
1605 1973 1670 2013 22.
1695 1971 1866 2009 iniuncto
1895 1969 1994 2009 mihi
2026 1969 2201 2009 lecturae
2235 1969 2394 2009 Decreli

1436 2046 1551 2073 onere
1574 2045 1650 2084 pro
1678 2032 1857 2083 sequente·
1882 2043 2010 2079 anno,
2035 2042 2157 2082 quum
2185 2030 2263 2070 alio
2291 2042 2393 2069 anno

1435 2095 1666 2133 habueram.
1688 2095 1748 2134 Ex
1775 2094 1848 2131 hac
1871 2094 2126 2131 annotatione
2158 2097 2315 2132 constat
2345 2092 2394 2131 de

1431 2162 1538 2195 certo
1553 2167 1655 2194 anno
1672 2155 1845 2193 lecturae
1854 2154 2054 2193 Senensis.
2063 2155 2262 2194 Diseimus
2271 2151 2390 2194 etiam

1433 2229 1581 2256 moram
1616 2215 1948 2254 Mediolanensem
1981 2213 2134 2254 Aretini
2169 2227 2394 2267 perannos

1432 2279 1577 2329 plures.
1609 2278 1806 2316 Diseimus
1835 2277 1982 2327 pariter
2014 2277 2244 2317 consedisse
2282 2277 2392 2316 illum

1432 2341 1499 2379 diu
1527 2339 1755 2386 Mediolani,
1779 2338 1884 2387 quod
1931 2338 2245 2378 Mazzuchellum
2281 2338 2391 2388 fugit.

1433 2404 1476 2440 ln
1502 2401 1578 2439 sine
1600 2400 1814 2438 voluminis
1838 2399 1983 2449 legitur
2005 2399 2172 2450 epistola
2195 2400 2320 2438 Felini
2343 2397 2392 2437 ad

1434 2462 1619 2502 cumdem
1642 2462 1909 2500 Franciscum.
1936 2462 2016 2499 Iste
2039 2471 2134 2499 vero
2149 2461 2394 2499 commenta-

1435 2526 1517 2563 rius
1532 2523 1621 2561 dein
1637 2522 1779 2573 prodiit
1794 2532 1969 2561 excusus
1990 2523 2187 2561 Bononiae
2205 2532 2267 2560 an.
2291 2521 2385 2560 1481

1436 2586 1496 2624 fol.
1528 2586 1571 2624 ln
1594 2584 1688 2622 Cod.
1705 2584 1782 2623 292
1805 2584 1883 2622 MS.
1898 2583 2077 2622 eiusdem
2102 2583 2225 2622 Felini
2248 2583 2392 2633 legitur

1433 2646 1612 2685 eiusdem
1643 2646 1840 2684 Francisci
1872 2643 2079 2683 consilium
2117 2645 2155 2682 in
2178 2655 2305 2683 eausa
2327 2643 2394 2682 Te-
2464 2690 2466 2692 Υ

1434 2707 1628 2747 stamenti.
1654 2708 1696 2744 10
1720 2706 1804 2745 cod.
1831 2706 1907 2745 312
1932 2710 1995 2744 est
2017 2706 2212 2757 Repetitio
2228 2707 2265 2744 in
2290 2705 2332 2744 L.
2355 2704 2394 2744 si

1432 2768 1579 2821 fratris
1609 2768 1653 2806 C.
1684 2767 1732 2805 de
1759 2765 1848 2816 jure
1879 2766 1994 2805 delib.
2025 2766 2129 2806 edita
2159 2768 2297 2818 Papiae
2325 2777 2388 2804 an.

1436 2831 1536 2870 1494
1568 2830 1590 2868 f.
1622 2831 1665 2867 ln
1694 2829 1816 2866 altero
1845 2827 1968 2867 eiusd.
2002 2828 2264 2866 Bibliothecae
2292 2826 2386 2866 Cod.

1432 2894 1508 2931 MS.
1534 2893 1620 2930 eius
1649 2890 1771 2928 oratio
1800 2890 2052 2939 gratulatoria
2074 2889 2122 2927 ad
2152 2889 2317 2927 Paulum
2342 2889 2388 2927 11.

1432 2966 1500 3005 pro
1523 2953 1626 2992 adito
1650 2951 1883 2991 Pontificatu
1901 2982 1910 3000 ,
1934 2950 2064 2988 habita
2089 2950 2247 2987 nomine
2269 2951 2392 2988 Fran-

1431 3017 1522 3053 eisci
1545 3015 1710 3053 Sfortiae
1731 3012 2004 3050 Mediolanesis
2019 3011 2149 3048 Ducis.
2174 3011 2248 3049 Est
2269 3013 2389 3056 etiam

1432 3078 1468 3114 in
1493 3075 1630 3114 eadem
1656 3072 1895 3111 Bibliotheca
1919 3083 1958 3110 n.
1984 3072 2051 3110 181
2076 3071 2172 3110 liber
2188 3073 2295 3123 typis
2318 3074 2392 3111 im-

1431 3148 1594 3189 pressus
1617 3134 1812 3174 Francisci
1836 3132 1986 3170 Arctini
2011 3143 2132 3182 super
2154 3133 2212 3171 tit.
2240 3132 2287 3172 de
2315 3132 2391 3172 Ac-
2449 3158 2453 3161 -

1429 3203 1554 3237 cusat.
1570 3195 1742 3247 Inquisit
1760 3197 1798 3232 et
1817 3193 2049 3243 denunciat,
2068 3193 2107 3231 in
2134 3195 2171 3232 5.
2194 3194 2388 3233 Decretal.

1429 3263 1467 3299 in
1492 3260 1568 3298 fine
1593 3268 1687 3297 vero
1710 3257 1839 3306 operis
1860 3256 2013 3304 legitur.
2040 3253 2241 3306 Completa
2256 3259 2317 3294 est
2337 3255 2390 3294 le-

1427 3326 1541 3361 ctura
1563 3321 1634 3359 ista
1657 3318 1696 3356 in
1727 3316 1883 3357 civitate
1906 3317 2103 3355 Senarum
2125 3315 2305 3356 videlicet
2325 3315 2387 3355 die
