2500 4009
399 324 549 363 bul-ario
569 317 816 370 Reipublicae
840 312 1191 363 Argentoratensis
1207 310 1356 349 vidisse

401 397 444 424 se
469 388 640 423 testatur
653 381 825 416 loannes
841 374 1070 413 Joacliimus
1086 373 1295 412 Frantzius
1318 373 1356 409 in

403 447 563 485 historia
583 440 706 480 Caroli
728 440 775 476 M.
795 448 881 488 pag.
899 437 947 474 29
965 437 1119 486 aitque,
1144 435 1358 474 Auctorem

407 518 478 544 non
514 504 620 551 lonqe
641 499 767 551 fnisse
796 496 847 535 ab
868 501 996 535 aetate
1029 496 1169 536 Caroli
1185 495 1223 535 si
1242 506 1363 533 mem-

406 560 572 603 branam
597 573 644 599 ac.
667 563 826 598 caetera
849 558 1101 610 antiquitatis
1119 557 1264 596 indicia
1279 567 1364 608 spe-

407 631 485 664 ctes
501 656 510 671 ,
548 625 741 660 remotum
759 652 768 669 ,
806 620 877 672 qui
915 619 1092 658 carmine
1131 617 1365 658 Germanico

408 685 697 737 ‹xrpeslitionem
727 682 987 735 Hispanicum
1015 681 1250 733 descripsit,
1273 691 1368 719 sane

409 762 430 800 q
439 747 515 785 nod
527 747 699 799 sormam
709 744 994 798 operisattinet,
1013 755 1200 783 successu
1206 745 1370 795 praeter

410 808 536 849 seculi
554 808 713 860 yoniam
741 807 872 860 felici,
903 812 978 845 etc.
1010 807 1065 845 De
1089 806 1227 845 eodem
1257 817 1372 855 argu-

413 877 549 911 mento
571 873 710 909 l‘o‘ema
738 874 858 908 vetus
879 868 1095 916 Gallicum,
1120 868 1168 906 de
1192 879 1270 918 quo
1291 868 1373 905 lau-

413 933 532 972 datus
557 934 715 983 Longus
740 942 851 970 num.
883 929 986 968 6673
1018 930 1053 968 la
1082 930 1288 980 Conquete
1318 928 1373 966 du

415 994 538 1046 grand
563 996 644 1044 ΒΟ)-
663 993 805 1032 Cliarle
820 993 958 1042 Magne
973 991 1044 1030 des
1058 992 1289 1042 Espaignes.
1307 991 1376 1029 Pa-

416 1059 470 1095 ris
497 1057 618 1103 4609,
646 1056 679 1093 4.

499 1120 640 1157 Peuma
660 1116 706 1154 cle
726 1114 848 1154 rebus
868 1115 989 1166 {sestis
1015 1113 1155 1154 Caroli
1171 1116 1221 1154 M.
1247 1118 1284 1153 et
1304 1116 1378 1153 Ro-

420 1179 555 1227 Iancli,
587 1179 762 1228 antiquis
792 1178 994 1227 rhythmis
1023 1177 1270 1215 Germanicis
1298 1178 1376 1216 MS.

423 1243 460 1279 in
487 1240 665 1279 Biblioth.
692 1240 898 1277 Caesarea.
924 1239 1133 1289 Prologum
1157 1243 1197 1277 et
1220 1238 1379 1277 clausu-

429 1305 505 1342 lam
528 1302 633 1339 dedit
653 1301 887 1340 Lambecius
907 1302 1027 1338 Tomo
1043 1299 1218 1338 secundo
1238 1311 1274 1351 p.
1292 1301 1380 1337 385.

511 1362 740 1415 ll'alfranrli
772 1362 818 1400 cle
849 1360 1101 1410 Elcembach,
1135 1360 1227 1400 vide
1261 1362 1381 1411 Longi

423 1426 707 1466 Bibliotliecam
731 1437 767 1463 n.
791 1425 905 1463 6678.

508 1490 657 1527 Versus
688 1487 727 1525 in
762 1486 919 1525 laudem
957 1486 1097 1526 Caroli
1130 1485 1389 1539 Imperatoris

432 1551 535 1603 apud
568 1550 822 1588 Lanibecium
861 1554 953 1587 torn.
990 1549 1024 1587 ll
1048 1560 1134 1599 pag.
1161 1549 1236 1587 266
1258 1547 1394 1586 Aurea

431 1612 644 1652 Dauidicos
684 1616 758 1649 etc.
790 1611 894 1661 apud
923 1610 1183 1650 Edmundum
1218 1612 1394 1649 Martene

428 1682 523 1714 tom.
557 1675 605 1712 vl
639 1674 984 1711 Monumentorum
1012 1684 1096 1722 pag.
1123 1674 1192 1711 8ll
1221 1684 1304 1722 seq.
1328 1672 1391 1709 ln-

430 1739 524 1788 eipit
544 1750 550 1774 :
578 1736 609 1774 Ο
632 1735 766 1774 Dlit's
789 1733 1039 1784 omnipotens.
1058 1735 1116 1771 Ex
1135 1734 1232 1771 libro
1259 1734 1390 1771 Evan-

432 1801 623 1850 gelioruin
645 1796 689 1835 A.
716 1797 794 1834 788
817 1795 923 1846 apud
958 1795 1013 1833 du
1038 1794 1196 1833 Cliesne
1233 1799 1326 1832 tom.
1359 1794 1391 1832 11

432 1875 517 1912 pag.
546 1862 615 1898 186
642 1860 806 1909 Incipit:
830 1856 934 1896 Orbe
956 1855 1079 1895 bonus
1099 1859 1173 1894 toto
1198 1860 1273 1894 ete.

513 1923 695 1971 Hymnus
712 1918 998 1959 COLUMBANI
1016 1918 1064 1957 ad
1082 1917 1282 1957 Andrean]
1302 1918 1395 1968 Epi-

435 1994 599 2033 scopum
630 1982 679 2020 de
715 1981 823 2020 obitu
847 1981 975 2020 Caroli
1014 1981 1195 2019 Caesaris
1224 1985 1318 2018 tom.
1345 1981 1393 2018 VI

435 2047 609 2094 Operum
633 2043 779 2081 Rabani
802 2054 890 2093 pag.
913 2041 990 2081 227
1011 2043 1090 2080 lnc.
1115 2041 1146 2079 A
1173 2040 1276 2080 Solis
1305 2044 1396 2080 ortu

436 2116 563 2154 ‘nsque
583 2103 636 2141 acl
659 2103 835 2141 occidua.

521 2165 793 2203 ,xmssmct's
815 2164 863 2201 de
887 2162 1132 2210 PEIRACO,
1158 2162 1291 2201 Abbas
1319 2165 1398 2202 Mo-

441 2227 670 2265 issiaecnsis
689 2227 793 2263 cirea
809 2224 970 2263 Annum
989 2225 1089 2263 4400
1117 2224 1165 2262 de
1186 2226 1309 2275 gestis
1326 2226 1398 2264 Ca-

442 2288 512 2326 roli
539 2289 584 2325 M.
610 2286 657 2325 ad
681 2287 903 2324 Joliannem
921 2287 1069 2324 Ducem
1088 2287 1395 2333 Bituricensem,

442 2350 518 2389 MS.
535 2350 571 2386 in
593 2348 734 2387 Codice
756 2349 872 2398 Regio
889 2349 1007 2385 Paris.
1027 2360 1063 2385 n.
1092 2348 1322 2386 4344106υὸ
1344 2359 1394 2386 ex

444 2412 508 2449 illo
530 2412 674 2449 citatur
697 2422 718 2448 a
739 2411 886 2460 Cangio
917 2411 953 2447 in
980 2421 1077 2447 voce
1107 2408 1304 2447 Dalciana
1320 2440 1330 2457 ,
1357 2414 1397 2447 et

445 2487 465 2512 a
487 2473 660 2523 Philippo
677 2473 852 2510 Bonanni
873 2473 909 2509 in
931 2472 1132 2521 gabinetto
1154 2470 1400 2520 harmonico,

449 2535 555 2573 edito
586 2535 730 2572 ltaliee.
761 2535 906 2572 Romae
938 2534 1051 2572 4722.
1084 2534 1117 2570 4.
1148 2544 1234 2583 pag.
1260 2533 1322 2570 69.

529 2596 850 2635 MICROLOGUS
879 2597 981 2633 eirca
1024 2595 1184 2633 Annum
1231 2595 1332 2633 4465
1356 2592 1403 2630 cle

447 2658 656 2698 sanctitate
670 2657 904 2696 meritorum
920 2661 957 2696 ct
967 2656 1098 2708 9loria
1115 2654 1404 2694 miraculorum

449 2723 492 2759 B.
519 2719 658 2759 Caroli
678 2719 835 2770 ,llaqni,
862 2718 959 2757 libri
987 2722 1094 2767 trcs,
1121 2730 1290 2768 quorum
1316 2730 1403 2769 pro-

450 2784 557 2832 logos
580 2787 619 2819 et
644 2787 877 2831 argumenta
901 2782 1076 2831 capitum
1095 2780 1217 2819 edidit
1241 2780 1404 2819 Lambe-

451 2847 537 2883 cius
561 2845 681 2882 Tomo
704 2844 748 2881 ll.
775 2854 860 2893 pag.
887 2844 982 2892 329,
1004 2854 1086 2893 seq.
1118 2846 1157 2881 ct
1178 2854 1213 2893 p.
1241 2843 1316 2881 358
1337 2843 1403 2892 qui

450 2907 498 2944 de
518 2906 655 2944 Carolo
681 2906 782 2943 inter
811 2909 972 2943 sanctos
1007 2905 1154 2951 relate,
1185 2905 1403 2954 Officioque

459 2980 535 3018 quo
562 2968 748 3005 memoria
774 2965 862 3015 ejus
886 2967 936 3004 28
956 2968 1041 3004 Jan.
1059 2967 1267 3015 recolitur,
1292 2967 1410 3004 etiam

457 3028 654 3066 videndus
677 3039 760 3078 pag.
782 3028 855 3065 340
875 3039 933 3077 sq.
957 3028 1113 3065 Praeter
1135 3028 1305 3066 natalem
1327 3027 1414 3076 ejus

456 3093 505 3126 ¹28
530 3092 614 3126 lan.
646 3089 868 3127 celebratur
897 3090 1016 3126 etiam
1057 3090 1203 3128 festum
1244 3090 1411 3127 transla—

456 3152 571 3187 tionis
596 3151 682 3198 ejus
699 3152 721 3188 Γ)
739 3150 900 3189 kalend.
919 3150 1102 3200 Augusti,
1127 3150 1410 3201 Carlomossna-

458 3211 521 3246 lin.
543 3213 684 3249 Confer
709 3213 896 3250 llulaeum
927 3215 1076 3251 tomoll
1097 3213 1284 3253 historiae
1312 3213 1411 3252 Aea-

461 3271 610 3307 ‹lu-inim·
637 3274 864 3310 l‘arisiensis
889 3287 974 3325 pag.
1000 3275 1088 3312 342.

543 3332 582 3368 ln
609 3333 842 3372 inl›li‹›1h‹·‹:a
862 3337 1107 3375 lssruxellcnsi
1130 3341 1314 3377 Servatur
1331 3348 1411 3376 ma-

1167 235 1513 280 CAROLUS
1561 241 1615 280 M.

1431 323 1530 362 gnae
1546 312 1661 350 molis
1677 312 2006 352 membranaceus
2022 310 2156 352 Codex
2171 311 2251 351 MS.
2267 309 2305 349 in
2321 309 2395 350 lin-

1431 384 1549 424 guam
1573 374 1801 413 Franeieam
1830 374 2040 413 meliorem
2075 383 2296 413 conversus
2318 371 2395 411 An.

1433 435 1587 474 CHristi
1608 436 1710 474 4458
1724 437 1933 475 continens
1949 434 2169 474 Historiam
2185 432 2326 474 Caroli
2337 433 2392 474 M.

1434 497 1742 548 elegantissimis
1766 497 2002 547 imaginibus
2020 497 2279 545 illustratam,
2295 506 2394 546 qua-

1437 571 1525 598 rum
1545 571 1621 598 una
1637 559 1797 598 exhibet
1812 560 2055 610 antiquiores
2065 559 2307 597 Francorum
2322 558 2397 597 Re-

1439 632 1510 672 ges
1533 633 1555 660 a
1578 620 1854 660 Pharamundo
1889 621 1937 660 ad
1967 621 2151 660 Carolum
2186 621 2401 671 Magnum,

1443 695 1562 734 quam
1586 694 1676 722 aere
1693 683 1932 733 descriptam
1950 682 2269 732 illustratamque
2285 682 2406 721 lecto-

1445 745 1555 784 ribus
1579 746 1663 784 suis
1685 746 1798 783 offert
1820 744 1992 782 Jacobus
2015 743 2223 782 Chissetius
2247 744 2285 781 in
2303 743 2404 781 limi-

1446 818 1494 844 ne
1516 806 1758 845 Anastaseos
1794 804 2004 844 Childeriei
2033 804 2162 854 Regis.
2197 803 2405 855 Antwerp.

1447 870 1568 916 4655,
1597 870 1631 906 4.

1526 930 1675 968 Relatio
1694 958 1702 977 ,
1740 926 1930 979 quomodo
1969 925 2143 968 Carolus
2184 927 2352 978 Maqnus
2385 939 2412 965 a

1450 989 1786 1042 Constantinopoli
1818 987 2082 1041 Aquasyrani
2112 987 2294 1027 attulerit
2332 987 2414 1028 cla-

1447 1066 1541 1093 rum
1564 1056 1602 1092 et
1618 1063 1803 1091 coronam
1826 1049 1985 1089 Domini
2009 1050 2088 1090 MS.
2107 1051 2146 1088 in
2167 1050 2410 1089 Bibliotheca

1451 1118 1658 1155 Caesarea.
1674 1113 1771 1153 Vide
1783 1113 2037 1154 Lambecium
2052 1116 2160 1150 tomo
2174 1112 2208 1150 ΙΙ
2223 1122 2310 1163 pag.
2327 1112 2415 1151 363.

1530 1178 1763 1218 DONATUS
1783 1173 2092 1215 ACCIAJOLUS
2112 1173 2161 1212 de
2177 1175 2261 1212 vita
2285 1174 2413 1214 Caroli

1452 1242 1577 1292 Magni
1597 1270 1605 1289 ,
1630 1241 1667 1277 in
1693 1239 1842 1278 Latinis
1865 1236 2104 1275 editionibus
2126 1237 2302 1275 vitarum
2323 1237 2414 1276 Plu-

1454 1302 1578 1342 tarchi
1594 1301 1725 1340 editus
1745 1300 1835 1351 plus
1858 1298 1995 1346 semel,
2011 1302 2051 1336 et
2074 1298 2114 1335 in
2137 1297 2296 1336 Freheri
2319 1299 2415 1337 seri-

1457 1364 1635 1416 ptoribus
1664 1364 1931 1408 Francorum,
1961 1364 2002 1398 et
2031 1359 2263 1410 locupletior
2292 1370 2421 1410 nuper

1461 1432 1555 1465 tom.
1588 1427 1602 1464 l
1633 1425 1870 1475 scriptorum
1886 1422 2215 1461 Germanicorum
2245 1421 2425 1460 Mencke-

1464 1490 1516 1527 nii
1533 1499 1619 1539 pag.
1635 1488 1723 1525 813.
1750 1486 1879 1523 Etiam
1900 1484 1948 1522 ab
1965 1481 2160 1532 Aeciajolo
2176 1482 2316 1522 eadem
2336 1484 2426 1523 Vita

1466 1551 1697 1600 consignata
1722 1548 1868 1587 Italico.
1902 1546 1981 1586 MS.
2012 1546 2050 1583 in
2073 1544 2314 1584 Bibliotheca
2347 1546 2428 1584 Ma-

1468 1612 1747 1664 gliabecliiana.

1546 1674 1732 1712 Planctus
1772 1673 1808 1710 in
1841 1671 1992 1709 obitum
2023 1669 2151 1708 Caroli
2181 1670 2229 1708 M.
2265 1672 2360 1707 tom.
2390 1669 2424 1707 11
2498 1702 2500 1708 ,

1466 1740 1577 1786 parte
1602 1736 1625 1773 2
1650 1736 1889 1784 scriptorum
1913 1731 2048 1770 ltaliae
2073 1730 2319 1769 celeberrimi
2347 1732 2431 1770 Mu·
2498 1737 2500 1758 ²

1468 1798 1600 1835 ratorii
1621 1808 1708 1847 pag.
1735 1795 1825 1833 690.

1467 1859 1541 1897 ΙΙΙ.
1573 1857 1768 1896 Elenclms
1795 1854 2061 1894 recentiorum
2097 1851 2352 1904 quorundam
2386 1851 2434 1892 de

1656 1919 1717 1960 CA
1728 1918 1860 1958 ROLO
1887 1919 1938 1956 M.
1969 1914 2231 1968 Scriptorum.

1548 1985 1708 2022 Praeter
1725 1983 1832 2020 viros
1847 1979 2060 2030 doctosqui
2073 1978 2136 2016 vel
2150 1976 2381 2028 Eginhardu
2392 1988 2431 2015 m

1472 2046 1763 2091 illuminavere,
1788 2047 1857 2082 aut
1880 2043 1946 2091 qui
1975 2039 2152 2080 Annales
2180 2039 2435 2078 Ecclesiasti-

1471 2118 1538 2144 eos
1566 2106 1792 2154 Civilesque
1815 2102 2102 2150 condiderunt,
2127 2110 2244 2138 resve
2267 2100 2437 2138 Franco-

1469 2180 1558 2206 rum
1573 2198 1583 2215 ,
1605 2167 1975 2214 Germanorumque
1994 2192 2001 2211 ,
2026 2166 2095 2201 aut
2119 2161 2254 2200 Italiae
2275 2161 2433 2200 illorum

1472 2234 1694 2279 temporum
1716 2256 1724 2273 ,
1750 2225 1965 2276 majoribus
1986 2223 2287 2274 notissimisque
2311 2225 2437 2274 operi-

1471 2292 1546 2329 bus
1571 2288 1826 2328 illustrandas
1855 2287 1927 2325 sibi
1954 2296 2149 2325 sumsere.

1553 2351 1752 2401 Anonymi
1776 2351 1916 2388 Poetae.
1941 2348 2025 2387 ltali
2042 2379 2052 2396 ‚
2080 2345 2110 2385 li
2125 2345 2285 2399 fastidi
2313 2347 2434 2388 Carlo

1475 2414 1615 2464 Μαφιο
1640 2424 1659 2449 e
1683 2411 1729 2450 de
1749 2410 1840 2450 suoi
1863 2408 2072 2458 Palaclini,
2098 2407 2139 2446 in
2161 2411 2294 2448 octava
2317 2409 2435 2448 rima.

1475 2477 1613 2514 venet.
1641 2475 1734 2513 4484
1767 2473 1830 2511 fol.
1859 2474 2051 2512 Memorat
2078 2470 2250 2510 Jacobus
2272 2471 2309 2510 le
2333 2473 2441 2524 Long

1478 2549 1588 2576 num.
1605 2535 1720 2584 6676,
1737 2539 1883 2573 etnam
1902 2532 2004 2573 6675
2021 2533 2150 2572 simile
2166 2533 2307 2586 Poetae
2325 2533 2440 2583 Galli,

1476 2600 1624 2637 Roman
1650 2597 1698 2635 de
1728 2597 1870 2636 Charle
1898 2598 2053 2647 Magne,
2084 2598 2125 2633 et
2152 2593 2207 2633 du
2231 2594 2442 2634 Chevalier

1476 2661 1674 2707 Guerino,
1706 2659 1940 2698 surnornme
1979 2656 2205 2706 Meschino,
2243 2656 2281 2694 in
2316 2656 2442 2695 Padoa

1478 2722 1607 2770 4473,
1632 2722 1771 2760 venet.
1798 2722 1812 2760 4
1835 2719 1911 2758 477
1932 2719 2047 2759 4484.
2073 2718 2138 2756 fol.

1559 2784 1703 2821 Petrus
1738 2794 1813 2821 von
1838 2779 1943 2820 Beelc
1981 2782 2020 2819 in
2055 2778 2331 2830 Aquisgrano,
2357 2781 2443 2818 sive
2499 2765 2500 2776 ¹

1479 2840 2445 2892 historicanarrationedeCivitatisAquisgranen-

1483 2909 1538 2946 sis
1553 2908 1701 2957 origine
1719 2911 1758 2945 et
1774 2915 1998 2957 progressu.
2016 2902 2257 2954 Aquisgrani
2275 2902 2390 2942 4622.
2407 2902 2443 2940 4.

1566 2967 1808 3006 Franeiseus
1830 2966 1876 3004 cle
1896 2964 2129 3018 Belleforest
2142 2965 2181 3002 in
2196 2963 2359 3001 historia
2375 2973 2445 3000 no-

1487 3042 1579 3069 vem
1609 3030 1835 3068 Carolorum
1860 3030 2012 3078 Regum
2035 3025 2264 3074 Gallorum,
2292 3022 2441 3063 Gallice

1484 3092 1589 3131 edita
1612 3090 1770 3130 Parisiis
1790 3089 1901 3127 4568.
1927 3088 1992 3126 fol.

1562 3153 1733 3190 Joannes
1772 3148 1969 3189 Henricus
2009 3145 2220 3186 Boeclerus
2257 3145 2356 3185 libro
2394 3145 2444 3185 de

1484 3215 1604 3253 rebus
1627 3213 1756 3253 Seculi
1780 3213 1847 3251 IX.
1871 3214 1912 3249 et
1934 3211 1983 3249 X.
2004 3207 2254 3259 Argentorati
2276 3207 2378 3246 4656
2407 3208 2441 3245 4.

1484 3281 1525 3315 et
1550 3280 1655 3314 tomo
1684 3274 1799 3312 tertio
1822 3271 2157 3312 Dissertationum
2186 3268 2445 3309 Academica-

1487 3349 1575 3377 rum
1596 3336 1765 3387 junctim
1790 3343 2020 3374 reeusarum
2043 3331 2132 3371 ibid.
2160 3330 2262 3373 4742
2287 3332 2364 3371 lito.
