2500 3841
890 258 1373 301 AUGUSTINU'S

132 342 226 371 num
249 340 328 380 quo
354 329 524 380 scriptor
543 328 618 367 iste
641 328 803 379 floruit,
827 335 934 369 recte
958 343 1093 371 emen-

131 392 210 431 dat.
240 389 503 432 Scribendum
528 391 634 429 enim
666 391 794 430 fuerat
821 392 1000 433 floruisse
1029 407 1091 434 an.

135 453 238 494 1297
266 464 345 503 quo
374 452 600 491 destinatus
631 453 685 492 fui
714 464 734 492 a
766 455 962 493 Bonisaci0
990 457 1091 495 VIII.

117 520 176 555 ‚ut
204 526 341 554 sacras
369 515 547 553 omnium
573 514 721 564 ubique
744 515 921 555 fidelium
941 518 1095 556 confes-

117 578 263 616 siones
286 576 452 616 audiret.
473 576 560 615 Alia
578 577 666 615 eius
689 588 806 628 opera
836 578 927 617 vide
950 579 1093 618 ibidem

119 638 233 690 ,apud
262 639 436 679 eundem
464 639 776 679 Mazzuchellum
807 641 835 679 I.
866 641 956 679 239.

117 734 120 736 .
181 700 504 741 AUGUSTINUS
523 702 573 740 de
595 703 740 751 Roma,
764 703 941 754 Gregoril
964 704 1012 742 M.
1037 702 1095 741 di-

130 763 308 814 scipulus
324 775 403 810 ‚ex
417 761 569 802 Abbatc
583 765 758 803 Romano
782 765 937 815 legatus
953 764 996 803 A.
1015 765 1092 803 598

129 824 168 862 in
191 823 374 875 Angliam
395 828 436 863 et
457 823 790 876 Archiepiscopus
814 827 969 877 primus
991 826 1095 865 Can-

129 885 584 934 tuariensis,defunctus
600 886 645 926 A.
663 887 752 926 604.
769 887 818 926 dc
838 898 917 938 quo
937 891 1095 938 praeter

129 946 396 987 Warthonum
433 952 539 987 tomo
571 949 698 1000 priore
728 948 892 997 Angliae
930 958 1091 994 sacrae,

127 1008 308 1048 adeunda
330 1008 431 1049 Acta
458 1011 695 1050 Sanctorum
721 1012 770 1050 26
794 1009 881 1060 Maji
907 1014 1000 1047 tom.
1020 1009 1090 1054 VI,

125 1081 211 1122 pag.
238 1071 313 1111 373
338 1082 421 1122 seq.
446 1073 513 1111 ubi
535 1073 655 1112 etiam
679 1085 765 1124 pag.
792 1072 869 1111 575
890 1072 971 1108 vita
996 1070 1092 1107 scri—

118 1137 193 1185 pta
218 1145 239 1172 a
265 1132 444 1173 Gocelino
467 1135 656 1174 Monacho
676 1146 725 1173 ex
749 1133 921 1172 editione
957 1131 1092 1171 Mabil-

125 1196 281 1234 Ioniana
299 1226 307 1244 ,
327 1199 369 1234 et
391 1208 478 1248 pag.
511 1198 581 1236 411
615 1197 778 1234 historia
807 1195 1090 1233 translationis.

125 1256 226 1307 Ejus
263 1257 595 1310 interroqationes
617 1258 674 1298 XI
688 1257 744 1296 acl
778 1255 1016 1307 Greyorium
1038 1254 1090 1293 M.

127 1319 300 1369 Papam,
320 1331 413 1360 cum
433 1320 609 1371 Gregorii
639 1319 860 1370 responsis,
887 1319 924 1355 in
954 1316 1074 1355 editio

126 1380 243 1420 nibus
265 1381 442 1432 Gregorii
462 1383 510 1420 M.
535 1381 585 1420 ad
608 1381 759 1420 calcem
779 1380 869 1432 ejus
897 1379 1094 1430 Epistola-

123 1453 236 1490 rum,
261 1447 302 1482 et
326 1443 364 1481 in
389 1443 518 1482 Bedae
541 1443 705 1481 historia
733 1442 952 1492 Anglorum
976 1440 1040 1478 lib.
1062 1441 1090 1478 I.

124 1512 210 1553 cap.
231 1502 282 1543 27
305 1512 408 1554 quae
429 1505 468 1542 in
487 1503 660 1543 editione
684 1503 898 1542 Abrahami
913 1501 1092 1540 Wheloci

127 1560 248 1604 etiam
262 1571 442 1605 veterem
462 1566 696 1605 Saxonicam
711 1566 938 1604 ‘versionem
954 1562 1096 1613 adjun-

50 1650 53 1651 ν
125 1629 234 1665 ctam
258 1626 388 1666 habet.

123 1717 125 1719 -
177 1687 500 1729 AUGUSTINUS
513 1688 715 1729 DATHUS
733 1720 741 1739 ⁷
758 1690 950 1729 Senensis
965 1681 1094 1727 Philo-

127 1750 278 1801 sophus
300 1755 341 1789 et
363 1752 506 1791 Orator
524 1751 739 1791 defunctus
764 1752 802 1789 in
827 1752 953 1801 patria
976 1749 1092 1789 Anno

128 1811 231 1852 1179
250 1811 367 1863 cujus
390 1812 593 1851 Historiae
616 1812 802 1852 Senensis
822 1812 908 1850 libri
931 1812 998 1850 III.
1023 1810 1094 1849 Hi-

126 1873 255 1913 storia
273 1872 580 1922 Plumbinensis,
596 1875 819 1923 Sti-emata,
836 1875 922 1912 sive
938 1873 1092 1912 Miscel-

126 1935 240 1975 lanea
262 1935 406 1975 Critica
429 1939 470 1974 et
492 1935 792 1986 Philosophica,
817 1946 917 1986 opus
949 1936 1092 1986 imper-

126 1997 274 2036 fectum
291 1996 338 2035 de
354 1996 650 2036 immortalitate
667 1996 895 2036 animorum
910 2009 922 2045 ;
935 2001 976 2036 et
991 1997 1093 2035 Ora-

124 2058 249 2098 tiones
266 2090 276 2109 ,
299 2058 526 2110 Epistulae,
551 2059 707 2109 aliaque
736 2060 884 2110 scripta
916 2058 1089 2109 junctim

124 2121 286 2172 vulgata
301 2133 323 2160 a
348 2126 490 2173 nepotc
504 2140 522 2170 ,·
533 2122 649 2160 Senis
673 2122 774 2160 1503
800 2121 862 2160 fol.
887 2125 928 2159 et
948 2131 1091 2159 recusa

122 2182 263 2221 Venet·
296 2183 398 2222 1516
431 2183 494 2221 Iol.
517 2182 624 2233 apud
662 2183 842 2222 Caveum
880 2181 1091 2232 diligenter

125 2248 400 2283 recensentur.

178 2305 246 2356 (20
275 2306 373 2346 Vide
403 2305 730 2346 laudatissimum
760 2318 821 2358 op.
847 2307 905 2344 .Ιο.
935 2304 1096 2346 Nicolai

125 2366 352 2407 Bandierae
379 2367 426 2407 de
447 2366 548 2419 Auq.
565 2369 666 2407 Dato
681 2367 796 2408 Libri
815 2367 904 2407 duo.
929 2370 1092 2417 Romae,

127 2428 287 2480 Zempel
309 2428 427 2475 1733,
453 2430 513 2477 4.)

125 2516 129 2517 ν
178 2489 500 2533 AUGUSTINUS
519 2491 728 2531 Eucadz'us
747 2505 795 2532 cx
813 2492 896 2532 solo
913 2493 1009 2531 mihi
1026 2503 1095 2531 no-

132 2554 198 2590 tus
219 2553 377 2602 Vossio,
401 2555 469 2604 qui
493 2557 605 2592 notat
623 2555 658 2592 ei
682 2556 787 2592 vitas
806 2555 907 2593 VllI.
924 2555 1096 2604 Impera-

124 2618 259 2653 torum
280 2619 320 2652 et
339 2614 648 2666 descriptionem
673 2616 841 2655 Danubii
857 2616 967 2654 fluvii
987 2616 1094 2654 MSta

125 2679 286 2714 exstare
310 2675 350 2713 in'
372 2676 471 2714 Bibl.
493 2677 700 2716 Caesarea.

183 2737 505 2776 AUGUSTINUS
520 2737 567 2776 de
582 2737 862 2777 Favaronibus
877 2740 1091 2787 Romanus,

127 2798 409 2849 Augustiniani
433 2798 592 2838 Ordinis
611 2799 661 2838 ab
681 2799 725 2838 A.
753 2800 867 2839 1419.
888 2800 1093 2839 Generalis

127 2864 168 2899 et
192 2861 416 2912 Episcopus
444 2860 493 2898 ab
520 2860 565 2899 A.
592 2861 707 2900 1431.
738 2862 940 2900 Caesenas
959 2873 1004 2900 ac
1027 2862 1095 2901 dc-

131 2922 252 2972 niquc
268 2921 509 2961 Nazarenus
523 2922 705 2973 Archiep.
718 2924 756 2960 in
774 2922 920 2961 ditione
936 2923 1092 2973 Neapol.

127 2984 233 3024 Obiit
255 2983 300 3023 A.
339 2984 452 3023 ⁴443.
493 2985 562 3023 Hic
586 2996 693 3023 unus
723 2995 771 3023 ex
807 2985 882 3022 illis
920 2995 1020 3034 quos
1044 2984 1092 3022 ad

127 3046 414 3085 examinandas
438 3047 477 3085 S.
506 3047 693 3097 Brigittae
731 3045 995 3084 revelationes
1018 3044 1092 3083 An.

129 3108 230 3146 1419
242 3107 521 3158 designaverat
531 3108 716 3147 Urbanus
727 3109 786 3146 Vl.
801 3108 1093 3146 Commentaria

129 3167 216 3218 ejus
247 3170 284 3207 in
323 3170 524 3221 Epistolas
556 3171 690 3218 Pauli⁷
721 3170 1019 3218 Cononieasquc
1053 3173 1093 3206 et

130 3229 401 3282 Apocalypsin
418 3262 428 3281 ,
444 3233 672 3283 scriptaque
692 3231 740 3269 de
758 3231 928 3281 perfecta
941 3228 1095 3279 justitia

132 3293 340 3331 militantis
366 3293 569 3333 Ecclesiae
587 3324 594 3342 ⁷
615 3294 664 3331 de
694 3294 913 3344 principatu
943 3293 1092 3342 Papae,

132 3353 180 3392 de
205 3359 401 3405 potestate
426 3357 652 3407 Principum
679 3357 715 3393 in
740 3355 946 3394 collatione
977 3354 1095 3393 bono-

2053 262 2122 301 1741

1166 345 1254 372 rum
1275 344 1439 373 suorum
1463 332 1663 373 Ecclesiis'
1682 333 1808 382 facta,
1837 332 1993 384 aliaque
2022 333 2126 384 apud

1165 396 1344 434 Elssium
1377 407 1463 447 pag.
1489 397 1538 435 93
1563 407 1645 447 seq.
1675 399 2052 434 commemorantur.
2082 396 2127 433 ln

1167 458 1313 507 quibus
1336 459 1455 497 etiam
1487 458 1584 496 liber
1603 458 1648 496 A.
1683 458 1787 497 4435
1821 458 2056 509 reprobatus
2088 459 2128 494 in

1168 519 1342 558 Concilio
1366 518 1582 558 Basileensi
1610 520 1789 557 sessione
1817 519 1868 557 22
1893 522 2000 557 tomo
2026 519 2127 557 VIII.

1166 581 1355 620 Ilarduin.
1381 592 1467 631 pag.
1494 581 1595 619 1199
1628 581 1772 630 (atque
1811 579 1901 618 inde
1925 581 1964 618 in
1996 580 2130 618 Indice

1166 643 1359 690 Romano)
1377 642 1552 680 tributus
1573 642 1610 678 in
1627 645 1823 680 tractatus
1838 645 1922 679 tres
1933 670 1942 687 ‚
1958 653 2129 692 quorum

1167 705 1321 753 primus
1343 702 1390 741 de
1405 706 1655 740 sacramento
1669 702 1832 741 unitatis
1847 703 1974 742 JESU
1989 703 2132 743 CHRI-

1165 764 1253 802 STI
1270 767 1310 801 et
1328 762 1551 801 Ecclesiae:
1575 763 1778 802 secundus
1801 763 1847 801 (Ie
1872 764 2042 804 Cllre'sto
2065 776 2131 803 ca-

1160 826 1243 878 pite
1271 828 1309 863 et
1341 825 1427 876 ejus
1462 822 1603 875 inclyto
1627 824 1885 876 principatu:
1909 828 2053 865 tertius
2082 826 2129 865 tle

1166 886 1363 926 charitate
1387 885 1554 926 CHristi
1586 885 1697 924 circa
1721 885 1861 924 electos
1884 891 1921 925 ct
1941 889 2026 939 ejus
2047 888 2132 940 infi-

1166 949 1245 987 nito
1265 960 1414 987 amore.

1218 1011 1257 1049 S.
1278 1010 1601 1049 AUGUSTINUS
1626 1015 1745 1049 natus
1774 1009 1848 1048 An.
1875 1010 1964 1049 3542
1995 1011 2130 1050 Idibus

1162 1072 1400 1111 Novembris
1420 1073 1612 1124 Tagastae
1630 1072 1668 1110 in
1687 1072 1869 1111 Numidia
1893 1074 2036 1110 Doetor
2056 1074 2130 1111 1ἰο-

1164 1135 1308 1174 clesiae
1324 1135 1500 1185 inclytus
1517 1166 1525 1185 ‚
1542 1146 1590 1173 cx
1611 1134 1790 1173 auditore
1809 1134 2129 1173 Manichaeorum

1165 1198 1210 1237 A.
1236 1197 1325 1236 387.
1350 1208 1572 1236 conversus
1596 1201 1637 1235 et
1672 1196 1900 1247 baptizatus
1923 1209 1945 1235 a
1970 1197 2008 1235 S.
2039 1196 2134 1235 Am-

1164 1261 1295 1298 brosio
1311 1289 1319 1305 .
1336 1270 1410 1298 nec
1427 1258 1494 1297 diu
1519 1263 1609 1310 post
1631 1259 1680 1297 ab
1699 1257 1774 1296 An.
1797 1259 1885 1297 396.
1907 1259 2132 1309 Episcopus

1165 1323 1205 1360 in
1229 1321 1359 1360 Africa
1378 1320 1571 1372 Hipponis
1595 1319 1721 1372 Remi,
1743 1322 1828 1359 sive
1852 1319 2132 1372 Hipponensis,

1166 1388 1206 1422 et
1222 1388 1313 1434 post
1326 1383 1558 1433 diligentem
1575 1394 1734 1433 operam
1746 1394 1838 1422 cum
1854 1384 1999 1433 insigni
2016 1382 2132 1421 laude

1168 1447 1338 1497 positam
1363 1446 1400 1482 in
1426 1456 1518 1495 agro
1538 1446 1693 1483 Domini
1711 1474 1719 1493 ,
1740 1449 1780 1482 et
1799 1449 1890 1496 post
1913 1446 2134 1483 certamina

1166 1508 1325 1547 advers.
1363 1507 1557 1546 Ethnicos
1576 1537 1584 1556 ,
1626 1506 1818 1556 Arianos,
1859 1507 2108 1545 Manichaeos
2124 1536 2132 1550 ,

1166 1571 1421 1621 Pelagianos,
1438 1573 1480 1607 et
1492 1569 1746 1616 Donatistas‚
1769 1568 1874 1606 diem
1894 1569 1987 1606 obiit
2005 1599 2013 1617 ‚
2029 1573 2134 1606 teste

1166 1635 1384 1683 Prospero,
1406 1631 1451 1670 A.
1477 1631 1519 1670 C.
1543 1631 1617 1669 430
1643 1630 1706 1669 die
1722 1631 1772 1669 28
1792 1629 1891 1680 Aug.
1915 1629 2134 1668 Theodosio

1167 1696 1259 1734 XIII
1283 1698 1323 1733 et
1345 1693 1621 1732 ValentIniano
1643 1693 1693 1730 III
1714 1692 1825 1731 Coss.
1842 1693 1899 1730 De
1919 1692 2024 1729 vitae
2045 1691 2134 1740 ejus

1167 1756 1427 1807 scriptoribus
1463 1759 1585 1805 atque
1618 1754 1667 1792 de
1704 1753 1945 1792 editionibus
1968 1764 2135 1804 operum

1161 1818 1244 1868 jam
1281 1818 1361 1856 dixi
1392 1819 1431 1855 in
1471 1816 1651 1855 Biblioth.
1691 1816 1830 1853 Latina
1865 1816 1915 1853 lv
1941 1816 1975 1854 3.
2002 1826 2133 1864 neque

1164 1879 1270 1919 aliud
1287 1880 1326 1917 in
1342 1879 1543 1929 praesenti
1559 1878 1680 1915 velim
1701 1877 1819 1915 dietis
1834 1876 1996 1924 addere,
2012 1888 2133 1926 quam

1166 1942 1412 1981 luculentam
1433 1940 1537 1978 illam
1559 1939 1772 1977 editionem
1791 1937 2037 1976 eruditorum
2063 1939 2135 1976 Be-

1124 2046 1126 2048 ,
1166 2003 1488 2051 nedictinorum‚
1530 2012 1632 2051 qnae
1675 2001 1813 2038 iterata
1838 1999 1911 2037 fuit
1940 2000 2134 2037 Parisien-

1165 2064 1276 2103 sibus
1299 2065 1407 2114 typis
1434 2067 1475 2102 et
1510 2061 1973 2108 Amstelodamensibus,
1999 2062 2132 2099 novis—
2210 2102 2215 2110 .

1165 2128 1265 2165 sime
1286 2127 1406 2164 etiam
1435 2135 1619 2164 recusam
1649 2134 1739 2162 esse
1775 2123 1971 2169 VenetiiS,
2000 2123 2132 2174 praelo

1163 2189 1221 2227 .Ιο.
1237 2189 1440 2239 Baptistae
1456 2186 1627 2226 Albrizzi
1651 2185 1722 2224 An.
1745 2185 1852 2225 1733
1873 2186 1911 2222 in
1933 2196 2012 2234 qua
2036 2195 2133 2222 non-

1165 2250 1275 2290 nulla
1311 2251 1350 2290 S.
1387 2249 1601 2299 Augustini
1640 2250 1788 2299 scripta
1826 2247 1947 2285 etiam
1993 2245 2135 2285 collata

1166 2312 1408 2351 exhibentur
1427 2307 1519 2350 cum
1541 2311 1618 2350 MS.
1634 2310 1916 2361 antiquissimo
1939 2309 2035 2347 Bibl.
2060 2309 2135 2347 Ca-

1167 2374 1280 2425 pituli
1303 2374 1557 2414 Veronensis.
1587 2386 1592 2394 ¹

1221 2436 1370 2476 Eodem
1382 2440 1560 2486 tempore
1575 2436 1707 2473 clarus
1717 2431 2133 2482 AUGUSTINUSpost

1169 2499 1446 2537 Chromatium
1475 2498 1697 2547 Episcopus
1735 2493 2027 2545 Aquilejensis‚
2053 2495 2134 2531 Pri—

1170 2571 1257 2598 mas
1271 2560 1527 2598 Venetiarum
1542 2588 1549 2605 ‚
1567 2559 1756 2605 Histriae,
1771 2557 1898 2596 Norici
1923 2556 2133 2604 utriusque

1168 2626 1208 2660 et
1231 2621 1419 2659 Rhaetiae
1458 2620 1507 2659 ab
1531 2619 1575 2658 A.
1613 2620 1688 2658 111
1727 2618 1774 2656 ad
1806 2618 1881 2656 422
1919 2615 2036 2666 eujus
2059 2616 2132 2654 hoe

1167 2682 1339 2733 elogium
1361 2683 1398 2719 in
1424 2681 1513 2720 aula
1536 2679 1789 2719 Patriarchali
1813 2678 1917 2729 apud
1939 2679 2102 2716 [tinum
2121 2709 2129 2727 ‚

1167 2744 1311 2782 litteris
1343 2743 1435 2793 plus
1472 2753 1591 2792 quarn
1630 2740 1852 2779 uncialibus
1885 2739 2130 2790 descriptum

1168 2805 1321 2843 notavit
1343 2805 1461 2843 Ilenr.
1491 2803 1693 2842 Norisius:
1718 2801 1739 2823 *
1766 2799 2011 2851 Auqustinus
2031 2800 2130 2839 urbe.

1168 2868 1290 2905 Roma
1307 2877 1332 2903 a
1354 2863 1489 2903 Gothis
1503 2863 1712 2902 devastata
1728 2863 2130 2914 consternatos.1tqm'-

1169 2926 1373 2979 lejensium
1388 2925 1540 2964 animos
1547 2925 1714 2976 jejuniis
1729 2923 2129 2975 etsupplientionibus

1169 2989 1299 3028 sacris
1322 2987 1377 3026 acl
1397 2987 1581 3026 Divinam
1606 2997 1715 3038 opem
1740 2985 2029 3037 implorandum
2044 2998 2129 3024 ere-

1167 3049 1243 3089 orit.

1222 3111 1321 3151 AUG
1331 3110 1832 3159 L'STINUSdeBesignano,
1844 3108 2127 3160 Neapolitanus

1169 3172 1260 3211 Ord.
1282 3174 1416 3211 Minor.
1444 3172 1571 3210 medio
1591 3173 1748 3211 saeculo
1778 3173 1847 3211 XV
1867 3171 1982 3222 eujus
2005 3183 2128 3223 ‹zi-po<

1169 3234 1258 3274 sitio
1282 3245 1403 3286 super
1422 3233 1660 3284 Mafsm'fieat.
1686 3235 1763 3272 MS.
1790 3235 1891 3272 inter
1920 3233 2038 3272 libros
2067 3235 2128 3271 Bi-

1227 3367 1239 3382 ·
1262 3370 1342 3399 'rom
1379 3367 1433 3398 xl!
1457 3367 1635 3406 Angustia,
1663 3365 1742 3399 edit.
1768 3370 1869 3399 Amst.
1894 3375 1927 3407 p.
1951 3366 2022 3399 510.
