2500 4009
416 287 517 317 xiiii

417 362 517 400 quas
559 347 727 387 inuitnin
769 342 847 390 jam
896 338 1101 373 immutata
1148 329 1375 368 valetudiue

415 404 616 446 mutieres
644 399 892 440 acrioresque
922 391 1111 438 expertus
1140 388 1220 431 est,
1252 384 1377 434 magis

415 445 535 507 huam
555 453 663 491 senio
679 446 895 486 consectus,
921 442 981 491 pie
1007 443 1223 487 sancteque
1240 448 1379 487 quem-

417 507 627 548 admodum
654 502 842 550 perpetuo
873 496 1051 541 vixeiat,
1077 491 1248 530 decessit
1276 500 1380 528 anno

416 556 671 601 MDCCLXIX
701 553 745 589 V.
774 549 860 589 Kal.
889 547 1025 587 Octob.

472 615 614 656 lucens
643 607 703 645 sui
734 603 974 642 desiderium
1011 597 1167 638 cunctis
1196 596 1379 645 reliquit:

418 658 541 704 comis
561 663 666 699 enim
684 668 841 708 semper
864 665 955 703 erga
967 663 1105 691 omnes
1127 651 1209 697 suit,
1235 650 1383 687 omnis·

417 730 493 763 ciue
525 715 638 753 officii
670 709 1026 759 diligentissimus·⁷
1073 706 1182 742 victu
1226 713 1382 753 parcus,

418 765 528 810 c'ultu
547 766 765 811 modestus,
784 762 899 802 vultu
918 759 1065 806 hilaris,
1091 760 1287 805 ingenuus
1305 767 1385 793 mo-

419 823 541 870 ribus,
562 833 583 859 a
613 818 755 870 quavis
784 816 847 853 vel
873 814 1034 852 minima
1060 811 1272 850 ambitione
1293 809 1385 848 alie-

421 887 510 923 nus,
540 885 630 923 ema
663 879 857 921 pauperes
885 866 1084 914 liberalis,
1109 865 1157 903 de
1186 863 1292 902 omni
1319 862 1386 899 lio-

423 931 575 968 minum
593 925 742 970 ordine,
763 922 812 960 de
833 920 939 959 omni
957 929 1157 957 sacrarum
1177 917 1385 968 praecipue

422 981 718 1031 disciplinarum
750 985 893 1026 genere
922 973 1069 1024 optime
1100 973 1280 1009 meritus.

475 1036 572 1074 Eius
598 1036 763 1070 mortem
781 1027 984 1067 lectissimi
1001 1025 1123 1069 cives,
1140 1023 1388 1074 populusque

420 1089 611 1128 luxerunt
628 1085 855 1135 plurimum,
874 1081 1052 1119 tulerunt
1067 1088 1153 1116 eam
1171 1078 1263 1114 item
1283 1086 1389 1113 acer-

421 1142 584 1180 bissime
608 1149 701 1177 suae
718 1133 1042 1185 congregationis
1058 1130 1289 1180 praesertim
1311 1130 1388 1166 Lu-

423 1196 555 1233 censis
585 1192 779 1239 Collegae,
809 1197 978 1238 quorum
1009 1184 1290 1223 Bibliotliecam
1322 1193 1389 1232 pe-

426 1247 574 1298 rampla
611 1250 731 1293 atque
760 1243 903 1281 eximia
934 1240 1120 1278 librorum
1153 1234 1386 1286 supellectili

425 1303 510 1340 suis
540 1297 765 1348 sumptibus
794 1298 972 1334 auxerat.
1000 1290 1192 1340 Exequiis
1221 1288 1387 1327 solemni

424 1364 567 1404 pompa
598 1353 635 1389 in
667 1350 802 1398 maj0ri
832 1346 993 1397 Templo
1018 1344 1226 1383 celebratis
1256 1340 1389 1380 lauda-

426 1413 493 1445 tus
526 1417 547 1443 e
577 1408 768 1455 suggestu
799 1402 871 1440 fuit
902 1411 970 1451 pro
998 1398 1194 1437 brevitate
1238 1399 1389 1445 tempo-

426 1462 479 1498 ris
508 1458 662 1497 erudita
691 1461 731 1495 et
760 1455 873 1494 docta
903 1454 1091 1492 oratione.
1135 1448 1245 1496 Quod
1284 1447 1387 1485 idem

427 1513 478 1551 illi
525 1511 694 1550 officium
740 1513 875 1559 postea
905 1506 1059 1557 egregio
1089 1502 1278 1554 persolvit
1316 1502 1389 1539 Lu-

1103 264 1125 307 .i⁴
1144 264 1188 300 0.
1239 261 1268 298 i)
1289 261 1320 299 O
1343 258 1392 297 M.

1444 255 1714 296 iiixffisii.

1450 327 1581 364 censis
1593 326 1868 364 Obscurorum
1894 322 2125 369 Academia,
2146 318 2286 358 deinde
2310 327 2418 364 vero,

1454 379 1570 430 idque
1602 380 1740 417 merito
1769 382 1809 414 et
1838 376 2080 415 cumulatius
2105 372 2314 413 Academia
2343 373 2417 410 Ec-

1451 433 1694 471 clesiasticae
1725 431 1921 477 historiae,
1951 439 2069 479 quam
2102 428 2139 464 in
2164 437 2237 464 sua
2256 426 2421 464 civitate·

1456 487 1630 525 Mansius
1661 489 1740 522 tam
1774 482 1934 534 provide
1966 482 2205 527 instituerat,
2249 483 2294 517 ut
2322 479 2418 517 scri·

1456 541 1534 589 ptis
1557 539 1640 577 suis
1670 542 1710 575 et
1733 535 1915 585 exemplo
1940 535 1988 572 ad
2014 544 2125 572 sacra
2154 530 2285 570 studia
2315 531 2420 570 exci-

1456 596 1560 630 taret
1604 600 1757 631 omnes,
1787 592 1832 627 ut
1866 591 2122 636 experrectae
2167 583 2417 634 potissimum

1458 644 1670 682 nobilitatis
1705 642 1860 690 ingenia
1892 639 2172 677 vehementius
2202 637 2422 676 inflamma-

1458 703 1517 734 ret
1548 698 1690 746 (atque
1745 694 1895 732 utinam
1925 702 2026 742 quae
2056 701 2079 729 a
2109 689 2322 728 maioribus
2361 700 2424 728 sa-

1457 751 1611 800 pienter
1642 748 1821 785 instituta
1846 749 1941 784 sunt
1965 743 2102 794 perdiu
2138 743 2424 788 retinerentur,

1459 802 1527 841 sed
1558 813 1602 840 ea
1632 801 1898 839 humanarum
1929 808 2062 836 rerum
2093 794 2266 841 conditio
2294 799 2357 834 est
2383 800 2428 834 ut

1459 856 1609 894 diutius
1638 855 1733 904 ipsis
1757 853 1976 891 consistere
2006 853 2076 889 aut
2104 850 2222 888 etiarn
2246 849 2426 886 existere

1462 910 1540 947 fere
1566 919 1641 946 non
1669 906 1820 954 liceat).
1850 905 1925 950 Qui
1955 904 1993 941 in
2026 901 2160 953 majori
2193 901 2231 940 S.
2271 901 2425 940 Martini

1462 962 1609 1012 templo
1635 959 1824 998 nonnulla
1850 957 1994 996 viderit
2014 959 2272 994 monumenta
2295 958 2425 992 erecta

1464 1020 1583 1065 atque
1602 1013 1800 1063 insculpta
1825 1011 1963 1061 elogia,
1979 1007 2205 1048 MANSIVM
2225 1007 2344 1046 huius
2365 1017 2430 1057 gc·
2492 1030 2494 1042 .

1465 1070 1570 1106 neris
1588 1069 1848 1105 monumento
1869 1064 2045 1102 caruisse
2063 1061 2192 1100 forsan
2213 1060 2430 1108 mirabitur3

1463 1121 1532 1159 sed
1565 1123 1868 1159 monumentum
1903 1127 1994 1155 aere
2026 1114 2259 1165 perennius,
2301 1123 2431 1163 neque

1465 1175 1543 1214 ullo
1574 1184 1751 1223 unquam
1783 1177 1961 1221 tempore
1992 1168 2246 1206 interituium
2293 1169 2434 1204 extant
2490 1194 2494 1202 ,

1461 1233 1520 1266 tot
1548 1232 1588 1265 et
1618 1232 1696 1264 tam
1723 1224 1911 1275 praeclari
1933 1222 2034 1270 libri,
2062 1230 2163 1271 quos
2183 1221 2350 1270 ipsemet
2364 1221 2434 1257 aut

1465 1280 1648 1331 perdocte
1675 1280 1847 1328 scripsit,
1867 1280 1935 1315 aut
1962 1273 2188 1326 pererudite
2208 1273 2435 1312 illustravit.

1465 1334 1679 1373 Subiiciain
1698 1337 1831 1370 tamen
1859 1330 1921 1368 hic
1944 1327 2257 1378 inscriptionem,
2279 1325 2436 1374 quaein

1465 1387 1649 1438 plumbea
1682 1385 1796 1423 theca
1825 1384 1979 1422 inclusa
2003 1392 2094 1420 cum
2125 1381 2213 1418 eius
2242 1378 2442 1418 cadavere

1467 1441 1540 1480 fuit
1570 1441 1607 1477 iii
1641 1439 1796 1478 tumulo
1825 1437 2015 1487 apposita.

1335 1642 1376 1679 D.
1408 1636 1452 1675 O.
1483 1638 1530 1674 M.

969 1738 1140 1773 ¹loannes
1170 1731 1400 1770 Dominicus
1429 1725 1587 1775 Josepiii
1619 1723 1754 1763 Mansii
1788 1721 1891 1759 iilius

1225 1784 1415 1822 Patricius
1448 1779 1635 1818 Lucensis

978 1844 1126 1880 Morum
1159 1839 1356 1877 suavitate,
1387 1833 1610 1872 innocentia
1639 1828 1872 1868 castimonia

1086 1893 1219 1931 Effusa
1252 1891 1288 1927 in
1320 1897 1514 1939 pauperes
1543 1883 1774 1923 liberalitate

1320 1941 1548 1980 Praeclarus

1113 1997 1345 2037 Eruditione
1375 1991 1743 2045 praestantissimus

1091 2054 1144 2090 Ue
1175 2053 1268 2100 Rep.
1297 2049 1389 2087 Litt.
1419 2047 1576 2096 Optime
1607 2043 1773 2081 meritus

984 2101 1313 2154 Areliiepiscopali
1337 2099 1498 2138 tandem
1525 2097 1714 2148 dignitate
1745 2098 1887 2133 auctus

1146 2157 1263 2195 Senio
1292 2159 1332 2192 et
1355 2153 1487 2191 labore
1516 2150 1724 2189 confectus

1303 2206 1409 2246 Obiit
1439 2206 1565 2243 Lucae

1157 2261 1204 2300 V.
1233 2261 1317 2300 Kal.
1347 2260 1434 2298 Oct.
1464 2255 1740 2296 MDCCLXlX.

951 2319 1056 2357 Vixit
1087 2317 1190 2355 Anu.
1223 2313 1414 2352 Lxxvii.
1446 2313 1555 2354 Mens
1583 2309 1683 2347 viii.
1713 2307 1807 2345 Dies
1837 2307 1921 2344 xii.

1477 2452 1578 2484 edidit
1601 2452 1641 2483 de
1666 2451 1784 2482 Mansii
1808 2449 1871 2479 vita
1897 2456 1913 2477 a
1936 2441 2300 2477 FRANCEscfflNio
2321 2440 2453 2478 Congu
2487 2436 2500 2447 '⁰

1480 2495 1598 2541 Matri-s
1620 2493 1683 2541 Dei
1707 2495 1900 2540 exaratum.
1931 2497 1974 2520 ex
2002 2493 2070 2536 quo
2092 2482 2349 2518 Commentario
2370 2480 2452 2512 aiio-
2483 2479 2490 2504 ἰ’

1481 2540 1550 2568 tam
1576 2538 1832 2574 inscriptionem
1856 2536 2105 2570 excerpsimus.

503 2466 550 2504 (fi)
570 2463 610 2495 l‘n
631 2462 889 2501 inscriptionem
907 2467 1003 2490 erior
1027 2465 1106 2487 sane
1124 2456 1212 2486 circa
1230 2452 1403 2484 Mensium

449 2514 635 2538 nnmerum
670 2504 824 2543 irrepsit,
849 2501 947 2532 scribi
983 2500 1074 2530 enim
1097 2497 1293 2528 debeiiisset
1318 2493 1404 2529 Vl!;

447 2549 507 2579 nisi
535 2557 616 2579 vero
640 2547 752 2586 potins
789 2551 921 2576 errasse
961 2542 1132 2572 venetum
1158 2536 1407 2579 typographum

449 2592 632 2621 dicendum
674 2588 731 2624 sit,
763 2587 819 2627 qui
857 2582 1074 2624 peramplum
1114 2577 1409 2612 commentarium

2441 3832 2447 3841 -
2430 3643 2449 3819 „Qi‘g-§iic
2430 3595 2445 3622 »ΓΑ
