2500 3841
829 223 1316 263 CORIOLANUS

59 295 256 334 GORDUS
291 293 561 339 SimesusiuS,
601 293 752 330 Hessos
773 324 780 341 ,
822 295 938 333 l'o'eta
977 300 1017 333 et

61 356 235 394 Medicus
254 354 474 400 excellens,
491 354 706 392 defunctus
722 355 886 393 Bremae
902 357 1017 396 1526.

58 419 146 456 Vita
176 417 264 466 ejus
301 418 349 456 ab
373 418 541 456 Henrico
566 417 772 454 Meibomio
798 420 1017 467 praemissa

13 471 18 475 ’
57 477 144 527 ejus
160 476 409 529 poematibus
432 477 549 516 editis
573 478 738 516 Helmst.
768 480 894 529 1614,
917 481 952 517 8.
980 481 1016 517 in

58 539 204 589 quibus
226 538 426 577 Nicandri
442 539 617 577 theriaca
644 545 684 578 et
700 540 1020 590 alexipharmaca

58 601 179 639 latino
202 600 356 639 reddita
392 603 581 639 carmine.
607 601 773 639 Videndi
811 604 931 640 etiam
970 602 1019 640 dc

57 661 196 714 eodem
219 661 406 700 Melchior
425 660 605 700 Adamus
630 663 666 700 in
697 662 937 701 Medicorum
964 665 1022 701 vi-

58 724 135 769 tis,
155 715 387 762 Joachimus
411 724 668 762 Camerarius
699 725 737 760 in
763 725 845 762 vita
870 725 1018 762 Eobani

62 786 203 834 Bessi,
225 787 419 824 Henricus
443 786 656 823 Pantaleon
681 789 775 823 tom.
808 787 864 835 ll,
890 797 1024 836 proso-

55 847 294 898 pographiae
317 858 403 898 pag.
425 848 514 886 163.
529 847 700 886 Jacobus
723 847 901 885 Gaddius
925 851 1018 885 tom.

56 909 99 955 I,
123 908 172 946 de
211 908 472 959 scriptoribus
500 919 578 946 non
604 909 924 956 Ecclesiasticis,
950 910 1020 946 Pe—

56 973 143 1008 trus
164 968 364 1008 Lotichius
401 970 440 1006 in
465 970 707 1008 Bibliotheca
731 971 884 1020 poetica
907 973 1019 1019 parte

58 1031 80 1068 3
96 1062 107 1079 ‚
132 1042 220 1082 pag.
249 1032 288 1070 41
336 1036 376 1070 et
400 1031 603 1082 Philippus
626 1032 756 1070 Julius
779 1031 1021 1080 Rehtmaye-

56 1103 126 1131 rus
145 1093 239 1131 hist.
261 1093 492 1131 Ecclesiast.
518 1095 727 1131 Brunsvic.
755 1097 849 1130 tom.
876 1093 954 1139 ΙΙΙ,
981 1103 1016 1141 p.

61 1154 138 1201 34,
163 1166 246 1205 seq.
272 1155 337 1193 ubi
373 1156 493 1193 etiam
517 1154 565 1192 de
601 1153 688 1203 ejus
710 1153 806 1192 Ana·
832 1152 1019 1192 Luthero-

58 1215 223 1267 mascz'fse
246 1221 286 1254 et
310 1215 565 1267 paraenetz'co
582 1227 656 1267 pro
680 1213 928 1266 aynoscencla
952 1215 1020 1252 Ve-

54 1288 106 1314 ra
129 1276 326 1328 Retiyione
355 1277 404 1316 ad
434 1278 623 1316 Carolum
649 1278 691 1315 V.
715 1278 1016 1327 Imperatorem.

55 1340 111 1376 De
133 1338 405 1389 Botanoloyico
421 1337 525 1388 ejus,
542 1337 700 1389 judicto
723 1337 769 1375 de
795 1335 947 1384 herbis,
973 1335 1020 1374 de

55 1399 201 1438 sudore
217 1399 400 1451 An9l2'00‚
423 1404 462 1438 et
485 1399 808 1438 conclusionibus
827 1397 873 1436 (le
887 1397 1020 1436 abusa

54 1462 289 1512 uroscopiae
326 1461 498 1500 adeundi
540 1461 805 1500 Bibliothecae
846 1460 1019 1499 Medicae

55 1525 296 1573 scriptores,
332 1527 372 1561 et
395 1523 594 1573 Josephus
618 1524 748 1561 Pitton
782 1522 1019 1560 Tournefort

49 1585 206 1636 isagoge
231 1586 269 1622 in
288 1596 371 1623 rem
394 1584 617 1622 herbariam
636 1613 644 1632 ,
669 1584 889 1633 praemissa
907 1583 1020 1620 insti-

53 1646 273 1685 tutionibus
296 1647 352 1684 rei
376 1645 585 1684 herbariae
609 1646 799 1695 praeclari
821 1645 908 1695 ejus
931 1644 1017 1682 viri.

54 1708 176 1745 Filius
210 1708 371 1757 Eurycii
401 1705 582 1746 Valerius
603 1706 800 1746 CORDUS
823 1707 1022 1757 praecoci-

52 1770 129 1807 bus
147 1769 475 1808 annumerandus
496 1767 688 1817 eruditis,
710 1770 777 1818 qui
802 1768 1017 1806 herbarum

54 1831 163 1868 vires
186 1829 420 1868 adolescens
445 1828 609 1867 senibus
624 1829 796 1867 traditur
811 1830 1022 1879 exposuis-

60 1902 127 1939 se,
154 1889 368 1929 defunctus
390 1891 538 1928 Romae
558 1889 632 1927 An.
660 1891 762 1928 4544
787 1892 929 1929 aetatis
953 1891 1017 1928 28.

56 1951 156 2002 Ejus
189 1952 340 2002 effigies
364 1956 405 1990 et
428 1952 598 2001 elogium
625 1953 664 1988 in
699 1952 877 1991 iconibus
900 1954 1019 1990 Joan-

56 2015 119 2051 nis
142 2014 327 2052 Sambuci
351 2025 461 2051 num.
499 2014 561 2051 51.
596 2013 685 2051 Vita
708 2014 812 2063 apud
836 2014 1019 2052 Melchio-

54 2086 139 2112 rem
162 2073 360 2112 Adamum
383 2075 422 2111 in
445 2073 605 2113 Medicis
629 2085 716 2124 pag.
742 2076 804 2113 19.
828 2076 884 2113 De
915 2075 1016 2112 notis

53 2134 143 2185 ejus
171 2134 213 2172 in
239 2134 507 2173 Dz‘oscorz'dem
522 2166 532 2183 ,
557 2134 854 2186 Dz‘spensatorz'o
871 2167 881 2184 ‚
921 2137 1017 2174 scri-

53 2198 212 2247 ptisque
252 2198 362 2244 aliis,
397 2196 596 2235 videndus
633 2198 808 2236 Joannes
844 2197 1014 2236 Jacobus

52 2259 261 2309 Mangetus
285 2259 325 2296 in
344 2257 589 2297 Bibliotheca
610 2257 760 2298 Medica
783 2263 879 2297 tom.
904 2260 918 2297 Ι
937 2288 946 2308 ,
975 2271 1012 2309 p.

108 2378 345 2420 Ambrosius
380 2381 726 2428 CORIOLANUS,
754 2383 852 2422 Vide
895 2394 1015 2434 supra

58 2454 144 2494 pag.
179 2444 243 2482 80.

111 2502 428 2544 CORIOLANUS
452 2505 590 2557 Capio,
613 2508 699 2545 sive
726 2506 936 2557 Cippz’cus,
966 2506 1015 2544 de

57 2577 135 2615 quo
157 2576 296 2616 supra,
312 2565 461 2605 CEPIO
478 2578 563 2617 pag.
582 2568 670 2606 341.
686 2568 784 2606 Vide
815 2569 870 2605 sis
894 2568 1013 2605 etiam

57 2626 302 2665 Ila-llervordi
337 2628 585 2677 spicilegium
607 2628 655 2666 de
678 2629 883 2666 Historicis
912 2629 1016 2667 Lati-

58 2690 120 2726 nis
139 2695 226 2739 pag.
251 2689 340 2726 699.

111 2750 376 2797 CORIPPUS,
403 2750 529 2798 infra,
553 2750 912 2791 CRESCENTIUS.

116 2813 258 2850 Petrus
280 2811 572 2860 CORISINUS,
612 2813 738 2861 infra,
769 2812 819 2851 de
854 2814 1018 2853 CORSI-

59 2874 141 2914 NIS

112 2933 390 2973 Bernarclinus
423 2935 605 2974 CORIUS
640 2936 756 2973 Marci
778 2936 922 2983 Filius,
947 2938 1015 2975 Pa-

59 2996 197 3035 tricius
219 2995 547 3045 Mediolanensis,
573 3007 595 3035 a
618 2997 756 3035 Vossio
781 2997 929 3035 Latinis
953 2999 1016 3035 lli-

0 3080 4 3086 ,
59 3058 215 3096 storicis
252 3061 515 3102 accensetur,
555 3058 647 3095 licet
691 3062 857 3095 noverat
881 3058 1014 3096 ltalicc

59 3119 107 3158 ab
135 3131 181 3158 eo
205 3119 394 3168 scriptam
419 3118 637 3157 Historiam
661 3117 1012 3166 Mediolanensem,

60 3192 161 3231 quae
182 3182 220 3219 in
245 3180 321 3220 An.
345 3181 447 3220 4499
487 3180 658 3226 desinit,
698 3185 738 3218 et
761 3180 941 3219 absoluta
966 3181 1014 3218 ab

60 3245 219 3281 auctore
243 3242 490 3294 propriisque
514 3242 714 3280 sumtibus
738 3241 842 3280 edita
857 3246 920 3279 est
940 3243 1016 3281 Me-

61 3303 204 3341 diolani
228 3302 304 3342 An.
329 3303 430 3342 ⁴503
451 3302 754 3353 quadragesimo
769 3304 933 3341 aetatis:
958 3316 1015 3342 re-

1985 226 2063 266 393

1093 308 1189 335 cusa
1214 297 1357 335 deinde
1381 295 1563 333 Johannc
1588 295 1707 333 Maria
1733 295 1892 333 Bonello
1916 305 2061 334 curan-

1092 363 1131 395 te
1155 360 1332 397 Venetiis
1358 359 1473 397 4554..
1501 362 1541 396 et
1572 358 1740 397 nimium
1764 358 1959 396 libertatis
1981 359 2055 396 sibi

1093 421 1348 470 permittente
1366 421 1402 458 in
1419 419 1634 458 alterandis
1658 420 1971 469 truncandisque
1988 432 2057 458 va-

1094 482 1162 518 riis
1184 482 1278 519 locis
1303 481 1537 520 Porcacchio
1566 482 1680 519 4565.
1700 485 1821 531 atque
1840 481 1930 519 indo
1944 483 2058 519 Pata-

1095 544 1148 580 vii
1171 542 1286 581 4646.
1308 542 1406 581 Vide
1435 543 1580 580 iterum
1603 544 1778 581 Diarium
1796 542 2055 581 Eruditorum

1096 605 1229 642 Italiae
1254 609 1347 642 tom.
1374 605 1532 651 XXIII,
1568 616 1655 653 pag.
1679 604 1780 651 385,
1817 615 1903 654 sqq.
1929 606 2061 642 llisto-

1096 667 1175 703 riae
1197 667 1282 703 sive
1307 664 1528 702 Annalibus
1541 664 1820 703 Mediolanens.
1840 665 2058 715 subjiciun—

1097 731 1163 764 tur
1190 726 1295 765 Vitae
1319 726 1611 775 Imperatorum
1643 737 1665 763 a
1688 727 1790 763 Julio
1816 728 1985 766 Caesare
2013 740 2057 766 u-

1097 799 1196 838 sque
1234 787 1282 825 ad
1311 786 1554 824 Fridericum
1580 786 1861 825 Barbarossam
1901 790 2058 826 Henrici

1095 851 1158 888 VI.
1184 851 1406 887 Parentem.
1431 848 1542 885 Vitas
1566 851 1702 885 autem
1727 860 1828 897 quas
1850 849 1953 887 idem
1983 851 2056 888 (20-

1095 912 1178 949 rius
1200 911 1381 960 promisit
1405 911 1615 947 Poetarum
1635 938 1643 955 ,
1675 909 1937 948 foeminarum
1970 912 2057 950 illu-

1095 973 1264 1020 strium,
1299 971 1712 1021 Philosophorumque
1737 970 1978 1009 Graecorum
2017 978 2057 1009 et

1094 1035 1325 1072 Latinorum
1350 1045 1560 1083 nunquam
1584 1034 1623 1070 in
1648 1033 1778 1071 lucem
1800 1032 1916 1071 datas
1936 1033 1985 1071 ab
2014 1046 2060 1071 eo

1093 1097 1333 1145 accepimus.
1370 1095 1485 1133 Corio
1514 1094 1780 1132 Mediolanum
1811 1105 1890 1131 non
1925 1097 2059 1132 minus

1093 1158 1237 1196 debere
1276 1168 1397 1207 quam
1438 1158 1548 1194 Livio
1584 1157 1749 1194 Romam
1776 1185 1783 1203 ,
1823 1157 1983 1207 scripsit
2022 1157 2060 1193 in

1093 1220 1206 1270 peplo
1237 1219 1372 1257 Italiae
1394 1219 1457 1257 lib.
1485 1220 1498 1257 1
1525 1248 1533 1266 ,
1555 1229 1638 1268 cap.
1666 1219 1726 1255 49.
1752 1219 1928 1256 Joaunes
1962 1219 2059 1257 Mat-

1093 1281 1237 1319 thaeus
1258 1282 1475 1319 Toscanus.
1494 1279 1627 1329 Atque
1646 1284 1690 1318 ut
1714 1284 1824 1318 recte
1852 1281 1993 1319 Jovius
2021 1281 2058 1317 in

1094 1343 1232 1393 elogiis
1261 1343 1416 1380 monuit
1435 1371 1442 1390 ,
1458 1353 1536 1380 non
1556 1342 1674 1380 debet
1689 1342 1821 1391 stylus
1844 1343 2062 1391 ,impolitior

1095 1405 1318 1443 auctoritati
1345 1404 1532 1442 historiae
1563 1403 1651 1453 ejus
1676 1403 1912 1452 detrahere,
1943 1415 2065 1453 quam

1095 1466 1194 1504 fides
1218 1470 1258 1503 et
1282 1477 1414 1504 rerum
1441 1466 1533 1503 alibi
1556 1476 1634 1503 non
1659 1465 1866 1503 obviarum
1892 1466 1925 1513 a)
1949 1467 2062 1516 copia

1095 1526 1361 1566 commendat.
1381 1527 1435 1564 De
1453 1527 1647 1564 Johannis
1666 1527 1775 1564 Pauli
1799 1527 2060 1565 Mazzuchelli

1095 1590 1375 1628 dissertatione
1400 1588 1645 1639 apologetica
1681 1599 1751 1638 pro
1776 1587 2062 1626 Mediolanensi

1095 1651 1168 1689 hoc
1192 1651 1386 1689 Historico
1410 1654 1550 1688 contra
1570 1651 1857 1699 Hieronymum
1894 1650 2034 1688 Vidam
2054 1679 2062 1697 ,

1094 1724 1216 1762 quam
1246 1712 1321 1750 sub
1346 1713 1506 1749 nomine
1530 1712 1632 1749 Justi
1658 1711 1913 1749 Vicecomitis
1937 1710 2063 1748 edidit

1093 1774 1273 1824 Bergomi
1296 1772 1418 1821 4742,
1434 1774 1470 1810 8.
1497 1772 1588 1811 vide
1607 1774 1784 1811 Diarium
1799 1773 2060 1811 Ernditorum

1094 1836 1229 1873 Italiae
1254 1839 1349 1872 tom.
1372 1835 1426 1872 IX
1447 1864 1454 1882 ,
1479 1845 1567 1884 pag.
1593 1835 1670 1872 294
1697 1838 1737 1872 et
1763 1833 1863 1872 Acta
1879 1835 2065 1873 Erudito-

1095 1908 1184 1935 rum
1209 1895 1284 1934 An.
1312 1895 1439 1943 1712,
1461 1907 1547 1945 pag.
1571 1896 1662 1934 50⁶2.

1146 1957 1335 2008 *Optime
1352 1957 1449 1995 haec
1471 1957 1603 1994 omnia
1627 1957 1844 2003 Fabricius,
1860 1957 1929 1995 sed
1950 1962 2064 1996 extra

1092 2031 1209 2058 suum
1238 2020 1380 2057 locum.
1419 2020 1515 2057 Nam
1556 2018 1862 2056 Mediolanensis
1898 2019 2062 2058 historia

1090 2081 1323 2119 Bernardini
1347 2081 1452 2120 Corii
1478 2081 1605 2118 Latini
1633 2080 1730 2118 nihil
1755 2080 1875 2118 habet
1905 2085 2062 2130 praeter

1090 2143 1263 2181 titulum.
1281 2144 1339 2181 Ita
1363 2143 1513 2192 parit-er
1530 2143 1636 2180 vitae
1654 2142 1943 2192 Imperatorum
1963 2153 2062 2179 non-

1091 2205 1166 2242 nisi
1202 2204 1336 2242 Italice
1372 2205 1542 2254 scriptae
1580 2207 1676 2241 sunt
1713 2214 1735 2240 a
1774 2203 1899 2241 Corio.
1933 2202 2062 2247 Quare

1090 2267 1259 2316 scriptor
1297 2266 1372 2304 iste
1408 2277 1431 2304 a
1469 2265 1621 2304 Latinis
1660 2264 1921 2315 scriptoribus
1944 2264 2061 2314 plane

1089 2328 1262 2366 alienum
1287 2332 1362 2366 est.

1144 2390 1206 2438 (83
1230 2390 1339 2428 Nova
1363 2391 1556 2428 Historiae
1576 2389 1694 2428 huius
1715 2389 1834 2427 editio
1850 2385 1963 2430 juxta
1985 2391 2062 2439 pri-

1091 2462 1196 2489 mam
1222 2451 1265 2488 fit
1288 2452 1495 2489 Mediolani
1521 2451 1595 2489 hoc
1620 2453 1704 2500 ipso
1729 2462 1833 2488 anno
1861 2449 1976 2488 1857.
1997 2450 2006 2496 >

1143 2510 1378 2550 Adamusde
1388 2512 1658 2550 CORLADON
1675 2512 1906 2549 Canonicus
1924 2512 1963 2547 B.
1982 2511 2060 2548 Ma-

1089 2574 1169 2610 riae
1195 2572 1472 2610 Laudunensis
1492 2576 1533 2609 et
1552 2573 1737 2609 Decanus
1757 2573 1860 2608 circa
1882 2570 1926 2608 Α.
1953 2571 2055 2608 4200

1090 2635 1249 2684 scripsit
1271 2632 1534 2670 Ordz'narium
1566 2632 1792 2678 Ecclesiae,
1820 2633 1905 2667 sive
1940 2630 2057 2668 Ordi-

1087 2707 1175 2733 nem
1194 2694 1330 2732 De'vz'm'
1350 2693 1477 2746 Officii
1500 2693 1538 2730 in
1565 2692 1742 2730 Ecclesia
1767 2691 2025 2730 Lazcdanensi
2038 2706 2047 2729 .·

1090 2755 1242 2793 editum
1261 2756 1309 2792 ab
1333 2754 1504 2792 Antonio
1526 2755 1687 2802 Belloto,
1706 2753 1960 2791 Laudunensi
1977 2754 2051 2791 De-

1090 2827 1187 2854 cano
1211 2827 1302 2854 cum
1327 2815 1458 2865 ampla
1481 2814 1727 2853 additionum
1755 2815 1949 2863 farragine
1988 2815 2057 2851 Pa-

1094 2879 1196 2915 risiis
1230 2877 1354 2924 4662,
1386 2876 1448 2913 fol.
1481 2876 1503 2913 ⁶2
1535 2875 1826 2913 VolumiuibuS.
1859 2874 2050 2924 Ejusdem

1091 2938 1320 2978 Corladonis
1348 2936 1490 2975 variae
1527 2935 1799 2987 qaaestionam
1826 2935 1866 2973 in.
1889 2945 2051 2973 sacram

1089 2999 1344 3050 Scrz'pturam
1367 2997 1579 3036 solutiones
1604 2998 1732 3036 tribus
1758 2999 1795 3035 in
1820 2998 1908 3035 folio
1933 2997 2051 3034 Volu-

1144 3118 1176 3154 a)
1200 3119 1317 3149 Jovius
1342 3125 1416 3157 pag.
1443 3117 1513 3149 115.
1535 3117 1620 3155 elog.
1644 3118 1682 3147 in
1707 3117 1918 3147 enerrandis
1935 3116 2054 3155 rebus,

1082 3168 1206 3208 quibus
1247 3168 1321 3206 ipse
1360 3166 1549 3205 interfuit,
1575 3165 1644 3206 [1110
1668 3170 1700 3196 ct
1725 3166 1916 3206 dlli'yenti'a
1942 3167 2055 3196 ma'rus

1082 3217 1314 3256 ayn-ascitur,
1339 3216 1481 3255 quando
1506 3224 1583 3245 eum
1608 3215 1644 3245 in
1669 3215 1753 3245 mila
1778 3216 1962 3254 splendide
1981 3224 2058 3246 ver-

1083 3270 1221 3296 sontem
1236 3270 1267 3296 et
1285 3274 1329 3295 ea:
1346 3265 1554 3295 secretioris
1572 3264 1710 3294 archivi
1729 3264 1834 3303 copia
1853 3268 2053 3304 opportune

1090 3314 1255 3353 adjutum
1272 3338 1281 3352 ,
1304 3322 1478 3354 nusquam
1505 3322 1641 3345 arcana
1667 3312 1843 3352 fallerent.
