2500 3841
863 232 1383 272 ENGELMODUS

177 300 304 340 Guido
324 299 373 338 de
388 298 605 347 Columnis,
630 298 678 337 de
698 299 801 338 bello
825 301 1005 351 Trojano.
1027 303 1090 342 Ci-

125 367 246 411 tatur‚
270 362 335 402 ubi
353 360 403 400 de
427 360 557 411 Troja.

175 424 365 477 Ejusdem
387 423 583 464 Chronica
612 425 907 465 Britannorum.
934 427 1090 466 Citatur

123 489 162 526 in
186 487 436 526 Praefatione
460 485 660 525 Auctoris.

177 549 448 589 Hebraeorum
473 548 736 588 Traditiones.

175 611 436 651 Helinandus.

173 674 370 714 Henricus
393 674 510 712 Rosla
529 673 842 723 Nienborgensis
871 675 1001 713 Poeta.
1026 675 1091 714 Ci-

120 740 230 777 tatur
249 736 289 774 in
308 737 556 775 Praefatione
577 735 778 784 Auctoris,
800 736 891 775 alibi
912 739 1076 788 passim.

177 800 411 850 Hieronymi
436 798 645 838 Chronica.

174 863 360 903 Hilarius.

173 925 348 965 Historia
371 923 619 963 Scholastica
649 923 908 964 Comestoris.

174 990 386 1028 Homerus.

173 1052 334 1091 Honorii
359 1050 530 1090 Solitarii
552 1050 726 1089 Historia
749 1051 952 1089 solemnis.
978 1053 1094 1090 Prae-

122 1114 191 1153 fat.
211 1112 410 1152 Auctoris.
433 1112 556 1152 Citari
582 1111 685 1151 solet
710 1112 845 1152 littera
866 1114 910 1152 H.

175 1176 337 1215 Honorii
354 1175 525 1213 Solitarii
542 1185 700 1225 gemma
716 1176 872 1214 animae
894 1189 901 1214 :
926 1176 964 1213 in
980 1176 1097 1214 Prae-

127 1239 287 1278 satione.

175 1302 288 1353 Hugo
303 1301 567 1339 Floriacensis
587 1331 595 1349 ‚
622 1300 661 1337 in
685 1300 854 1339 Praefat.

168 1365 282 1415 Hugo
300 1362 609 1414 Bambergensis
628 1363 667 1401 in
682 1364 855 1402 Historia
869 1364 1094 1403 Poetarum.

122 1426 221 1467 Vide
263 1424 481 1466 Auctorem
520 1425 597 1464 sub
637 1424 845 1476 Rodulpho
892 1426 1097 1466 Habsbur-

125 1500 373 1592 gedlgachlmi
393 1550 560 1591 Abbatis
580 1552 799 1603 prophetia.

176 1614 307 1654 Jorad.

178 1677 354 1727 Jordani,
373 1678 551 1729 Magistri
575 1678 784 1717 Generalis
804 1677 966 1716 Ordinis
982 1679 1097 1717 Prae-

124 1739 363 1789 dicatorum,
386 1739 584 1779 Chronica
604 1739 653 1779 de
676 1740 888 1779 Germanis
910 1741 1097 1793 Regibus.

124 1803 181 1841 De
204 1813 251 1840 eo
271 1800 423 1841 Auctor
444 1803 482 1840 in
508 1803 697 1853 Gregorio
720 1803 788 1841 IX.

174 1864 389 1915 Josephus.

179 1927 384 1966 IrenaeuS.

178 1989 315 2028 Isidori
339 1990 445 2029 Libri
461 1989 823 2041 Etymologiarum.

176 2052 311 2091 Julius
331 2051 490 2091 Celsus.

177 2114 354 2154 Libellus
375 2116 494 2154 Mosis
518 2119 658 2153 contra
681 2115 817 2154 Belial.

177 2177 294 2216 Liber
316 2177 502 2216 Virorum
528 2177 748 2217 illustrium
770 2177 932 2218 Ordinis
949 2180 1100 2219 Cister-

132 2239 297 2278 ciensis.

180 2303 381 2342 Lucanus.

176 2363 416 2404 Methodius.

178 2427 308 2467 Orosii
331 2427 620 2468 Ecclesiastica
642 2429 824 2468 Historia.

179 2487 362 2528 Ovidius.

179 2551 323 2591 Petrus
345 2553 578 2593 Damianus.

182 2612 306 2652 Philo.

186 2675 314 2715 Plauti
343 2677 516 2717 Comoed
525 2679 595 2716 iae.

181 2739 338 2788 Poma,
356 2739 511 2779 Aurora
535 2741 642 2779 Petri
664 2740 713 2779 de
737 2741 846 2792 Riga.
870 2742 926 2781 Do
950 2753 996 2781 eo
1021 2742 1102 2782 Au-

132 2804 218 2839 ctor
246 2802 323 2840 sub
351 2800 565 2842 Anastasio
588 2802 651 2841 IV.

185 2864 342 2902 Poetria
361 2875 466 2902 nova
490 2863 679 2903 Gaufredi
706 2864 782 2903 sub
811 2865 965 2904 Calixto
991 2867 1036 2905 11.

182 2925 365 2974 Prosperi
391 2925 601 2964 Chronica.

186 2985 382 3025 Ruffinus.

193 3048 423 3088 Sallustius.

187 3110 354 3150 Seneca.

189 3173 452 3224 Septuaginta
475 3173 734 3224 Inter-protos.

190 3235 363 3275 Solinus.

189 3298 351 3337 Statuta
375 3299 679 3350 Imperatorum.

191 3360 436 3400 'l'heodulitz

2038 240 2111 279 511

1218 305 1487 345 Theodoricus
1510 307 1559 345 dc
1583 307 1709 345 Niem.

1217 368 1410 407 Theodori
1436 370 1557 420 Longi
1581 370 1630 409 de
1651 369 1842 410 Eimbeke
1868 372 2022 412 Po'ema.

1219 431 1373 481 Trogus
1404 430 1629 483 Pompejns.

1217 494 1381 543 Turpini
1403 495 1614 534 Remensis
1635 496 1831 537 Chronica
1855 499 2112 539 Francorum.

1217 556 1266 593 M.
1292 555 1515 605 Tydericus
1546 559 1687 597 minor.
1709 559 1806 599 Vide
1833 562 1870 599 in
1903 561 2130 602 Alexandro

1166 617 1230 655 lli.
1253 616 1421 656 Videtur
1441 629 1517 655 non
1540 629 1630 658 esse
1654 620 1756 659 alius
1780 634 1800 661 a
1819 623 2062 664 Theoderico
2082 624 2131 664 de

1164 679 1292 716 Niem.

1218 740 1369 779 Versus
1394 742 1617 781 Variorum.

1217 802 1413 840 Vincentii
1443 804 1662 854 Speculum
1689 808 1911 849 Ilistoriale.

1219 863 1422 915 Virgilius.

1218 925 1309 964 Vita
1332 927 1370 965 S.
1401 928 1705 969 Hermachorae.
1732 933 2036 986 (Hermagorae.)

1220 987 1464 1028 Wilhelmus
1489 991 1736 1031 Parisiensis.

1219 1051 1562 1092 ENGELMODUS
1577 1054 1802 1108 Episcopus
1818 1058 2134 1112 Svessionensis,

1168 1113 1285 1164 cujus
1314 1126 1474 1154 carmen
1507 1118 1664 1167 epicum
1691 1120 1728 1158 in
1766 1121 1905 1161 laudes
1935 1125 2134 1164 Paschasii

1169 1177 1346 1216 Ratberti
1362 1209 1373 1226 ,
1398 1178 1563 1218 Abbatis
1587 1181 1864 1232 Corbejensis⁷
1890 1197 2011 1236 quem
2043 1198 2137 1226 con-

1171 1243 1251 1277 stat
1275 1239 1380 1278 diem
1410 1241 1556 1281 obiisse
1594 1254 1829 1294 supremum
1870 1247 1944 1287 An.
1984 1250 2137 1289 CHristi

1172 1301 1241 1341 851
1276 1302 1402 1341 edidit
1425 1315 1518 1343 cum
1542 1306 1718 1344 Ratberti
1740 1309 1876 1359 scripti
1901 1310 2138 1352 Sirmondus

1170 1365 1330 1403 Parisiis
1350 1366 1466 1414 1618,
1488 1367 1551 1406 fol.
1578 1379 1766 1408 recusum
1792 1372 1882 1411 inde
1911 1374 1949 1412 in
1975 1376 2135 1415 Patrum

1170 1425 1426 1467 Bibliothecis
1454 1433 1494 1467 et
1521 1432 1740 1471 novissima
1761 1435 2019 1486 Lugdunensi
2043 1442 2137 1477 tom.

1170 1489 1274 1527 XIV.
1303 1501 1389 1541 pag.
1415 1493 1492 1532 353
1509 1525 1519 1541 ,
1547 1495 1636 1533 354.

1222 1552 1587 1596 ENGOLIMENSE
1615 1559 1648 1607 a)
1674 1559 1898 1601 Chronicon
1932 1563 2055 1602 breve
2093 1564 2142 1602 ab

1169 1612 1243 1652 An.
1266 1615 1419 1656 CHristi
1442 1619 1518 1658 814
1554 1620 1603 1660 ad
1639 1622 1706 1661 991
1742 1623 1781 1660 in
1818 1625 1961 1663 Labbei
1999 1625 2142 1664 Biblio-

1170 1675 1288 1716 theca
1311 1680 1419 1719 MSS.
1442 1686 1540 1720 tom.
1561 1695 1649 1735 pag.
1673 1685 1860 1725 323-325.

1221 1740 1394 1790 Maynus
1414 1743 1536 1784 Feliae
1552 1746 1824 1798 ENNODHJs,
1845 1749 2052 1801 Arnulpho
2073 1752 2144 1789 Lc-

1171 1802 1354 1841 xoviensi
1385 1804 1421 1853 b)
1460 1812 1621 1858 propter
1637 1809 1924 1850 obscuritatem
1941 1811 2142 1861 Innodius,

1168 1863 1400 1904 Bernhardo
1425 1868 1548 1908 Sacco
1571 1870 1820 1921 AEnnodz'us,
1845 1874 2072 1926 Episcopus
2095 1877 2144 1915 ab

1171 1925 1248 1963 An.
1266 1928 1335 1967 511
1364 1929 1412 1967 ad
1430 1930 1520 1969 5211.
1543 1932 1780 1983 TicinensiS,
1799 1935 2016 1976 defunctus
2038 1949 2143 1977 anno

1174 1991 1317 2028 aetatis
1354 1992 1527 2031 XLVIII.
1568 1995 1623 2033 De
1663 1996 1727 2035 illo
1767 1997 1867 2037 Acta
1905 2000 2144 2040 Sanctorum

1174 2055 1269 2089 tom.
1297 2053 1332 2090 4.
1361 2054 1453 2093 Julii
1494 2055 1554 2094 17.
1599 2069 1685 2108 pag.
1726 2059 1796 2099 ⁶274
1823 2092 1833 2107 ,
1876 2072 1987 2112 seqq.
2029 2063 2144 2102 Varia

1176 2115 1342 2165 scripsit
1375 2128 1499 2156 versu
1524 2123 1563 2156 et
1584 2131 1727 2170 prosa,
1753 2134 1923 2172 quorum
1957 2125 2148 2176 pleraquc

1176 2175 1285 2215 edita
1316 2178 1354 2215 in
1384 2178 1784 2233 Orthodoxographis
1814 2184 1888 2223 An.
1922 2187 2023 2225 1569
2053 2191 2149 2226 tom.

1174 2239 1208 2276 1.
1239 2250 1326 2290 pag.
1348 2240 1526 2280 269-480
1553 2248 1593 2282 et
1613 2245 1661 2283 ab
1681 2245 1842 2286 Andrea
1867 2248 2032 2288 Schotto
2055 2252 2150 2290 Tor-

1175 2301 1262 2338 naci
1295 2302 1395 2341 1610
1421 2304 1491 2342 sed
1514 2306 1814 2357 emendatiora,
1839 2312 2098 2362 auctioraque
2128 2326 2149 2352 a

1174 2362 1319 2401 Jacobo
1343 2364 1581 2417 Sirmondo,
1606 2370 1766 2409 Parisiis
1793 2372 1887 2412 1611
1914 2403 1921 2422 ,
1948 2375 1984 2412 8.
2010 2375 2058 2414 ad
2086 2378 2151 2416 Ni-

1175 2425 1332 2464 colaum
1373 2428 1578 2479 Fabrum⁷
1612 2443 1703 2471 cum
1739 2434 1911 2473 eruditis
1949 2438 2083 2485 notis,
2110 2443 2150 2477 ct

1176 2489 1272 2524 tom.
1294 2489 1326 2525 1.
1343 2489 1738 2546 Ορθπυῐηβῐηῃοῃᾶί
1753 2495 1927 2546 junctim
1951 2497 2148 2538 editorum

1176 2549 1335 2588 Parisiis
1375 2552 1477 2590 1696
1515 2559 1637 2606 atque
1674 2557 1763 2595 inde
1801 2559 1976 2597 Venetiis
2022 2560 2147 2599 1729.

1178 2611 1240 2649 sol.
1266 2612 1423 2652 Recusii
1448 2615 1613 2664 quidem
1647 2619 1767 2657 ctiam
1808 2625 1904 2659 sunt
1941 2622 1979 2659 in
2007 2622 2150 2662 Biblio-

1177 2673 1306 2712 thecis
1327 2676 1489 2714 Patrum
1512 2679 1805 2720 l‘arisiensibus
1831 2684 2119 2724 recentioribus
2136 2718 2146 2734 ,

1177 2734 1404 2775 Coloniensi
1429 2743 1469 2776 et
1497 2740 1752 2791 Lugdunensi
1788 2755 1837 2782 ex
1863 2744 2060 2784 Sirmondi
2087 2759 2147 2786 re-

1176 2799 1382 2847 censione,
1417 2799 1486 2838 sod
1513 2803 1618 2840 notis
1642 2802 1730 2854 ejus
1755 2806 1927 2844 omissis.
1954 2808 2145 2848 Versibus

1177 2861 1325 2910 scripta
1364 2866 1483 2900 sunt:
1521 2865 1629 2903 XXI.
1670 2866 1907 2905 Carminum
1940 2869 2064 2919 liber,
2106 2873 2144 2910 in

1177 2933 1255 2972 quo
1290 2924 1542 2964 Itinerarium
1580 2929 1845 2979 Brigantionis
1882 2931 2067 2980 castelli3
2104 2939 2144 2972 ct

1178 2984 1317 3034 hymni
1343 2988 1441 3024 varii
1465 2998 1509 3026 ac
1543 2989 1708 3028 laudes:
1733 2995 1817 3030 tum
1860 2993 1973 3031 Liber
2008 2994 2146 3046 Epita-

1173 3046 1362 3098 phz'orzcm
1385 3053 1506 3099 atquo
1522 3051 1875 3102 Epi'yranmzatum
1897 3056 1988 3095 CLI.
2007 3058 2147 3098 Caete-

1232 3226 1265 3266 :i)
1288 3228 1522 3267 Anyoni'esme
1538 3230 1570 3260 in
1590 3232 1770 3269 Aquitania
1789 3232 1921 3272 Galliae,
1934 3234 1996 3266 sub
2011 3237 2149 3269 Archio-

1171 3277 1254 3315 pisc.
1279 3276 1453 3316 nurdegai.

1233 3326 1268 3365 b)
1293 3329 1431 3358 Joannis
1455 3328 1562 3362 (misr.
1586 3329 1707 3362 Olcurii
1731 3331 1888 3365 Bibliotli.
1912 3336 2068 3375 scriptor.
2090 3346 2149 3370 nc-

1173 3376 1249 3407 ‹fli-s.
1276 3385 1351 3416 pag.
1380 3380 1452 3410 5232).
