2500 3841
0 3269 2 3358 l

970 206 1000 243 E
1022 205 1050 244 C
1072 205 1107 243 D
1129 206 1143 244 1
1163 205 1191 244 C
1213 206 1227 244 l
1250 204 1280 242 U
1304 205 1329 240 S
2082 205 2160 243 493

158 279 252 317 4564
275 307 284 326 ,
310 279 411 317 4582
430 308 442 326 ,
477 279 573 316 4594
608 308 616 326 ,
657 279 786 326 4644,
832 279 892 317 fol.
932 284 972 318 et
1009 279 1115 329 quod
1188 274 1373 325 Episcopi
1398 273 1578 312 defuncti
1602 273 1640 322 d)
1676 273 1753 312 An.
1776 273 1884 321 709,
1912 274 1974 313 42.
1999 274 2159 313 Octobr.

156 341 240 391 ipse
260 341 379 379 etiam
410 351 488 378 non
518 341 653 378 omisit
677 340 823 379 addere
849 341 886 378 in
913 341 1117 380 luculenta

156 412 228 440 sua
270 400 442 440 editione
474 413 627 452 nupera
655 402 705 441 ad
733 403 842 441 MSto
871 401 1041 441 Codices
1078 406 1119 440 et

155 467 316 502 veteres
355 462 551 502 editiones
596 465 796 503 recensita
841 464 1119 512 illustrataque

153 524 223 563 Vir
249 525 693 569 Jurisconsultissimus
726 528 770 564 D.
816 526 985 565 Carolus
1023 526 1122 564 Wil-

154 586 314 626 helmus
344 587 606 636 Gaertnerus,
638 590 795 638 Lipsiae
826 588 953 636 4732,
985 588 1046 626 fol.
1072 587 1121 625 de

153 659 232 698 qua
256 646 420 698 juvabit
463 650 674 688 consulere
719 650 818 688 Acta
860 649 1120 689 liruditorum

151 709 226 749 An.
253 709 369 750 4733.
395 722 483 762 pag.
510 711 580 759 47,
608 723 691 762 seq.
717 712 844 750 Habet
867 713 988 750 etiam
1020 712 1125 749 Lati-

153 783 250 810 num
271 771 460 822 junctum
499 773 628 812 tribus
658 773 938 818 Germanicis,
969 773 1125 811 duobus

153 832 316 884 quidem
347 835 453 884 stylo
490 836 686 874 Saxonico
729 837 885 883 veteri,
921 841 962 874 et
1006 836 1125 874 tertio

151 897 374 935 recentiore
405 898 450 936 D.
487 898 659 937 Jacobus
688 897 913 938 Fridericus
952 897 1127 936 Ludovi-

153 970 226 999 cus
247 987 257 1006 ,
280 960 603 999 Jurisconsultus
629 961 828 999 Hallensis
846 992 857 1008 ,
886 959 1005 1009 cujus
1032 960 1127 1009 Spe-

151 1021 291 1060 culum
309 1021 554 1061 Saxonicum
573 1023 706 1061 lucem
745 1022 846 1061 vidit
861 1022 979 1061 Halae
997 1020 1099 1060 4720
1119 1050 1126 1068 ,

152 1082 190 1121 [ι.
220 1083 278 1121 De
307 1088 471 1122 auctore
500 1085 727 1135 glossarum
752 1085 797 1123 D.
822 1083 1052 1137 Burchardo
1077 1083 1125 1121 de

149 1144 399 1195 Mangelfeld,
417 1146 506 1184 aliis
522 1146 762 1185 editionibus
793 1146 976 1198 pluribus
1000 1156 1124 1196 quam

150 1207 318 1258 viginti,
335 1206 441 1246 idem
463 1208 689 1247 Ludovicus
710 1213 750 1247 et
769 1209 1014 1247 Gaertnerus
1033 1219 1126 1246 con-

153 1269 233 1308 suli
264 1273 461 1320 possunt,
492 1281 668 1320 quarum
697 1272 1000 1322 antiquissimae
1030 1274 1126 1308 sunt

150 1331 394 1370 Basileensis
425 1330 542 1371 4474.
561 1343 697 1386 quam·
713 1338 876 1373 secutae
899 1332 974 1372 An.
1003 1332 1123 1373 4482.

151 1393 325 1445 August.
357 1394 460 1434 4546
489 1398 531 1433 et
564 1393 678 1446 Wolfi
701 1395 879 1435 Lossenii
905 1397 1010 1446 Lips.
1043 1395 1121 1433 An.

156 1457 274 1496 4545.
317 1456 468 1495 Omitto
504 1456 679 1496 Eckonis
720 1457 942 1498 Chronicon
968 1459 1119 1505 breve,

149 1517 268 1568 cujus
291 1520 524 1557 versionem
549 1518 831 1559 Germanicam
869 1520 994 1559 edidit
1030 1519 1121 1559 Cla—

156 1582 247 1619 riss.
275 1580 532 1620 Menckenius
552 1586 648 1620 tom.
673 1582 710 1621 3.
735 1594 822 1634 pag.
848 1582 1039 1622 350-359.

203 1641 370 1682 Alcinus
384 1643 626 1683 ECDICIUS
647 1643 804 1694 Avitus,
827 1656 949 1696 supra
974 1646 1013 1682 in
1038 1643 1122 1683 AL-

149 1705 281 1754 CMO,
306 1709 403 1744 tom.
429 1708 464 1746 4.
489 1718 578 1758 pag.
605 1708 668 1746 54.

204 1766 455 1808 Claudianus
502 1769 740 1808 ECDICIUS
784 1770 1043 1817 Mamertus,
1080 1769 1118 1807 in

151 1829 445 1870 CLAUDIANO
469 1835 566 1870 tom.
589 1833 624 1870 4.
651 1843 738 1882 pag.
760 1832 855 1870 355.

208 1891 699 1943 ThomasECKLESTON,
709 1894 865 1946 (vitiose
883 1893 1130 1944 quibusdam

147 1953 328 2003 Ecleson)
359 1954 539 2006 Anglus,
580 1955 740 1994 Ordinis
778 1958 981 1996 Minorum
1021 1958 1131 1995 circa

145 2017 308 2056 Annum
325 2017 428 2056 4340
455 2018 504 2056 3(1
523 2019 729 2058 Simonem
746 2018 794 2057 de
810 2019 982 2069 Esseby,
1005 2020 1131 2057 Fran-

147 2081 355 2118 ciscanum
374 2109 384 2128 ,
411 2080 572 2130 scripsit
599 2080 824 2120 Chronicon
862 2080 910 2120 de
947 2081 1127 2132 oriqz'ne,

151 2140 406 2180 incrementis
421 2145 460 2180 et
476 2153 666 2182 successu
685 2143 837 2182 ordinis
851 2143 1122 2182 Franciseani

149 2203 191 2242 in
211 2202 358 2255 Anylia
376 2204 425 2243 ab
447 2204 629 2244 adventu
651 2204 808 2256 Agnelli
833 2207 870 2254 a)
896 2206 1027 2244 Pisani
1060 2217 1127 2244 us-

147 2277 228 2317 que
255 2265 304 2305 ad
339 2270 520 2317 tempora
547 2267 736 2306 Guilelmi
758 2269 1019 2319 Nottingamii
1041 2298 1049 2317 ,
1080 2268 1116 2317 b)

149 2328 310 2368 Ordinis
344 2329 571 2378 Minorum,
597 2331 636 2368 in
668 2329 815 2381 Anglia
850 2331 1119 2370 Provincialis.

151 2390 258 2442 Opus
285 2394 345 2429 est
366 2420 375 2438 ,
404 2392 534 2441 inquit
567 2393 613 2442 V,
637 2393 699 2431 58.
724 2393 783 2431 Jo.
807 2393 964 2440 Baleus,
988 2394 1123 2431 instar

150 2451 248 2492 libri
261 2452 593 2506 Conformz'tatum
612 2452 912 2493 Bartholomaei
928 2454 1069 2493 Pisani
1087 2456 1120 2502 c)

151 2514 241 2554 licet
261 2514 484 2566 quantitate
516 2515 675 2563 minus,
700 2514 879 2568 fabulis,
903 2515 1123 2555 mendaciis

148 2588 197 2615 ac
228 2575 483 2628 blasphemiis
504 2577 680 2629 plenum.
718 2577 913 2627 Ejusdem
945 2578 1121 2617 Thomae

156 2644 404 2679 memoratur
427 2641 623 2690 scriptum
648 2641 820 2679 alterum
846 2639 893 2678 de
917 2639 1123 2692 impuqna-

150 2699 251 2740 tione
267 2712 346 2752 per
367 2701 649 2740 Dominicanos
677 2701 781 2740 facta
805 2700 880 2739 An.
908 2702 1025 2740 4269.

197 2762 426 2815 Stephanns
446 2763 648 2812 EDDIUS,
673 2764 759 2801 sive
780 2763 1000 2803 IIEDDIUS
1018 2793 1026 2811 ,
1045 2766 1123 2803 Mo-

151 2825 311 2864 nachus
348 2829 390 2862 et
427 2824 643 2874 Presbyter
681 2826 984 2864 Cantuariensis
1018 2827 1121 2865 circa

149 2885 312 2924 Annum
345 2885 422 2924 720
458 2887 620 2936 scripsit
648 2886 775 2925 Vitam
809 2888 851 2926 S.
887 2886 1068 2939 wilfridi
1088 2889 1119 2927 I.

156 2947 421 2986 Eboracensis
443 2978 452 2996 ,
484 2953 605 2998 atque
643 2948 734 2987 inde
793 2949 1122 2999 IIagustaldensis

204 3080 239 3117 a)
266 3081 317 3110 lta
341 3084 431 3112 recte
448 3080 649 3120 Waddingus
664 3089 739 3121 pag,
753 3082 827 3114 524.
847 3082 1033 3119 Lemnum,
1051 3081 1131 3114 alii-

143 3138 208 3170 que
228 3141 237 3161 :
260 3130 351 3170 apud
375 3131 524 3161 Pitseum
551 3139 629 3171 pag.
648 3131 722 3163 442.
741 3134 853 3163 minus
876 3132 961 3163 bene
977 3132 1129 3171 Aquelli.

206 3179 247 3220 b)
272 3178 368 3220 Apud
392 3178 574 3210 Lelanduin
598 3189 671 3220 cap.
689 3181 762 3213 284.
780 3181 1042 3221 διιοείηραηιίἱ,
1061 3183 1124 3213 Vos

146 3231 235 3262 sium
261 3237 339 3269 pag.
363 3228 435 3260 518.
462 3233 495 3260 et
519 3229 689 3261 oudinum
703 3234 784 3263 tom.
803 3232 821 3262 5
840 3239 917 3272 pag.
932 3231 1007 3264 962.
1033 3232 1130 3264 Νον-

145 3278 316 3319 τίηῃατπί.

207 3328 238 3368 c)
263 3331 308 3360 De
331 3336 398 3367 quo
422 3337 522 3369 supra
546 3333 625 3362 toni.
652 3331 664 3359 1
687 3338 718 3368 p.
745 3329 797 3363 43.
824 3330 894 3363 104.

1190 335 1310 374 Edita
1338 339 1401 374 est
1425 346 1477 373 ex
1500 336 1610 374 MSto
1643 334 1933 374 Sarisburiensi
1959 345 1981 372 a
2010 335 2162 374 Thoma

1191 397 1314 435 Galeo
1341 398 1443 435 inter
1468 399 1686 448 scriptores
1706 396 1935 448 quindecim
1952 428 1963 445 ‚
1985 397 2162 437 oxoniae

1195 460 1290 498 4694
1320 488 1328 507 ,
1360 459 1423 497 fol.
1451 471 1538 510 pag.
1563 460 1623 498 40.
1649 469 1741 498 cum
1763 460 1898 498 minus
1924 460 2119 510 integram
2140 471 2162 498 c

1192 522 1302 560 MSto
1326 521 1564 560 Cottoniano
1585 522 1793 572 vulgasset
1806 521 2055 560 Mabillonius
2075 521 2162 560 Sec.

1195 583 1257 622 lv.
1284 582 1529 620 Benedictin.
1562 588 1672 634 parte
1698 585 1732 622 4.
1754 594 1841 634 pag.
1867 582 1936 622 674
1981 587 2021 622 et
2050 587 2163 634 parte

1197 644 1234 682 2.
1259 655 1346 694 pag.
1370 644 1446 682 550
1477 645 1802 694 supplementum
1833 650 1977 684 nactus
2009 657 2060 685 ex
2091 645 2165 684 Co-

1198 706 1284 744 dice
1305 705 1595 744 Sarisburiensi
1618 706 1668 744 ab
1691 706 1891 745 Eduardo.
1907 707 2004 746 vide
2029 711 2070 746 et
2094 708 2165 746 Le-

1200 767 1365 806 landum
1391 778 1474 818 cap.
1501 767 1564 805 77.

1256 827 1476 867 Guilelmus
1498 829 1698 868 EDDIUS.
1724 831 1811 868 sive
1841 831 2001 878 EDYS,
2031 830 2164 869 Abbas

1201 893 1463 930 Burtonensis
1504 893 1541 928 in
1580 891 1720 941 Anglia
1762 891 1922 930 Ordinis
1960 893 2167 932 Benedict.

1200 954 1305 991 circa
1328 952 1491 991 Annum
1518 953 1622 992 4246
1646 953 1695 992 ab
1711 953 1867 992 Oudino
1891 959 1987 993 tom.
2014 956 2049 993 3.
2078 967 2164 1006 pag.

1202 1016 1224 1053 3
1250 1015 1422 1054 traditur
1444 1016 1718 1066 composuisse
1742 1015 1869 1054 vitum
1907 1017 1946 1055 S.
1982 1016 2166 1055 Moduen-

1200 1088 1300 1127 nae,
1326 1078 1498 1128 Virginis
1522 1078 1777 1128 Hibernicae,
1802 1089 1923 1129 quam
1949 1079 1988 1118 S.
2012 1079 2166 1116 Patrieii

1201 1140 1449 1190 temporibus
1474 1141 1626 1179 vixisse
1641 1139 1756 1190 ajunt
1768 1141 1945 1180 defuncti
1957 1141 2032 1180 An.
2049 1141 2168 1180 CHri-

1200 1203 1251 1240 sti
1278 1202 1365 1240 460.
1397 1202 1454 1241 Ac
1479 1214 1575 1242 sane
1599 1204 1674 1242 sub
1697 1203 1770 1242 hoc
1796 1206 1955 1242 nomine
1980 1204 2107 1242 fertur
2127 1204 2165 1240 in

1201 1264 1386 1316 Catalogo
1402 1265 1668 1305 Bibliothecae
1689 1267 1950 1307 Cottonianae
1967 1277 2055 1317 pag.
2074 1266 2165 1305 436.

1199 1325 1317 1376 Apud
1342 1327 1528 1366 Vossium
1554 1333 1689 1367 autern
1714 1340 1801 1379 pag.
1824 1328 1902 1366 784
1919 1340 1969 1367 ex
1994 1327 2166 1366 Lelando

1200 1390 1368 1439 scriptor
1394 1390 1501 1428 vitae
1527 1395 1694 1429 vocatur
1718 1390 2003 1430 GALFRIDUS
2026 1392 2168 1429 Burto-

1198 1451 1338 1488 nensis
1361 1480 1369 1498 ,
1394 1455 1434 1489 et
1458 1452 1564 1502 apud
1595 1453 1815 1492 Lelandum
1841 1454 1972 1504 ipsum
2008 1464 2041 1491 c.
2072 1454 2163 1493 244.

1197 1511 1485 1553 GALFRIDUS
1509 1514 1839 1566 Burgodunensis
1863 1515 1997 1555 Abbas
2032 1517 2165 1555 Mona-

1198 1576 1310 1614 sterii
1336 1575 1385 1614 ad
1411 1578 1573 1615 Terenti
1598 1578 1749 1628 ripam,
1773 1580 1859 1617 sive
1883 1580 2018 1617 Trenti
2053 1579 2167 1618 fluvii

1198 1636 1366 1689 Angliae
1391 1639 1580 1678 Borealis.
1608 1639 1686 1678 Sed
1706 1641 1880 1679 Joannes
1903 1642 2039 1680 Pinius
2055 1671 2063 1690 ,
2082 1641 2169 1680 Soc.

1194 1701 1276 1738 Jes.
1299 1702 1367 1751 qui
1392 1702 1518 1740 vitam
1536 1702 1643 1741 illam
1660 1714 1710 1742 ex
1733 1704 1811 1742 MS.
1833 1704 2070 1743 Cottoniano
2089 1705 2168 1754 pri-

1199 1774 1292 1801 mus
1324 1763 1448 1802 edidit
1476 1765 1513 1802 in
1551 1764 1664 1803 Actis
1697 1766 1939 1805 Sanctorum
1977 1770 2074 1804 tom.
2116 1767 2164 1805 11.

1194 1824 1285 1863 Julii
1306 1825 1342 1862 6.
1368 1836 1460 1876 pag.
1479 1825 1557 1864 297
1573 1827 1713 1866 tribuit
1731 1839 1819 1866 eam
1845 1827 2171 1867 CONCHUBRA-

1204 1886 1272 1926 No
1312 1886 1558 1927 Scholastico
1587 1888 1636 1928 de
1671 1889 1921 1928 Gleanussen
1945 1920 1953 1939 ,
1979 1891 2168 1930 defuncto

1203 1947 1280 1987 An.
1299 1949 1402 1988 4082
1427 1955 1467 1988 et
1483 1962 1568 2002 pag.
1584 1952 1661 1990 246
1682 1964 1732 1990 ex
1748 1952 1899 1990 Varaeo
1916 1951 2032 1991 docet
2049 1952 2168 1992 GAL—

1204 2012 1337 2050 FRIDI
1375 2014 1653 2052 Burtoniensis
1683 2025 1828 2053 nomen
1860 2015 1901 2052 in
1931 2015 2168 2054 Cottoniano

1206 2073 1351 2113 Codice
1376 2075 1599 2125 praefixum
1625 2087 1715 2114 esse
1741 2087 1763 2114 a
1786 2078 2008 2115 recentiore
2033 2088 2167 2116 manu:

1203 2136 1322 2174 Porro
1353 2136 1722 2186 Conchubranum,
1753 2137 1872 2187 cujus
1907 2140 2028 2177 etiam
2068 2138 2167 2178 duos

1199 2198 1376 2249 Hymnos
1412 2197 1689 2251 Alphabeticos
1724 2202 1763 2238 in
1787 2201 2055 2240 Moduennam
2079 2213 2169 2253 pag.

1199 2260 1277 2300 245
1315 2265 1538 2310 memorat,
1577 2267 1715 2301 monet
1744 2263 1976 2302 confudisse
2000 2265 2104 2302 inter
2127 2276 2169 2303 se

1197 2327 1360 2362 sanctas
1381 2323 1484 2362 duas
1505 2326 1764 2376 cognomines
1789 2336 2010 2376 earumque
2035 2338 2100 2365 res
2125 2332 2165 2366 et

1197 2389 1338 2435 gesta,
1370 2397 1492 2425 unam
1535 2386 1797 2426 Moduennam
1821 2417 1829 2432 ,
1863 2388 2165 2438 Modwennam,

1195 2446 1428 2485 Monuinam
1445 2478 1456 2495 ,
1489 2448 1574 2486 sive
1598 2449 1850 2497 Moninnam,
1877 2461 1979 2500 quae
2009 2454 2049 2488 et
2087 2451 2167 2489 Da-

1196 2520 1320 2547 rerea
1342 2510 1455 2560 virgo
1476 2538 1484 2557 ,
1509 2511 1688 2548 extincta
1712 2510 1787 2548 An.
1815 2512 1970 2550 548.-et
1998 2511 2164 2551 alteram

1193 2569 1391 2620 juniorem
1414 2600 1422 2618 ,
1448 2582 1550 2620 quae
1575 2573 1677 2609 vixit
1701 2573 1806 2610 circa
1829 2572 1992 2611 Annum
2019 2574 2110 2612 640.

1250 2633 1588 2671 EDELBERTUS
1603 2664 1614 2681 ‚
1648 2632 1889 2672 Adelbertus
1906 2665 1915 2683 ,
1938 2633 2163 2685 Alibertus,

1196 2692 1443 2742 Oclilbertus,
1474 2693 1716 2743 Oldzbertus,
1737 2695 1985 2747 Odelpertus,
2003 2697 2166 2737 Archie-

1196 2757 1385 2807 piscopus
1401 2756 1450 2795 ab
1470 2756 1548 2795 An.
1573 2757 1664 2795 804.
1681 2757 1998 2805 MediolanensiS,
2024 2759 2165 2799 defun-

1196 2823 1288 2857 ctus
1312 2818 1467 2866 eodem,
1493 2830 1572 2870 quo
1597 2820 1764 2859 Carolus
1786 2822 1834 2859 M.
1861 2821 1935 2859 An.
1962 2823 2051 2860 844.
2092 2824 2165 2862 Ca—

1196 2881 1265 2919 roli
1289 2882 1336 2919 M.
1363 2880 1563 2932 encyclica
1585 2883 1763 2933 Epistola
1779 2884 1882 2922 circa
1901 2883 2060 2923 Annum
2084 2885 2154 2924 844

1196 2943 1288 2982 (1343
1312 2943 1361 2982 ad
1386 2944 1649 2983 Edelbertum
1672 2950 1711 2984 et
1725 2945 1823 2984 alios
1839 2946 2068 2996 Episcopos,
2093 2958 2162 2986 cu-

1195 3006 1343 3055 pientis
1367 3006 1415 3045 ab
1439 3008 1496 3045 eis
1521 3005 1677 3045 edoceri
1697 3006 1743 3045 de
1760 3006 1986 3046 rationibus
2005 3008 2159 3047 rituum

1196 3066 1402 3118 Baptismi,
1430 3080 1506 3107 una
1531 3079 1623 3107 cum
1661 3069 1862 3108 Edelberti
1902 3072 2160 3121 responsione

1197 3127 1246 3166 ad
1270 3129 1455 3168 Carolum
1479 3160 1487 3179 ,
1516 3135 1636 3181 atque
1665 3131 1791 3169 indice
1816 3133 1960 3181 XXIII,
1985 3134 2158 3184 capitum

1249 3278 1479 3359 &egeni-icus
1508 3283 1709 3316 Wartbonus
1733 3287 1818 3315 tom.
1848 3285 1858 3313 Ι
1885 3283 2022 3323 Angliae
2048 3287 2164 3316 sacrae

1188 3335 1263 3367 pag.
1309 3328 1359 3360 ⁴5.
