2500 3841
822 207 1391 250 BONAVENTURA

101 292 247 334 scopus
268 280 482 329 Ostiensis,
507 290 554 319 ao
575 278 739 319 demum
758 278 1017 319 Innocentius
1030 280 1063 319 V

100 347 214 396 Papa.
237 344 359 383 Multa
381 342 430 382 de
450 353 496 381 eo
521 341 771 392 Waddingus
808 345 895 380 tum
933 342 970 380 in
1001 343 1063 381 Bi-

96 405 291 446 bliotheca
315 405 483 444 fratrum
505 403 665 443 Ordinis
687 405 895 451 Minorum,
919 408 1006 443 tum
1023 405 1061 443 in

95 466 334 515 Annalibus,
359 467 480 505 variis
505 467 542 504 in
564 465 660 504 loeis
683 465 731 504 ab
752 464 868 504 Anno
893 466 988 505 1221
1020 470 1061 503 et

95 528 146 568 ad
164 528 328 568 Annum
349 528 452 567 1274
469 531 510 567 et
531 528 634 567 1482
658 529 668 577 ζ
681 529 749 578 qui
769 528 888 566 etiam
913 539 1060 567 novam

95 590 272 642 Operum
291 592 594 630 Bonaventurae
609 589 822 629 editionem
833 589 1062 640 locupletio-

102 663 187 692 rem
203 683 214 699 ‚
237 653 468 704 praemissis
487 652 536 691 ad
560 652 717 703 singula
739 652 937 698 censuris,
967 650 1061 690 dare

95 714 239 765 voluit)
262 719 349 754 tum
369 713 471 754 Acta
494 714 730 754 Sanctorum
755 715 804 754 14
827 714 920 753 Julii
935 742 944 761 ,
961 718 1055 752 tom.

90 776 144 815 III
167 788 254 828 pag.
280 777 350 817 811
381 788 492 827 seqq.
516 776 760 827 Raynaudus
783 776 956 815 indiculo
985 777 1055 816 SS.

90 837 421 889 Lugdunensium
441 843 549 877 tomo
572 840 660 879 VIII
679 838 855 889 Operum
886 851 972 889 pag.
1005 837 1055 877 37

87 910 200 952 seqq.
225 904 266 940 et
284 901 516 940 Dominicus
539 901 589 940 de
619 901 781 940 Colonia
813 903 851 939 in
882 902 1052 940 Historia

88 961 296 1002 Litteraria
313 962 569 1013 Lugdunensi
586 992 594 1008 ,
614 962 720 1002 edita
733 963 881 1002 Gallice
903 967 997 1000 tom.
1016 962 1050 999 II

87 1034 174 1075 pag.
193 1023 272 1063 307
289 1024 436 1075 quibus
451 1025 733 1073 Possevinnm,
749 1024 1048 1071 Bellarminum,

86 1085 284 1133 Caveum,
301 1091 357 1135 et,
378 1087 446 1137 qui
456 1087 584 1126 fusius
604 1087 652 1125 de
673 1087 737 1125 illo
757 1097 802 1124 ac
822 1085 871 1124 de
891 1085 1050 1134 scriptis

85 1145 173 1196 ejus
196 1147 413 1197 disseruit,
443 1147 647 1187 Oudinum
685 1152 791 1186 tomo
812 1148 865 1186 III
903 1157 939 1197 p.
971 1144 1048 1185 372

85 1218 197 1259 seqq.
221 1208 438 1261 adjungere
474 1211 605 1249 liceat.
643 1211 745 1250 Cum
769 1213 904 1248 autem
934 1209 1050 1247 unica

83 1274 219 1309 exstat
241 1283 407 1322 operum
429 1274 734 1311 Bonaventurac
770 1270 889 1309 editio
904 1301 915 1318 ,
945 1281 1048 1320 quae

85 1333 319 1372 curantibus
342 1334 603 1374 Constantino
627 1334 803 1373 Sarnano
826 1332 1048 1380 Cardinale,

83 1398 124 1433 et
150 1392 302 1446 Angelo
328 1396 508 1446 Roccha,
546 1407 591 1435 ac
628 1397 837 1435 Francisco
874 1394 1044 1442 Labata,

82 1456 229 1496 Romae
246 1457 295 1496 ab
317 1457 433 1496 Anno
468 1460 571 1498 1588
593 1459 641 1498 ad
667 1459 781 1498 ⁴596.
815 1462 903 1496 octo
928 1457 1046 1495 Volu-

83 1519 260 1557 minibus
283 1519 323 1557 in
348 1520 410 1558 fol.
433 1521 535 1559 Sixti
563 1521 595 1560 V
631 1525 672 1559 et
708 1520 927 1560 Clementis
955 1519 1042 1557 VIII

77 1580 267 1631 auspiciis
287 1580 418 1620 lucem
443 1582 566 1632 vidit,
591 1594 680 1622 eam
704 1582 875 1621 strictim
895 1580 1043 1619 referre

88 1653 140 1682 ex
160 1653 241 1682 usu
259 1642 420 1683 lectoris
442 1656 533 1683 esse
556 1645 797 1684 existimavi.

469 1706 605 1745 TOMO
624 1707 653 1746 Ι.

129 1765 292 1818 Isagoge
313 1769 352 1806 in
373 1769 412 1808 S.
428 1770 674 1820 Scripturas.
692 1770 778 1807 sive
796 1766 1043 1818 Principiam

77 1829 230 1868 Sacrae
253 1829 499 1881 Scripturae.
533 1832 744 1870 Sermones
761 1829 894 1868 XXIII
920 1831 957 1867 in
982 1829 1040 1867 di-

75 1901 194 1930 versa
216 1891 301 1930 loca
321 1892 563 1931 Heoeezmerz
580 1905 630 1932 ex
653 1904 720 1932 ore
743 1892 912 1931 dicentis
927 1903 1043 1930 exce-

75 1953 145 2004 pti.
159 1954 364 2005 Expositio
380 1954 420 1993 in
437 1954 689 2004 Psalterium,
703 1955 742 1993 in
756 1953 1037 2003 Ecclesiascen,

76 2017 86 2065 (
103 2026 179 2054 non
194 2017 233 2054 in
253 2017 599 2065 Ecclesiast-icum,
620 2022 666 2056 ut
680 2018 850 2056 Iacobus
866 2017 901 2055 le
930 2017 1038 2068 Long

74 2088 161 2129 pag.
184 2078 262 2117 644
282 2078 546 2118 Bibliothecae
561 2079 754 2128 Biblieae')
771 2079 812 2118 in
830 2081 1040 2118 Lamenta-

75 2138 196 2179 tiones
214 2140 440 2180 Hieremiae
464 2142 693 2193 Prophetae.

457 2204 594 2244 TOMO
618 2206 652 2243 II

126 2265 331 2316 Expositio
354 2266 395 2305 in
419 2267 552 2319 Caput
587 2267 649 2307 VI.
685 2266 899 2315 Matthaei,
923 2271 964 2305 et
995 2267 1035 2305 z'n

73 2326 234 2366 Lucam.
254 2329 415 2368 Postilla
435 2333 477 2368 et
513 2330 753 2369 Collationes
778 2329 818 2368 in
852 2329 1036 2381 Evangye-

76 2387 173 2428 lium
193 2389 396 2430 Joharmis.

441 2453 577 2493 TOMO
599 2454 664 2493 III.

126 2513 336 2553 Sermones
357 2514 407 2554 de
430 2519 608 2566 tempore
637 2520 678 2555 et
701 2517 859 2555 Sanctis
883 2528 952 2567 per
976 2519 1036 2553 to-

75 2580 161 2616 tum
185 2586 362 2626 annum,
385 2580 426 2614 et
448 2576 497 2616 de
515 2579 717 2616 communi
738 2579 987 2617 Sanctorum.

129 2637 149 2659 ³⁸⁶
172 2637 386 2677 Sermones
402 2637 451 2676 de
469 2642 648 2689 tempore
668 2639 908 2690 Argentinae
931 2640 1033 2678 1496

79 2701 118 2738 in
146 2700 181 2738 4.

447 2760 584 2800 ΤΟΜΟ
613 2762 675 2801 IV.

130 2823 416 2862 Commentarii
440 2821 481 2860 in
503 2821 650 2861 librum
661 2822 838 2875 primum
854 2826 892 2861 et
903 2833 1042 2862 secan-

82 2884 199 2934 dum,
224 2889 266 2924 et

458 2948 595 2988 TOMO
623 2948 667 2986 V.

131 3009 179 3048 In
201 3010 360 3049 tertium
383 3013 421 3049 et
436 3013 625 3062 quartum
648 3007 965 3055 Sententiarum,
988 3020 1038 3047 ex

79 3070 173 3110 edit.
197 3073 369 3111 Norimb.
395 3073 512 3112 1491,

439 3133 576 3173 ΤΟΜΟ
605 3133 668 3172 VI.

135 3193 430 3245 Opusculorum
450 3198 643 3246 (quorum
662 3195 848 3246 pleraque
863 3192 944 3243 jam
966 3191 1040 3231 An.

82 3255 184 3294 1489
201 3285 210 3303 ,
235 3258 364 3308 1495,
391 3258 493 3297 1504
517 3263 554 3296 et
580 3257 681 3296 1563
703 3255 951 3306 prodierant,
977 3255 1040 3293 vel

81 3327 222 3358 recusa
240 3321 360 3360 etiam
390 3318 533 3360 deinde
558 3319 660 3358 1609
683 3319 777 3358 1611
806 3323 846 3357 et
874 3316 973 3358 1647
993 3316 1042 3357 de

2031 214 2111 254 235

1139 280 1286 331 quibus
1323 279 1564 320 editionibus
1592 279 1799 332 Oudinus)
1833 292 1935 334 pars
1957 283 2107 336 prima.

1138 343 1194 381 De
1218 342 1449 382 reductione
1472 345 1619 383 artium
1638 343 1687 383 ad
1709 344 1975 396 Theologiam.
2014 347 2111 385 Bre-

1136 404 1356 455 viloquium
1374 405 1484 444 libris
1499 406 1581 444 VII.
1601 405 1899 458 Centiloquium
1916 408 2027 447 libris
2042 409 2105 448 IV.

1135 465 1324 506 Pharetra
1342 497 1350 515 ,
1367 468 1453 506 sive
1477 467 1563 506 libri
1585 469 1636 508 IV
1653 480 1703 508 ex
1719 469 1902 509 Patribus
1922 469 1998 510 sub
2020 481 2107 509 cer-

1135 529 1187 567 tis
1224 528 1367 580 digesti
1405 530 1544 569 titulis.
1583 531 1805 570 Declaratio
1839 533 2104 572 terminorum

1134 590 1381 642 Theologiae.
1419 592 1660 642 Principium
1696 594 2026 644 compendiosum
2062 595 2103 633 in

1131 652 1252 691 libros
1271 654 1583 692 Sententiarum.
1608 655 1840 694 Sententiae
1857 661 2030 707 quatuor
2054 656 2103 696 li-

1130 713 1293 753 brorum
1333 715 1658 763 Sententiarum,
1683 716 1870 756 Carmine
1908 718 2098 768 digestae.

1130 776 1297 826 Incipit:
1326 775 1358 814 0
1377 775 1467 828 fons
1486 775 1719 828 splendoris.
1744 779 1800 816 De
1825 785 1996 829 quatuor
2016 782 2102 820 Vir—

1129 837 1284 875 tutibus
1309 837 1596 877 cardinalibus.
1618 839 1675 877 Dc
1699 843 1854 890 septem
1875 840 1990 880 donis
2013 844 2099 893 Spi-

1128 899 1231 936 ritus
1252 899 1401 937 Sancti.
1418 900 1473 938 De
1496 900 1625 939 trihus
1645 901 1828 939 ternariis
1844 907 2097 952 peccatorum

1122 958 1347 998 infamibus.
1371 961 1439 1009 ‚De
1466 963 1759 1002 resurrectione
1783 974 1805 1001 a
1834 968 1996 1013 peccato
2023 978 2094 1016 per

1123 1019 1312 1059 Gratiam.
1352 1022 1490 1062 Diaeta
1525 1024 1688 1063 Salutis.
1726 1025 1783 1063 De
1808 1025 2093 1067 Ecclesiastica

1125 1081 1366 1122 Ilierarchia.

1176 1144 1359 1184 Secunda
1380 1158 1509 1198 pars,
1534 1149 1809 1199 Soliloquium.
1839 1151 1897 1188 De
1926 1149 2095 1189 medita-

1123 1205 1229 1244 tione
1252 1206 1366 1247 Vitae
1388 1210 1562 1249 DOMINI
1588 1212 1712 1249 nostri
1731 1212 1854 1250 JESU
1875 1212 2089 1252 CHRISTI.

1122 1266 1297 1306 Libellus
1317 1270 1633 1311 meditationum.
1655 1274 1711 1312 De
1728 1278 1884 1324 septem
1903 1273 2092 1324 gradibus

1121 1331 1478 1381 contemplationis.
1517 1335 1573 1372 De
1597 1336 1775 1385 quinque
1800 1336 2090 1375 festivitatibus

1120 1392 1380 1440 pueri—JESU.
1399 1395 1584 1435 Officium
1601 1395 1650 1435 de
1670 1398 1854 1436 Passione
1870 1399 2088 1437 Dominica.

1117 1452 1174 1490 De
1199 1459 1338 1494 sancta
1361 1457 1489 1496 Cruce
1526 1458 1712 1497 laudatio.
1752 1460 1922 1510 Lignum
1960 1461 2086 1499 Vitae.

1117 1513 1333 1564 Speculum
1372 1518 1421 1557 de
1460 1520 1645 1559 laudibus
1681 1522 1848 1569 Mariae,
1870 1521 1976 1572 quod
2013 1523 2089 1561 sub

1118 1577 1278 1616 nomine
1301 1579 1703 1621 BONAVENTIJRAE
1725 1581 1928 1621 Baduarn·
1953 1583 1997 1622 di
2017 1585 2090 1623 Pe-

1118 1648 1223 1688 raya
1258 1639 1564 1693 Augustiniani,
1589 1645 1658 1694 qui
1693 1643 1810 1683 Anno
1835 1645 1936 1684 1380
1957 1646 2060 1683 vixit
2077 1675 2086 1693 ,

1121 1699 1364 1751 impressum
1386 1706 1692 1757 Norimbergae,
1715 1706 1922 1758 Augustae
1945 1712 1987 1746 et
2014 1708 2090 1746 Ar-

1119 1766 1329 1811 gentoriati
1344 1767 1446 1806 1476
1461 1770 1767 1808 Bonaventurae
1779 1774 1926 1819 nostro,
1943 1776 1988 1808 ut
2005 1771 2088 1821 ple-

1112 1834 1235 1875 raque
1259 1828 1333 1867 alia
1357 1828 1606 1879 abjudicatur
1638 1831 1687 1870 ab
1717 1831 1873 1870 Oudino
1894 1836 1976 1870 tom
2002 1834 2083 1882 ΙΙΙ,

1116 1899 1201 1938 pag.
1229 1890 1316 1928 499.
1337 1891 1393 1930 De
1412 1902 1579 1940 corona,
1600 1894 1686 1932 sive
1711 1895 1858 1932 rosario
1882 1895 1924 1932 B.
1939 1896 2083 1934 Mariae

1112 1950 1169 1989 De
1191 1954 1466 2004 compassione
1489 1953 1684 2004 ejusdem.
1710 1955 1925 1994 Philomela
1946 1955 1966 1976 ’ἦ
1990 1967 2081 2006 pas-

1111 2013 1209 2051 sioni
1231 2015 1385 2053 Domini
1404 2021 1536 2067 aptata
1546 2029 1616 2068 per
1631 2022 1786 2068 septem
1803 2018 1939 2067 horas,
1957 2017 2019 2069 cuj
2028 2029 2075 2057 us

1111 2076 1300 2114 carminis
1324 2078 1505 2117 initium:
1566 2086 1571 2089 ”

1164 2146 1346 2179 Philomela
1363 2150 1497 2188 praevia
1515 2150 1674 2188 temporis
1692 2151 1827 2181 amoeni

1163 2199 1255 2234 Quae
1268 2206 1436 2229 recessum
1457 2200 1598 2230 nuncias
1615 2198 1732 2230 imbris
1750 2203 1852 2239 atque
1870 2200 1967 2231 coeni
1986 2203 2051 2231 etc.

1108 2264 1225 2304 Aliud
1243 2266 1430 2311 Carmen,
1446 2266 1556 2317 Opus
1575 2268 1922 2318 contemplationis
1940 2298 1948 2316 ,
1966 2268 2073 2319 quod

1110 2329 1268 2378 incipit:
1291 2329 1447 2369 JESUS
1470 2327 1693 2380 ineffabilis.
1718 2331 1774 2368 De
1798 2334 1954 2381 septem
1979 2332 2076 2369 Ver-

1110 2390 1171 2429 bis
1190 2391 1346 2429 Domini
1370 2393 1408 2429 in
1433 2392 1572 2430 Cruce.
1604 2393 1841 2431 Psaiterium
1866 2394 1906 2431 B.
1933 2394 2076 2431 Mariae

1111 2452 1242 2502 majus
1259 2482 1267 2500 ,
1288 2457 1329 2491 et
1345 2454 1580 2492 Psalterium
1597 2456 1638 2492 B.
1658 2456 1800 2493 Mariae
1821 2456 1978 2501 minus,
1998 2455 2008 2501 (
2025 2453 2073 2491 de

1108 2515 1254 2564 quibus
1276 2515 1388 2564 plura
1407 2516 1487 2553 dixi
1505 2518 1541 2553 in
1559 2516 1735 2554 Indiculo
1750 2517 1932 2555 Mariano.
1950 2518 1959 2564 )
1983 2516 2077 2554 Car-

1108 2576 1216 2614 mina
1239 2587 1361 2626 super
1396 2577 1630 2615 Canticum:
1655 2576 1773 2616 Salve
1804 2576 1965 2626 Reqina.
1998 2577 2076 2614 Ini-

1111 2639 1238 2676 tium:
1263 2636 1381 2676 Saloe
1409 2638 1522 2688 Vct-90
1565 2638 1779 2689 Vz'ryz'nutn.
1818 2637 1997 2688 Epistola
2025 2637 2075 2675 ad

1111 2701 1342 2750 Magistrum
1369 2701 1673 2738 innominatum.

1477 2761 1612 2799 TOMO
1642 2762 1722 2799 VH.

1168 2825 1273 2862 Pars
1298 2821 1586 2873 Opascnlorwn
1602 2823 1719 2861 tercia
1742 2824 1797 2861 De
1822 2823 2071 2861 institutione

1114 2886 1227 2925 Vitae
1251 2885 1510 2924 Christianae.
1548 2887 1603 2925 De
1627 2885 1818 2936 regimine
1846 2886 2001 2924 animae
2025 2883 2075 2923 ad

1178 3025 1191 3038 ⁶
1213 3026 1261 3057 Ab
1282 3026 1429 3057 Andreae
1451 3026 1586 3058 schotto
1609 3028 1709 3058 etiam
1746 3027 1834 3058 edita
1859 3028 1893 3057 in
1917 3027 2080 3058 Ludoviei

1110 3076 1323 3108 Granatensis
1359 3076 1522 3114 Operibus
1557 3081 1638 3107 tom.
1676 3077 1719 3106 11¹
1748 3085 1822 3116 pag.
1851 3075 1925 3107 741.
1950 3078 2038 3107 Haec
2061 3083 2081 3106 a

1110 3130 1159 3159 ιο.
1185 3125 1282 3158 Baleo
1307 3128 1330 3155 v
1364 3126 1404 3156 79
1434 3134 1509 3166 pag.
1545 3126 1606 3157 150
1640 3126 1782 3157 refertur
1820 3125 1862 3157 ad
1899 3127 2079 3156 ,loannem

1107 3176 1335 3209 flovedenum
1358 3175 1510 3215 Anglum.
1534 3179 1579 3207 De
1602 3175 1751 3215 longiore
1786 3175 1989 3215 metaphrasi
2018 3177 2081 3205 La-

1108 3229 1179 3258 tina
1202 3226 1362 3258 Johannis
1385 3228 1552 3265 Baptistae
1577 3228 1672 3257 nossi
1701 3228 1774 3257 Soc.
1798 3228 1852 3258 Jes
1892 3229 1924 3256 et
1965 3223 2083 3256 Italica

1108 3276 1220 3308 Jacobi
1245 3277 1283 3307 dc
1307 3278 1407 3307 Portu
1445 3276 1517 3307 vide
1548 3277 1723 3314 Leyserurn
1749 3274 1790 3306 de
1825 3276 1936 3309 Poctis
1977 3271 2083 3307 medii

1108 3328 1180 3361 aevi
1210 3334 1287 3367 pag.
1313 3325 1393 3359 1003
1416 3333 1454 3360 cx
1482 3325 1655 3367 waddiugi
1681 3334 1714 3366 p.
1741 3325 1793 3358 75.
