2500 4009
381 185 461 223 242

383 254 578 307 1mg.798.
597 262 669 288 non
684 257 815 300 pauca
840 248 970 281 tamen
992 241 1179 280 attentius
1207 240 1348 292 leyenti

379 316 538 369 placere
556 322 671 365 posse
687 319 763 347 non
788 305 994 344 diffitetur.
1018 305 1290 342 Portentosam
1310 305 1345 343 ei

383 379 599 417 doctrinam
625 371 761 409 tribuit
784 368 907 406 Lilius
926 366 1127 417 Gyraldus
1149 366 1198 405 de
1215 367 1344 405 Poetis

385 443 444 480 sui
468 436 678 486 temporiS,
704 431 770 471 ubi
795 430 867 469 hos
890 428 979 479 ejus
1003 429 1052 467 de
1072 428 1173 468 DEO
1197 439 1343 468 versus

387 503 500 540 refert
527 497 590 536 lib.
618 497 632 534 4
663 494 712 532 de
732 494 859 543 poetis
883 492 944 530 sui
966 492 1156 541 temporis
1176 502 1213 541 p.
1238 491 1302 529 29.

443 570 500 599 uic
517 568 582 598 duo
600 565 754 596 venturis
772 564 891 594 statuit
909 562 1092 602 primordia
1110 561 1208 593 rebus
1222 584 1232 599 ‚

439 617 610 655 Principio
631 615 784 646 altricem
807 613 932 651 sylvam
947 636 957 650 ,
977 618 1155 650 rerumque
1179 615 1350 650 parentem

437 671 528 706 Quae
546 673 706 705 generum
723 665 757 694 in
775 671 846 694 sese
863 664 996 701 caperet
1013 660 1193 692 simulacra
1206 662 1342 693 creavit.

388 726 587 766 Laudasse
625 724 810 763 Oratione
847 721 1026 759 absoluta
1072 720 1272 759 Phoebum
1307 724 1347 757 et

385 790 603 828 Saturnum
621 785 767 835 ,tradit
786 796 835 824 cx
855 784 1062 822 Poccianto
1082 782 1212 821 Julius
1231 783 1347 833 Niger

385 865 423 890 in
448 852 691 902 Scriptorum
723 849 1038 887 Florentinorum
1063 847 1233 884 Historia
1255 856 1342 896 pag.

385 915 472 952 366.
511 915 566 952 De
588 911 675 962 ejus
713 911 925 948 Fastorum
960 908 1057 947 libro
1094 913 1134 946 ct
1172 912 1344 946 tractatu

385 975 627 1025 Astrologico
666 972 712 1011 de
743 969 994 1010 electionibus
1030 969 1119 1009 vide
1157 969 1347 1009 llendrei-·

385 1039 523 1077 chium
553 1048 639 1087 pag.
662 1036 752 1073 646.

440 1102 457 1122 *
479 1099 690 1139 Historiam
715 1096 821 1134 illam
846 1095 894 1134 de
919 1099 1008 1133 ortu
1026 1095 1178 1146 Regum
1199 1094 1348 1144 Neapo-

386 1164 554 1208 litanor3
579 1170 699 1210 quam
721 1159 871 1197 clariss.
892 1157 1129 1196 Muratorius
1153 1155 1347 1195 edendam

385 1227 423 1262 in
441 1236 483 1263 sc
499 1225 818 1272 susceperat,ncc
835 1218 952 1258 fidem
963 1218 1093 1257 datam
1112 1217 1347 1266 redemerat,

383 1288 445 1324 vir
467 1286 567 1324 alter
585 1284 831 1321 clarissimus
850 1281 1084 1319 Jo.Lan·1ius
1097 1291 1241 1318 nomen
1259 1292 1349 1319 eru-

384 1348 477 1386 ditis
511 1346 786 1398 percognitum
815 1343 996 1394 vulgavit
1035 1343 1072 1380 in
1111 1343 1195 1380 suis
1223 1342 1341 1380 Delie.

383 1409 583 1449 Eruditor.
600 1409 726 1457 eiusq.
749 1411 878 1444 tomos
901 1402 1129 1455 pluresjam
1146 1403 1343 1454 produxit.

386 1472 547 1522 Accepit
572 1481 659 1509 eam
683 1481 733 1508 ex
755 1469 834 1507 MS.
858 1468 1024 1517 insignis
1048 1466 1229 1505 Bibliotli.
1259 1466 1346 1504 Ric-

385 1533 604 1572 cardianae.
638 1532 698 1570 Ex
734 1529 913 1569 ciusdem
944 1529 1067 1567 Lamii
1106 1528 1346 1579 praefatione

388 1596 580 1633 discimus
601 1594 714 1642 hanc,
737 1593 923 1641 Siculam,
939 1591 1003 1629 vel
1023 1591 1231 1640 utriusque
1252 1591 1349 1629 Sici-

391 1659 460 1696 liae
485 1657 687 1695 historiam
713 1667 775 1695 an.
802 1655 903 1694 44¹4
944 1654 1121 1701 absolvi,
1151 1653 1260 1691 addit
1290 1654 1347 1690 in-

388 1731 509 1771 super
543 1719 646 1757 idem
685 1719 846 1756 Lamius
880 1716 1057 1755 Annales
1093 1715 1347 1754 Bonincontri

386 1794 406 1819 a
428 1782 637 1821 Muratorio
658 1780 843 1830 vulgatos
872 1778 997 1817 multo
1021 1777 1140 1816 altius
1169 1777 1347 1827 coepisse

386 1855 505 1894 quam
531 1843 578 1882 ab
602 1855 665 1881 an.
687 1842 798 1882 4360.
814 1840 884 1879 sed
905 1840 1107 1891 superiora
1130 1839 1262 1877 omnia
1282 1842 1346 1877 ut-

386 1911 476 1956 pote
501 1905 596 1944 nihil
621 1905 712 1943 novi
739 1902 935 1942 tradentia
957 1931 965 1951 ,
991 1906 1031 1940 et
1055 1901 1219 1940 fabulosi
1244 1899 1346 1938 mul-

388 1975 473 2007 tum
497 1967 739 2006 continentia
763 1965 1019 2004 Muratorium
1044 1964 1174 2014 ipsum
1198 1963 1347 2014 praeci-

387 2031 506 2069 disse.

440 2087 844 2130 BONINCONTRIL'S
861 2086 1048 2137 Moriyia,
1067 2085 1346 2124 Modoetiensis

390 2155 427 2190 in
461 2153 617 2190 Ducatu
654 2149 959 2196 Mediolanensi,
998 2148 1136 2186 militia
1159 2151 1200 2185 et
1239 2147 1345 2185 civili

389 2212 598 2265 prudentia
627 2212 758 2250 clarus
792 2211 1010 2249 ilistoricus
1043 2208 1345 2248 mediolanensis

390 2279 494 2315 circa
531 2275 691 2313 Annum
736 2274 835 2312 43ἓί0
876 2271 1059 2311 laudatus
1101 2282 1122 2309 a
1162 2272 1344 2309 Tristano

386 2339 556 2385 Chalco,
579 2337 744 2386 Georgio
767 2334 912 2373 Merula
928 2365 938 2381 ‚
964 2332 1233 2373 Bernhardino
1270 2333 1344 2372 Co-

387 2404 468 2450 rio,
493 2400 666 2450 Caspare
703 2400 880 2449 Bugato,
913 2396 1030 2435 Paulo
1066 2396 1223 2445 Morigia
1261 2394 1343 2432 alii-

386 2475 498 2514 sque.
517 2461 616 2512 Ejus
643 2459 862 2500 Chronicon
893 2457 1148 2497 ‚isodoetiense
1172 2457 1220 2496 ab
1255 2457 1342 2495 Ori-

385 2528 474 2575 gine
512 2523 694 2564 Civitatis
731 2533 858 2572 usque
881 2520 929 2559 ad
963 2520 1123 2559 Annum
1154 2520 1255 2559 4349
1291 2531 1340 2558 ex

385 2587 527 2627 Codice
545 2584 846 2624 membranaceo
883 2582 1147 2622 Bibliothecae
1180 2579 1346 2620 Ambro-

384 2652 517 2689 sianae
540 2647 691 2687 editum
713 2648 750 2684 in
765 2658 926 2697 corpore
947 2645 1219 2684 laudatissimo
1243 2646 1347 2685 Scri-

383 2718 542 2763 ptorum
565 2709 699 2749 ltaliae
722 2708 1002 2747 Mediolanensi
1019 2713 1114 2746 tom.
1135 2709 1208 2747 XII
1228 2708 1340 2758 (XlV)

384 2777 616 2814 recensente
641 2772 684 2810 V.
709 2772 750 2810 C.
775 2771 925 2809 Joanne
948 2770 1120 2810 Antonio
1145 2771 1275 2810 Saxio.

435 2834 692 2881 BONlTlL'S,
716 2834 801 2871 sive
823 2831 1057 2880 BONIZUS,
1080 2833 1245 2872 Martino
1271 2833 1342 2872 Po-

384 2900 471 2937 lono
485 2895 686 2943 Bonisius,
701 2894 730 2933 Α
738 2906 910 2945 nonymo
924 2896 1136 2934 Mellicensi
1154 2895 1339 2944 Ponizus,

384 2959 593 2999 Bertholdo
631 2957 830 3005 Bonizzo,
872 2957 1033 2996 Bonitlto
1067 2957 1178 3008 aliis,
1214 2957 1341 2996 Ptolo-

387 3033 495 3060 maeo
513 3021 678 3060 Lucensi
694 3020 837 3066 Bonz-o,
852 3020 971 3058 Sutrii
987 3022 1024 3058 in
1042 3021 1184 3059 Tuscia
1198 3019 1339 3059 deinde

389 3086 605 3122 Placentiae
633 3083 858 3133 Episcopus
877 3113 885 3129 ,
910 3082 1024 3122 Anno
1050 3083 1150 3122 4089
1183 3083 1230 3122 44
1260 3082 1336 3120 Jul.

387 3159 407 3181 a
434 3146 666 3183 Placentinis
695 3155 785 3183 eum
824 3147 988 3184 ilenrico
1014 3147 1059 3183 lv
1099 3147 1337 3195 imperatore

442 3258 454 3269 ’
484 3259 560 3288 tide
584 3260 797 3293 nortboldum
819 3262 1107 3293 constantiensem
1130 3265 1210 3292 torn.
1236 3261 1246 3290 1
1280 3261 1339 3291 Ur·

383 3309 466 3338 §iiiii
494 3315 566 3346 pu„
590 3309 660 3339 5⁴32.

1063 170 1686 211 BONINCONTRIUS

1421 244 1459 280 in
1490 242 1704 283 schismate
1739 245 1973 284 facientibus
2000 244 2214 284 crudeliter
2248 247 2388 290 effusis.

1419 304 1545 343 oculis
1566 305 1586 327 θ’
1609 310 1648 344 et
1665 308 1860 346 truncatis
1885 307 2075 346 memhris
2097 309 2267 347 occisus.
2281 309 2393 351 Vide.

1422 366 1631 417 Ugliellum
1652 373 1746 406 tom.
1770 368 1806 415 I,
1831 378 1918 418 pag.
1940 369 2044 409 4275
2068 374 2109 409 et
2137 374 2232 409 tom.
2256 371 2316 420 ll,
2340 369 2378 424 p.

1419 430 1495 469 240
1525 441 1608 481 seq.
1643 429 1743 481 Ejus
1772 429 1920 468 librum
1948 430 1994 469 de
2031 433 2302 474 sacrament-is
2329 434 2379 474 ad

1418 494 1682 542 Gualterium,
1699 494 1917 532 Leonensis
1931 494 2155 534 Monasterii
2170 495 2380 544 Abbatem,

1421 558 1459 594 in
1483 556 1722 595 Bibliotheca
1746 556 2008 595 Ambrosiana
2027 557 2178 596 evolvit
2204 560 2380 599 Joanncs

1419 618 1691 667 Mabillonius,
1713 619 1924 668 ipsumque
1949 618 1988 655 in
2011 617 2074 656 illo
2103 619 2266 660 alterius
2285 633 2381 674 opu-

1423 680 1522 718 sculi
1545 681 1605 718 sui
1626 682 1766 717 contra
1792 681 1958 729 syenem
1978 678 2284 732 Schismaticum
2299 695 2382 723 me-

1422 743 1586 780 minisse
1602 742 1723 780 refert
1736 753 1771 792 p.
1791 743 1806 781 4
1819 742 1840 780 -4
1856 743 2013 781 Itineris
2031 743 2168 783 Italici.
2186 744 2380 795 Ejusdem

1419 804 1599 855 opusculi
1623 805 1684 843 sui
1706 805 1949 844 mentionem
1978 805 2070 845 facit
2092 807 2382 847 etiamBonizo

1421 868 1459 904 iu
1480 871 1659 905 extremo
1681 865 1900 906 Chronicae
1918 868 2187 907 Romanorum
2218 869 2382 922 Pontifi-

1419 940 1507 968 cum
1530 940 1552 967 a
1575 930 1688 967 Petro
1713 938 1841 978 usque
1864 928 1914 967 ad
1950 929 2155 969 Urbanum
2189 931 2236 970 11.
2259 943 2379 982 quam

1421 990 1621 1030 Decretali
1639 991 1763 1042 operi,
1781 989 1830 1029 de
1854 1002 1932 1041 quo
1956 1003 2065 1040 mox,
2085 995 2275 1043 prooemii
2298 994 2382 1033 loco

1420 1054 1619 1105 praefixit,
1643 1054 1838 1092 Nimirum
1862 1054 1960 1092 alios
1983 1059 2190 1105 praeterea
2211 1054 2310 1094 duos
2337 1054 2384 1094 li-

1421 1117 1513 1158 bros
1537 1118 1693 1168 scripsit
1717 1116 1764 1155 de
1780 1115 2035 1168 Pontificibus
2057 1116 2261 1168 Romanis,
2285 1130 2382 1170 quo-

1420 1193 1509 1220 rum
1528 1181 1672 1232 prior,
1696 1180 1744 1219 de
1767 1180 1888 1219 rebus
1910 1179 1985 1219 sub
2021 1179 2235 1219 Benedicto
2257 1181 2312 1221 IX
2341 1186 2382 1221 et

1423 1245 1615 1282 insecutis
1649 1242 1904 1282 Pontificibus
1928 1246 1970 1281 et
1990 1240 2230 1294 Anti—papis
2251 1254 2381 1295 usque

1420 1307 1467 1347 ad
1489 1307 1639 1345 obitum
1657 1305 1832 1356 Gregorii
1853 1306 1922 1345 Vll
1946 1304 2021 1344 An.
2045 1305 2149 1346 4085
2164 1306 2382 1357 inscriptus

1418 1370 1472 1409 ad
1490 1371 1693 1418 Amicumg
1714 1368 1816 1407 alter
1839 1372 1974 1408 autem
1998 1368 2047 1407 de
2070 1367 2182 1408 Actis
2201 1369 2318 1421 primi
2341 1374 2382 1408 et

1419 1446 1468 1474 ex
1492 1438 1604 1485 parte
1628 1432 1793 1472 secundi
1817 1434 1910 1470 anni
1944 1431 2202 1471 Pontificatus
2234 1432 2380 1472 Urbani

1420 1498 1453 1535 ll
1484 1497 1598 1535 electi
1622 1495 1697 1534 An.
1728 1495 1844 1534 4088.
1869 1494 1918 1534 42
1942 1495 2095 1544 Martii,
2120 1494 2184 1533 ille
2213 1495 2296 1546 ipse
2319 1500 2383 1534 est

1422 1559 1463 1597 in
1483 1560 1687 1609 Huyonem
1711 1556 2030 1606 Schismaticum,
2048 1556 2123 1595 hoc
2145 1560 2229 1605 est,
2251 1561 2297 1597 ut
2311 1559 2384 1598 Pa—

1422 1624 1512 1671 gius
1539 1622 1588 1661 ad
1611 1621 1772 1660 Annum
1799 1620 1901 1660 4044
1931 1630 2041 1660 num.
2061 1618 2086 1658 7
2110 1631 2161 1658 ex
2184 1619 2381 1659 Lambecii

1421 1689 1527 1723 tomo
1551 1685 1584 1724 11
1603 1715 1612 1734 ,
1636 1696 1722 1735 pag.
1745 1683 1820 1722 798
1836 1683 1919 1733 J'am
1941 1683 2121 1732 monuit,
2144 1686 2283 1722 contra
2303 1683 2383 1722 llu-

1419 1758 1560 1793 gonem
1585 1750 1846 1796 cognomento
1870 1744 2112 1792 Candidum,
2131 1743 2381 1785 Cardinalem

1419 1808 1704 1858 Presbyterum
1742 1807 1846 1846 tituli
1885 1807 1923 1845 S.
1948 1806 2192 1856 Clementis,
2232 1807 2300 1858 qui
2335 1807 2381 1846 A.

1420 1871 1515 1911 4064
1547 1870 1596 1908 ab
1619 1870 1729 1908 obitu
1754 1869 1899 1908 Nicolai
1923 1868 1957 1907 II
1981 1869 2135 1919 Papae,
2158 1869 2385 1920 antesigna-

1419 1944 1496 1971 nus
1521 1933 1593 1971 fuit
1612 1943 1749 1971 eorum
1767 1961 1775 1979 ,
1795 1932 1862 1983 qui
1884 1942 2035 1970 novum
2055 1930 2288 1978 Pontificem
2308 1931 2385 1970 Ro-

1419 2005 1583 2033 manum
1611 2005 1690 2032 non
1721 1994 1794 2032 nisi
1824 1993 2010 2032 consulto
2039 1997 2080 2032 et
2108 1994 2385 2032 consentiente

1417 2056 1658 2106 Imperatore
1682 2055 1848 2093 llenrico
1873 2054 1920 2091 IV
1943 2053 2161 2102 creandum
2181 2063 2272 2092 esse
2290 2065 2384 2093 con—

1418 2116 1647 2155 tenderunt.
1678 2115 1869 2165 Ejusdem
1909 2115 2119 2153 Bonizonis
2154 2114 2382 2158 Paradisus

1417 2176 1750 2229 Atcssustim'anus‚
1768 2179 1853 2216 sive
1868 2178 2040 2228 epitome
2055 2187 2219 2227 operum
2233 2181 2274 2216 ct
2290 2189 2381 2217 sen-

1416 2241 1631 2278 tentiarum
1660 2239 1700 2278 S.
1723 2237 1937 2289 Augustini
1962 2237 2077 2278 libris
2093 2241 2176 2277 octo
2200 2239 2355 2291 digesta
2370 2270 2379 2288 ‚

1416 2306 1548 2340 exstat
1570 2302 1648 2340 MS.
1673 2302 1713 2339 in
1741 2301 1983 2340 Bibliotheca
2012 2301 2208 2340 Caesarea
2233 2301 2380 2340 Vindo-

1414 2362 1602 2411 bonensi,
1627 2367 1731 2402 teste
1753 2363 1959 2402 Lambecio
1983 2366 2078 2401 tom.
2103 2363 2162 2411 ll,
2187 2373 2273 2414 pag.
2298 2363 2375 2402 790

1415 2436 1499 2475 seq.
1524 2425 1588 2464 uhi
1621 2428 1857 2476 argumenta
1880 2424 2070 2463 librorum
2093 2427 2136 2462 et
2168 2423 2376 2470 exordium

1413 2487 1670 2527 dedicationis
1693 2487 1742 2526 ad
1761 2489 1955 2527 joannem
1968 2485 2238 2535 Walbertum,
2253 2486 2376 2538 Vallis

1417 2551 1625 2589 umbrosae
1649 2549 1842 2590 Abbatem
1866 2550 2040 2601 primum
2064 2547 2378 2599 exhibet‚circa

1417 2613 1579 2653 Annum
1603 2612 1703 2652 4070
1728 2617 1768 2651 et
1786 2617 2002 2663 antequam
2022 2610 2073 2650 ad
2089 2611 2373 2663 Episcopatum

1417 2676 1668 2715 eveheretur.
1701 2674 1779 2715 Sed
1803 2675 2060 2726 praecipuum
2092 2684 2192 2724 opus
2211 2674 2376 2713 Bonizo-

1416 2740 1477 2776 nis
1506 2742 1591 2787 est,
1621 2738 1684 2776 cui
1713 2738 1912 2788 epitomen
1946 2737 2032 2775 sive
2067 2735 2292 2775 Chronicon
2320 2735 2370 2774 de

1413 2800 1667 2839 Pontificibus
1682 2798 1903 2849 praefixum
1915 2809 2006 2838 esse
2017 2797 2100 2849 jam
2109 2797 2251 2845 dixi,et
2264 2797 2370 2847 quod

1413 2864 1451 2901 in
1491 2863 1630 2902 eodem
1659 2862 1813 2901 librario
1850 2861 2033 2900 Caesaris
2065 2860 2267 2900 Thesauro
2293 2860 2372 2900 MS.

1413 2926 1562 2966 servari
1580 2924 1682 2963 idem
1698 2923 1932 2962 Lambecius
1946 2934 2033 2974 pag.
2049 2919 2126 2961 797
2142 2931 2225 2972 seq,
2247 2925 2370 2962 testa-

1412 2992 1493 3034 tur,
1517 2984 1736 3033 Decretale,
1760 2986 1847 3023 sive
1876 2981 2368 3037 syntagma-,decretorum

1412 3049 1781 3088 Ecclesiasticorum
1805 3059 1856 3086 ex
1876 3047 1997 3086 Sacra
2023 3045 2252 3096 Scriptura,
2281 3056 2371 3096 pro-

1411 3111 1593 3161 batisque
1635 3109 1844 3156 conciliis,
1874 3107 2110 3147 Pontificum
2141 3107 2251 3146 Rom.
2296 3107 2366 3148 SS.

1409 3174 1570 3212 Patrum
1586 3173 1830 3220 aliorumque
1839 3169 2148 3210 orthodoxorum
2158 3173 2366 3210 auctorum

1409 3235 1680 3274 monumentis
1700 3233 1936 3282 collectum,
1956 3236 1997 3272 et
2018 3231 2241 3272 secundum
2262 3233 2367 3273 locos

1409 3307 1643 3336 communes
1667 3297 1705 3333 in
1729 3298 1875 3346 septem
1898 3293 2020 3334 libros
2044 3295 2231 3335 divisum.
