2500 4009
453 304 577 342 holtein
610 298 913 352 pernmnseru-nt
949 292 1035 342 fiu'c.
1088 289 1314 341 Composuit
1353 291 1386 337 a)

453 367 592 404 librum
612 361 710 399 tidei.
729 368 800 394 non
820 353 945 394 solum
969 355 1200 391 sanctarum
1222 350 1392 401 scriptu—

451 435 590 464 rarum
611 418 821 459 sententies.
839 415 907 454 sed
922 419 959 454 et
974 416 1142 452 Patrum
1165 412 1394 451 testimoniis

451 482 748 526 comminutum,
774 482 810 516 et
835 488 907 529 per
939 475 1107 526 colleyas
1140 473 1394 526 confessionis

450 546 545 586 suae
560 530 755 597 *pori-emit
775 555 780 578 :
806 541 895 578 Jam
911 550 1004 577 vero
1026 535 1293 589 asportandus
1319 546 1394 587 pro

447 607 570 661 fidelis
605 605 759 655 linquae
782 600 1100 640 remuneratione
1130 599 1169 637 in
1201 597 1369 637 eaeilium
1387 629 1396 645 ,

450 669 646 720 Epistolas
662 664 769 704 velut
782 661 1096 702 commonitorias
1102 659 1205 712 fidei,
1223 664 1260 699 et
1277 659 1397 698 unius

449 730 584 770 sacri.
610 732 647 767 et
667 724 930 765 conservandi
949 722 1231 776 Baptismatis,
1257 719 1397 760 ovibus

450 793 533 832 suis
556 789 676 843 quasi
688 792 829 841 pastor
852 785 1043 826 sollicitus
1064 783 1301 836 dereliquit:
1334 784 1400 822 Al-

449 856 686 894 tcrcationcs
710 862 874 902 quoque,
896 859 997 900 quas
1021 859 1109 886 cum
1131 846 1399 885 Arrianorum

454 913 726 962 Praesulibus,
750 924 824 964 per
849 910 1115 950 internuncios
1140 907 1288 957 habuit,
1312 919 1399 946 con-

457 978 629 1029 scripsit,
651 979 685 1014 et
710 973 938 1025 releyendas
954 985 1030 1024 per
1052 972 1239 1023 majorem
1262 969 1400 1009 <lomus

454 1039 649 1078 Hunerico
659 1041 808 1075 transm
816 1036 889 1074 isit:
909 1033 1098 1074 Similiter
1118 1036 1155 1072 et
1174 1043 1311 1083 preces
1323 1043 1398 1083 pro

453 1102 578 1154 quiete
604 1099 923 1140 Christianorum
938 1096 1061 1135 eidem
1079 1094 1186 1135 velut
1200 1094 1398 1145 apologias

453 1163 600 1202 obtulit.
626 1164 762 1200 l'evere
783 1159 911 1198 adhuc
935 1159 969 1206 b,
995 1158 1048 1197 ad
1067 1156 1399 1209 confirmationem

454 1224 650 1263 Ecclesiae
673 1222 832 1260 dicitur.
853 1223 913 1260 Ex
938 1221 1046 1259 hisce
1067 1219 1251 1258 omnibus
1268 1219 1398 1269 Euge-

454 1289 505 1325 nii
531 1286 688 1336 scriptis
709 1284 803 1322 nihil
828 1283 874 1322 ad
899 1294 970 1320 nos
991 1282 1185 1332 pervenit,
1204 1281 1277 1318 nisi
1294 1279 1398 1330 quod

454 1348 540 1399 ejus
563 1359 651 1385 csse
677 1346 852 1385 creditur
875 1343 1076 1396 Professio
1095 1342 1189 1394 fidei
1226 1339 1400 1381 Catholi—

453 1422 587 1449 corum
609 1410 906 1461 Episcoporum,
926 1405 1125 1446 Hunerico
1149 1403 1246 1455 Reqz’
1267 1401 1398 1442 oblata

454 1475 540 1513 XII.
567 1473 647 1512 Cal.
670 1471 756 1522 Maj.
782 1471 855 1509 An.
885 1468 959 1507 482
985 1479 1085 1518 quae
1112 1467 1249 1517 implet
1272 1470 1399 1504 totum

456 1536 596 1575 librum
619 1536 780 1573 tertium
807 1533 999 1572 Historiae
1022 1530 1191 1569 Victoris
1215 1529 1400 1575 Vitensis‚

453 1608 572 1648 quam
604 1597 651 1635 de
689 1595 963 1646 persecutione
997 1591 1207 1631 Vandalica
1245 1600 1403 1640 compo-

454 1662 532 1698 suit
551 1691 561 1707 ,
583 1664 677 1697 tom.
704 1658 740 1695 8.
764 1655 1028 1695 Bibliothecae
1050 1656 1210 1692 Patrum
1246 1652 1403 1702 Lugdu-

455 1733 565 1760 nens.
598 1733 683 1772 pag.
724 1720 799 1758 683
834 1724 952 1768 atquc
999 1715 1089 1754 inde
1127 1715 1202 1753 sub
1238 1712 1407 1763 Eusseuii

458 1786 618 1822 nomine
635 1815 645 1832 ,
671 1781 775 1832 quod
805 1782 938 1819 Victor
960 1779 1116 1825 omisit,
1150 1776 1287 1814 cadem
1317 1775 1409 1825 legi—

460 1852 524 1884 tur
557 1847 593 1883 in
625 1846 745 1882 tomis
769 1842 1046 1881 Conciliorum.
1082 1839 1168 1885 Quo
1192 1839 1326 1876 minus
1355 1841 1413 1874 ta-

463 1919 552 1946 men
577 1907 638 1945 illa
664 1908 715 1943 sit
733 1905 961 1950 Confessio,
988 1902 1035 1940 de
1060 1914 1137 1952 qua
1161 1898 1406 1946 Gennadius,

463 1969 622 2008 videtur
647 1969 827 2014 obstare,
858 1965 961 2016 quod
987 1965 1050 2003 hic
1076 1967 1248 2002 testatur
1283 1962 1411 2011 Euge-

467 2034 573 2070 nium
605 2031 902 2070 Confessioncm
929 2038 1041 2066 suam
1065 2036 1140 2064 non
1178 2023 1305 2063 solum
1341 2023 1410 2061 SS.

467 2092 776 2142 scripturarum
813 2088 1039 2135 sententiis,
1075 2086 1145 2126 secl
1176 2089 1214 2124 et
1245 2086 1414 2124 Patrum

460 2152 687 2191 testimoniis
712 2150 988 2189 communitam
1006 2149 1245 2198 porrexisse,
1269 2147 1306 2183 in
1334 2146 1406 2183 hac

461 2218 594 2251 autem
611 2243 620 2258 ,
641 2223 742 2261 quae
772 2211 874 2261 apud
899 2211 1097 2247 Victorem
1134 2213 1291 2256 exstat,
1329 2207 1412 2244 sola

465 2287 513 2312 ex
538 2275 660 2312 sacris
689 2273 830 2311 litteris
860 2273 1026 2322 repetita
1061 2270 1285 2308 testimonia
1322 2268 1414 2306 alle-

467 2341 636 2375 runtur:
660 2336 731 2373 nisi
758 2338 907 2384 partem
934 2334 1097 2371 alteram
1120 2343 1139 2369 a
1174 2332 1327 2369 Victore
1365 2329 1412 2367 de

470 2398 661 2436 industria
684 2397 1003 2447 praetermissam
1022 2404 1110 2432 esse
1127 2393 1287 2431 dixeris.
1304 2392 1413 2439 Vide,

469 2461 499 2497 si
517 2459 660 2509 placet,
676 2457 970 2496 Tillemontium
990 2461 1083 2493 tom.
1102 2456 1187 2494 xvi
1220 2466 1306 2504 pag.
1326 2454 1413 2492 564.

521 2523 559 2560 S.
584 2520 863 2566 EL‘GENIL‘S.
888 2529 1007 2569 supra
1029 2528 1113 2568 pag.
1139 2517 1228 2555 500.
1254 2515 1414 2554 EGWI-

466 2584 574 2622 MS.

522 2644 776 2684 EL'GENIL'S
799 2643 826 2680 I.
865 2643 1068 2680 Romanus
1091 2670 1098 2685 ,
1138 2639 1334 2679 Rufiniani
1372 2640 1414 2677 ii-

468 2709 568 2753 lius,
600 2707 646 2744 ab
683 2705 757 2744 An.
791 2705 878 2744 651.
910 2703 1155 2754 Septembris
1192 2702 1215 2740 7
1259 2701 1307 2740 ad
1339 2700 1414 2740 An.

470 2769 545 2808 657
570 2769 611 2806 31
643 2767 728 2817 Maj.
744 2767 944 2806 Ecclesiae
968 2767 1164 2804 Romanae
1182 2765 1414 2815 Episcopus,

467 2830 582 2880 cujus
611 2830 716 2868 nulla
741 2828 900 2879 quidem
926 2829 1097 2878 scrIpta,
1128 2827 1196 2866 sed
1228 2826 1323 2864 haec
1349 2825 1416 2863 de-

469 2898 574 2931 creta
598 2896 768 2942 quatuor
792 2890 895 2940 apud
932 2890 1164 2927 Gratianum
1186 2918 1193 2937 ,
1223 2888 1414 2927 Jacobum

473 2955 691 3005 Philippum
730 2954 1029 3001 Bergomatom,
1068 2951 1244 3000 aliosque
1284 2950 1417 2988 ferun-

473 3022 565 3054 tur:
617 3017 647 3062 l,
686 3018 730 3052 ut
769 3011 933 3064 quilibet
970 3012 1187 3063 Episcopus
1235 3022 1415 3050 carceres

475 3077 633 3116 haberet
648 3076 701 3115 ait
717 3075 995 3128 poenitentiam
1014 3073 1321 3126 delinquentium
1343 3073 1417 3112 cle-

476 3140 660 3178 ricorum.
694 3140 721 3187 2
750 3142 791 3175 ut
809 3138 935 3188 jurata
975 3136 1184 3185 Ecclesias,
1220 3134 1417 3176 domicilia

537 3305 565 3329 ἵε»
592 3302 650 3329 An.
673 3299 745 3330 ⁴54.

535 3356 549 3374 a
591 3350 724 3385 sempsit
752 3348 830 3377 havi·
859 3350 1046 3379 Gennadius
1074 3353 1109 3380 Α.
1134 3349 1206 3379 4114.

1239 220 1620 260 EUGENIUS

1459 286 1723 327 sacerdotum
1748 293 2085 328 construerentur.
2111 290 2145 339 3)
2164 301 2211 328 ue
2230 290 2412 330 Monachi

1463 349 1605 401 quavis
1621 360 1676 388 eae
1694 360 1817 388 causa
1832 351 1915 389 sine
1933 351 1999 390 sui
2016 351 2238 402 superioris
2253 351 2411 392 lice-ntia

1464 410 1685 450 claustrum
1708 411 1890 450 eaeirent:
1924 418 1964 451 et
1989 414 2023 461 1)
2046 417 2092 452 ut
2109 413 2243 454 nullus
2265 413 2411 454 invitus

1466 472 1682 512 Monachus
1711 473 1751 511 in
1778 474 2014 512 monasterio
2043 478 2256 515 teneretur.

1520 536 1776 575 EUGENIUS
1803 536 1849 574 II.
1884 537 2098 575 Boemundi
2141 538 2270 588 tilius,
2308 539 2412 589 Papa

1468 597 1516 636 ab
1535 597 1608 636 An.
1633 598 1723 637 821.
1747 599 1852 636 Junii
1877 599 1900 637 5
1920 597 1968 637 ad
1987 599 2146 639 Annum
2172 599 2413 651 827.Augu-

1470 661 1521 698 sti
1538 659 1601 698 27.
1617 657 1734 702 cujus
1751 658 1929 711 Epistola
1958 658 2013 698 ad
2035 660 2300 711 Bernardum,
2319 663 2413 714 Epi-

1470 733 1632 773 scopum
1652 723 1931 767 Viennensem,
1952 725 2085 761 exstat
2110 723 2149 761 in
2175 726 2294 763 tomis
2313 724 2415 764 Con—

1471 785 1647 823 ciliorum
1671 814 1679 832 ,
1719 785 1756 822 in
1795 783 2035 823 Bibliotheca
2077 784 2339 835 Floriacensi,
2376 787 2415 824 in

1471 847 1624 885 Baronii
1648 846 1870 885 Annalibus
1892 845 1940 885 ad
1960 844 2121 885 Annum
2143 846 2221 886 827
2245 858 2353 888 num.
2378 849 2414 887 2.

1474 910 1510 946 in
1527 908 1830 959 antiquitatibus
1841 909 1859 946 J
1866 908 2034 947 ohannis
2050 909 2204 948 Lieurei
2218 909 2417 949 Viennen-

1473 971 1583 1010 sibus
1607 971 1640 1018 a)
1661 970 1807 1009 Gallice
1831 969 1948 1010 editis
1961 971 2137 1010 Viennae
2151 971 2268 1017 1623,
2288 971 2324 1010 8.
2341 976 2416 1010 etc.

1471 1030 1649 1083 Epistola
1681 1031 1736 1071 ad
1769 1031 1982 1084 Episcopos
2018 1031 2122 1083 apud
2162 1032 2345 1072 Carolum
2382 1033 2419 1072 le

1472 1096 1612 1134 Cointe
1632 1099 1726 1133 tom.
1742 1095 1827 1133 VII.
1843 1093 2059 1134 Annalium
2075 1095 2315 1134 Francorum
2332 1105 2418 1146 pag.

1477 1157 1554 1196 706
1574 1186 1584 1195 .
1612 1168 1697 1208 seq.
1729 1154 1908 1208 Diploma
1930 1155 2068 1195 datum
2094 1155 2237 1209 Yrolfo,
2253 1157 2422 1196 Laurea-

1469 1220 1601 1258 censis
1629 1219 1829 1257 Ecclesiae
1853 1217 2187 1270 Archiepiscopo‚
2230 1219 2270 1258 in
2309 1218 2424 1258 Chri-

1473 1281 1647 1332 stophori
1671 1280 1850 1319 Gewoldi
1875 1279 2093 1332 appendice
2122 1279 2169 1320 ad
2200 1279 2421 1320 Chronicon

1473 1343 1856 1393 Reicherspergense
1880 1353 1966 1393 pag.
1993 1340 2054 1381 17.
2074 1341 2266 1382 Monachii
2290 1341 2386 1382 1611
2409 1373 2420 1390 ,
2499 1382 2500 1387 ,

1476 1406 1510 1444 4.
1543 1403 1723 1455 Epistola
1748 1406 1786 1442 in
1817 1403 1978 1455 Synodo
2001 1404 2211 1443 Parisiensi
2235 1402 2321 1454 (An.
2345 1404 2423 1443 825
2498 1410 2500 1455 f

1475 1472 1611 1506 contra
1635 1466 1788 1505 cultum
1827 1466 2045 1517 imaginum
2079 1464 2225 1515 habita)
2264 1467 2424 1504 nomine

1478 1530 1642 1569 Romani
1688 1528 1888 1567 Ponttiieis
1933 1527 1988 1566 ad
2032 1525 2260 1567 Michaelem
2305 1530 2426 1579 atque
2497 1514 2500 1531 ¹

1480 1589 1751 1642 Theophilum,
1786 1591 2049 1641 Imperatores
2084 1590 2325 1630 Graecorum
2344 1620 2355 1638 ,
2389 1590 2428 1628 in

1476 1653 1654 1692 Goldasti
1695 1651 1969 1703 Imperialibus
2005 1651 2178 1691 decretis
2222 1650 2271 1691 de
2318 1652 2431 1691 cultu
2479 1693 2482 1696 ,

1479 1716 1693 1765 imaginum
1719 1725 1804 1765 pag.
1829 1713 1921 1752 723.
1945 1713 2116 1752 Decreta
2138 1713 2219 1761 XI,
2250 1724 2300 1752 ex
2329 1713 2431 1753 Con·
2499 1711 2500 1715 ’

1482 1776 1568 1814 citio
1591 1776 1789 1823 Remensi,
1814 1786 1915 1825 quae
1935 1775 2124 1826 pleraque
2140 1774 2186 1814 ad
2203 1775 2430 1826 Eugenium

1483 1838 1556 1887 111,
1584 1842 1764 1888 spectare
1793 1840 1983 1876 notarunt
2011 1836 2276 1876 Conciliorum
2311 1835 2434 1876 edito-

1484 1910 1574 1948 reS,
1620 1900 1723 1937 sicut
1763 1897 1811 1937 de
1853 1899 1931 1937 illis
1969 1909 2155 1949 quoque,
2191 1909 2294 1950 quae
2326 1898 2433 1950 apud

1484 1962 1717 2001 Gratianum
1746 1961 1914 2012 sparsim
1939 1964 2114 2009 exstant,
2138 1960 2293 1999 monuit
2313 1961 2431 1999 Baro-

1485 2025 1576 2062 nius
1599 2023 1647 2061 ad
1667 2022 1828 2061 Annum
1854 2023 1930 2062 626
1955 2034 2064 2062 num.
2097 2021 2134 2060 7.
2173 2021 2255 2062 Sub
2291 2021 2430 2061 eodem

1486 2086 1665 2135 Eugenio
1688 2085 1734 2122 11.
1751 2083 1826 2122 An.
1851 2084 1941 2123 826.
1970 2082 2187 2124 Concilium
2216 2085 2436 2123 Romanum

1485 2148 1769 2197 Episcoporum
1795 2146 1944 2194 LXIII,
1970 2146 2009 2182 in
2033 2156 2112 2195 quo
2137 2144 2284 2184 conditi
2308 2145 2436 2185 Cano-

1486 2219 1554 2246 πρε
1583 2207 1806 2255 XXXVIII,
1832 2208 1869 2245 in
1895 2206 2087 2245 Holstenii
2110 2206 2341 2245 collectione
2364 2207 2437 2245 Ro-

1487 2281 1602 2308 mana
1635 2269 1748 2317 1662,
1774 2269 1810 2306 8.
1840 2272 1950 2319 parte
1974 2268 1997 2307 2
2024 2272 2064 2306 et
2088 2270 2126 2307 in
2153 2269 2272 2308 tomis
2295 2269 2436 2308 Conci-

1486 2332 1648 2377 liorum,
1674 2332 1710 2368 in
1733 2330 1877 2380 quibus
1900 2331 2019 2368 etiam
2042 2330 2221 2381 Epistola
2245 2329 2434 2369 Ludovici

1486 2398 1526 2431 et
1551 2393 1719 2431 Lotharii
1745 2393 2031 2443 Imperatorum
2069 2390 2118 2430 ad
2157 2391 2264 2430 hunc
2305 2392 2437 2441 Euge-

1487 2456 1598 2493 nium
1614 2454 1706 2494 data
1722 2454 1797 2493 An.
1816 2455 1907 2492 824.
1929 2453 2029 2493 adde
2047 2453 2231 2494 Carolum
2247 2453 2283 2493 le
2298 2455 2436 2494 Cointe

1488 2521 1580 2555 tom.
1608 2516 1643 2555 7.
1669 2528 1755 2567 pag.
1777 2516 1867 2556 792.

1539 2577 1798 2618 EUGEMUS
1829 2579 1912 2627 III,
1941 2582 2058 2618 antea
2099 2579 2242 2618 Petrus
2263 2579 2441 2618 Bernar-

1488 2641 1562 2680 dus
1590 2643 1783 2689 Pisanus,
1813 2640 1971 2679 Ordinis
2012 2641 2289 2680 cisterciensis
2307 2671 2317 2691 ,
2347 2640 2437 2680 inde

1487 2705 1587 2754 Papa
1612 2704 1660 2742 ab
1682 2703 1756 2742 An.
1795 2703 1912 2742 1115.
1950 2703 2150 2743 Februarii
2188 2703 2239 2743 14
2274 2703 2323 2743 ad
2361 2702 2437 2742 An.

1490 2767 1605 2805 1153.
1625 2765 1720 2805 flulti
1743 2766 1766 2803 8
1798 2764 1913 2816 cujus
1940 2764 2140 2816 Epistulae
2175 2765 2438 2812 LXXXVIII,

1488 2831 1649 2866 exstant
1674 2828 1711 2865 in
1741 2827 2007 2866 Conciliorum
2043 2828 2188 2875 tomis,
2228 2831 2270 2866 et.
2292 2828 2332 2866 in
2358 2825 2439 2866 An—

1489 2889 1565 2938 geli
1588 2890 1746 2928 Maurici
1775 2890 1861 2927 sive
1883 2889 2112 2939 Mauriquez
2135 2887 2356 2928 Annalibus
2377 2888 2439 2928 Ci-

1490 2955 1607 2989 sterc.
1633 2955 1726 2989 tom.
1752 2951 1776 2989 2
1798 2951 1836 2989 in
1857 2950 2062 2989 Bertrandi
2081 2951 2229 2990 Tissier
2251 2949 2435 2990 Biblioth.

1490 3012 1745 3051 Cistereiensi
1770 3016 1844 3051 etc.
1867 3013 1927 3051 Ex
1947 3013 2022 3051 illis
2045 3012 2245 3064 Epistolae
2273 3012 2358 3059 XII,
2387 3010 2437 3050 ad

1491 3075 1685 3124 Hispanos
1709 3074 1811 3125 apud
1833 3073 2061 3125 Aguirrium
2084 3078 2179 3113 tom.
2203 3074 2268 3113 111.
2301 3072 2441 3113 Conci-

1495 3136 1637 3174 liorum
1662 3137 1871 3186 Hispaniae
1891 3146 1978 3187 pag.
2007 3136 2109 3184 355,
2130 3145 2240 3184 seqq.
2277 3134 2345 3172 His
2375 3144 2439 3173 ac-

1494 3198 1642 3237 cedunt
1661 3199 1837 3248 Epistola
1868 3197 1918 3237 ad
1948 3199 2106 3237 Petrum
2142 3197 2361 3247 Regensem
2399 3199 2439 3234 et-

1554 3347 1586 3385 a)
1609 3345 1793 3378 rudovicus
1816 3345 1956 3378 Jacobus
1979 3343 2060 3376 BibI.
2084 3344 2236 3378 Pontific-
2262 3352 2337 3384 pag.
2359 3343 2411 3376 65.
2460 3360 2462 3363 -
