2500 3841
876 180 1325 222 ALPHONSUS
2033 181 2081 219 71

164 255 185 280 ³*
201 256 245 294 In
261 252 502 294 Bibliotheca
514 252 702 293 Vaticana
716 258 877 294 notante
890 256 931 294 P.
945 256 1069 295 Mont-

115 318 256 357 faucon
285 314 466 356 Biblioth.
485 315 591 354 MSS.
621 327 707 366 pag.
739 317 833 356 4454
859 321 991 357 exstat
1004 317 1069 357 Al-

111 379 291 431 phonsus
308 379 526 429 Episcopus
541 379 755 427 Burgensis
771 389 890 430 super
904 379 1068 418 alterca-

112 442 217 480 tione
236 440 542 492 praeminentiae
575 439 730 480 sedium
758 442 862 480 inter
880 441 1065 481 Oratores

112 503 229 553 Regis
261 501 487 553 Aragonum
507 506 547 540 et
561 503 677 552 Regis
705 502 881 553 Angliae.
898 502 1063 555 Ambigo

116 569 251 604 tamen
279 575 329 603 an
350 563 446 603 haec
468 563 517 602 de
535 562 736 615 Alphonso
759 565 834 603 isto
851 564 955 604 dicta
970 568 1061 605 sint.

165 625 456 665 ALPHONSUS
480 625 645 677 Varqas.
670 627 782 676 infra,
805 626 1063 679 Hispalensis.

163 687 454 727 ALPHONSUS
482 688 676 738 Zamora,
702 688 967 728 Ex-Judaeus
991 689 1066 729 sub

113 749 265 790 Saeculi
280 750 370 789 XVI
391 750 510 799 initia,
525 749 642 801 cujus
657 763 821 802 magnae
836 756 969 802 partes
985 752 1068 791 fue-

113 813 210 851 rein
232 811 468 851 adornandis
484 812 618 851 Bibliis
638 813 868 864 polyglottis
884 813 1070 864 Complu-

111 873 311 925 tensibus‚
327 873 472 925 quibus
495 875 614 913 etiam
634 875 937 914 Vocabularium
961 874 1069 913 addi-

111 935 187 984 dit,
211 939 252 974 et
272 935 578 974 Grammaticam
602 940 643 974 et
662 937 950 976 Correctorium
969 936 1070 974 loco-

110 1008 201 1036 rum
215 1008 420 1048 perperam
436 998 475 1035 in
491 996 700 1038 Codicibus
715 997 950 1048 quibusdam
966 997 1071 1036 Scri-

111 1062 283 1109 ptorum.
307 1058 404 1098 Vide
427 1059 637 1099 Warthoni
664 1060 883 1099 auctarium
920 1058 969 1097 ad
998 1059 1071 1099 Ca-

113 1131 235 1160 veum
261 1120 310 1160 ad
333 1119 407 1160 An.
429 1121 543 1161 4506.

163 1180 530 1223 ALTAICHENSIS
545 1182 722 1222 Monachi
737 1182 783 1222 de
801 1182 887 1223 Vita
902 1183 942 1222 S.
958 1182 1069 1223 Salo-

111 1254 194 1283 mes
211 1243 393 1296 Vaeryinis,
405 1248 444 1284 et
453 1244 637 1284 Judithae
651 1244 809 1296 Viduae,
820 1246 1067 1285 reclusarum

109 1306 214 1357 apud
228 1306 384 1346 Altaich
400 1309 438 1346 in
456 1309 633 1358 Bavaria,
646 1308 810 1347 Saeculo
829 1309 884 1346 IX
902 1309 939 1346 in
956 1307 1069 1347 Actis

109 1368 346 1408 Sanctorum
370 1370 419 1409 29
440 1370 547 1410 Junii
569 1375 676 1410 tomo
699 1370 752 1419 V,
779 1381 865 1421 pag.
898 1371 986 1409 493.

164 1426 479 1471 ALTMANNUS.
505 1443 650 1485 supra,
675 1431 994 1472 ALEMANNUS.

163 1490 353 1543 Maqistri
367 1491 624 1548 ALTMANNI
640 1492 814 1534 Medulla
826 1493 1073 1535 Matrimonii

112 1554 296 1594 versibus
305 1555 483 1606 exposita
492 1555 746 1595 hexametris.
761 1558 902 1608 Incipit
911 1571 919 1596 :
928 1557 1070 1597 Ardua

112 1618 313 1656 tentantes.
348 1617 426 1656 MS.
466 1618 621 1659 Saeculi
644 1619 736 1658 XIII
769 1619 809 1657 in
835 1620 1069 1659 Monasterio

112 1678 424 1729 cremifanensi,
443 1679 603 1734 Ordinis
621 1680 823 1720 Benedicti
838 1682 878 1719 in
895 1680 1069 1732 Austria,

112 1744 157 1779 ut
178 1751 228 1779 ex
251 1741 314 1780 CI.
338 1742 429 1781 Viro
453 1742 655 1782 Bernardo
678 1744 754 1782 Pez
775 1743 905 1783 didici.

166 1801 434 1843 ALVARDUS
450 1803 729 1854 Cadurcenm's,
739 1805 899 1845 Ordinis
915 1806 1071 1846 Praedi-

113 1867 315 1914 catorum,
330 1865 417 1904 aliis
426 1864 622 1914 Alvarus,
637 1867 724 1906 aliis
742 1867 976 1908 Bernartius
991 1867 1071 1907 Ar-

113 1923 233 1975 noldi,
256 1925 328 1965 sed
354 1938 450 1966 vero
485 1929 643 1967 nomine
680 1928 947 1970 ARNALDUS
975 1931 1072 1969 Ber-

115 1986 255 2037 nardi,
277 1989 346 2039 qui
367 1989 470 2028 circa
509 1990 672 2029 Annum
702 1991 804 2030 4334
834 1992 939 2031 diem
966 1992 1070 2031 obiit.

121 2049 495 2101 ScripsitPostillam
508 2062 630 2103 super
642 2050 915 2106 Apocalypsin.
933 2056 1074 2093 Lectu-

116 2122 202 2150 ram
215 2115 257 2151 et
271 2112 482 2152 Sermones
489 2124 611 2167 super
623 2118 770 2167 septem
785 2114 964 2156 Psalmos
980 2118 1074 2156 Poe-

114 2173 335 2216 nitentiales
369 2180 411 2216 et
437 2188 560 2230 super
584 2178 763 2233 Officium
784 2178 1070 2233 defunctorum.

115 2236 323 2277 Sermones
348 2237 464 2279 valde
499 2239 692 2281 notabiles
711 2254 780 2293 pro
801 2243 964 2282 Clericis
994 2247 1068 2282 etc.

113 2297 211 2338 Vide
232 2300 422 2340 Jacobum
445 2301 588 2348 Qvetif.
612 2307 640 2342 t.
666 2305 682 2343 Ι
705 2316 791 2356 pag.
813 2306 890 2345 588
919 2317 1002 2357 seq.

166 2359 368 2403 Aicardus
381 2363 702 2416 ALVAROTUS,
717 2368 738 2405 J
742 2367 842 2407 Ctus
857 2370 1072 2408 Patavinus

113 2423 216 2463 circa
228 2423 392 2466 Annum
408 2427 522 2477 4350,
542 2427 658 2479 cujus
679 2428 855 2469 Consilia
873 2431 1073 2470 celebran-

114 2488 192 2524 tur.
223 2487 321 2527 Vide
347 2489 596 2529 Hendreichii
623 2491 840 2531 Pandectas
872 2493 1073 2532 Branden-

113 2545 224 2598 burg.
247 2559 334 2599 pag.
356 2551 444 2589 435.

165 2607 398 2649 ALVAROT
405 2612 463 2650 US
478 2611 525 2650 de
535 2611 752 2662 Alvarotz's',
767 2614 921 2654 Aicardi
939 2615 1069 2665 frater,

112 2670 329 2711 Patavinus
363 2676 405 2711 et
444 2674 528 2724 ipse
565 2675 708 2724 JCtus,
738 2677 807 2726 qui
835 2677 928 2717 obiit
955 2675 1070 2715 Anno

107 2731 262 2771 CHristi
281 2733 381 2772 4388
397 2734 593 2786 huiusque
609 2736 675 2774 filii
693 2738 836 2776 Petrus
851 2736 1072 2777 ALVARO-

114 2794 226 2842 TUS,
263 2796 328 2846 qui
374 2797 569 2836 Bononiae
590 2801 631 2836 et
667 2799 815 2837 Patavii
838 2799 996 2849 docuit,
1020 2800 1069 2838 de

113 2854 230 2906 cujus
269 2859 426 2909 scriptis
463 2858 554 2898 vide
591 2859 791 2898 Nicolaum
821 2861 1067 2901 Comnenum

113 2917 345 2970 Papadopoli
380 2923 473 2958 tom.
498 2921 514 2959 I
538 2920 745 2971 Gymnasii
774 2922 951 2960 Patavini
980 2935 1066 2974 pag.

112 2979 203 3019 2⁴7.
224 2982 407 3032 Petrique
427 2982 546 3022 frater
561 2981 732 3022 ,Iacobus
755 2982 1066 3035 ALVAROTUS,

114 3042 183 3092 qui
205 3040 252 3082 de
271 3042 411 3084 usibus
444 3043 654 3097 feudorum
674 3046 848 3096 scripsit,
873 3050 913 3083 et
931 3057 1067 3097 reper-

115 3102 259 3142 torium
286 3105 537 3145 aaez'omatum
573 3105 808 3159 feudalium,
840 3108 1066 3160 Pataviiquc

114 3162 230 3203 Anno
254 3167 356 3207 4453
372 3168 476 3208 diem
489 3168 582 3207 obiit
602 3180 849 3220 supremum,
866 3168 1064 3221 hujusque

114 3224 183 3264 filii
200 3226 337 3268 Comes
351 3234 392 3269 et
409 3230 677 3270 Franciscus:
699 3231 882 3281 filiusque
901 3231 1065 3271 Comitis

115 3285 285 3328 Jacobus
306 3289 605 3332 ALVAROTUS
627 3292 839 3332 defunctus
868 3293 1064 3334 Ferrariac

1141 257 1244 295 circa
1266 252 1429 294 Annum
1457 254 1572 303 4500,
1595 265 1734 293 omnes
1754 254 1860 293 Juris
1882 254 2089 304 utriusque

1139 319 1278 369 peritia
1299 317 1406 356 clari.
1428 316 1525 356 Vide
1548 316 1807 356 Pancirollum
1830 315 1878 355 de
1900 317 2006 355 Juris
2029 318 2088 355 in-

1139 378 1377 430 terpretibus
1400 379 1463 417 lib.
1487 379 1522 417 II
1545 389 1629 430 cap.
1655 378 1740 416 404.
1755 379 1812 417 De
1834 377 1950 417 editis
1964 378 2089 429 plero-

1137 452 1306 492 rumque
1330 441 1487 492 scriptis
1509 440 1814 479 Hendreichium
1835 441 2030 479 consules.

1189 501 1342 542 Paulus
1357 500 1605 551 ALVARUS,
1622 503 1708 541 aliis
1725 500 1915 541 Aurelius
1924 500 2088 542 Flavius

1135 563 1388 612 ALVARUS,
1416 564 1484 603 Vir
1512 563 1698 613 illustris,
1723 565 1915 603 Patricius
1942 564 2091 604 Cordu-

1137 625 1291 675 bensis,
1316 626 1534 676 HispanuS,
1559 626 1607 664 de
1631 637 1709 675 quo
1727 631 1816 677 post
1838 626 2090 666 Ambrosium

1137 687 1322 726 Moralem
1345 686 1553 738 diligenter
1587 688 1768 727 Nicolaus
1801 688 1997 728 Antonius
2025 688 2089 727 lib.

1139 749 1189 787 VI
1212 748 1476 787 Bibliothecae
1493 749 1689 800 Hispanae
1712 761 1794 800 cap.
1819 751 1842 789 8
1866 755 1957 789 tom.
1976 751 2090 802 Ipag.

1141 810 1217 847 349
1234 820 1317 860 seq.
1335 810 1404 848 Hic
1424 811 1526 849 circa
1545 810 1708 850 Annum
1725 811 1812 850 847.
1831 811 2094 864 Euloyz'iCor-

1144 870 1330 911 dubensis
1358 871 1484 912 Vitam
1498 875 1537 911 et
1546 873 1786 925 Martyrium
1805 876 1973 926 scripsit,
1990 877 2094 927 quod

1142 944 1220 971 non
1243 933 1359 972 modo
1381 938 1514 974 exstat
1541 935 1646 986 apud
1685 936 1846 975 Surium
1866 939 1920 976 XI
1941 940 2090 988 Martii,

1142 993 1213 1033 sed
1231 998 1272 1033 et
1295 996 1333 1033 in
1356 994 1466 1034 Actis
1489 996 1725 1036 Sanctorum
1747 998 1801 1036 XI
1824 999 1949 1037 Martii
1969 1002 2092 1040 tom.l

1140 1067 1227 1108 pag.
1252 1057 1301 1096 90
1331 1068 1414 1108 seq.
1438 1057 1582 1097 additis
1605 1060 1866 1110 ⁴papebrochii
1904 1062 2007 1100 notis
2037 1074 2096 1102 re—

1140 1120 1310 1169 petitum
1333 1131 1383 1158 ex
1408 1120 1578 1160 editione
1601 1121 1798 1161 Ambrosii
1812 1124 1966 1163 Moralis
1985 1136 2097 1175 prae-

1141 1180 1220 1219 fixa
1256 1181 1439 1232 operibus
1461 1183 1614 1234 Eulogii
1637 1183 1686 1223 ab
1708 1195 1753 1222 eo
1779 1186 1953 1237 vulgatis
1982 1188 2097 1227 Com-

1141 1243 1240 1294 pluti
1262 1244 1362 1283 4574
1388 1245 1449 1283 fol.
1474 1246 1529 1283 De
1552 1247 1719 1286 caeteris
1740 1247 1977 1288 editionibus
2000 1254 2094 1288 tom.

1140 1305 1191 1345 IV
1214 1306 1424 1357 Hispaniae
1462 1307 1684 1348 illustratae
1715 1321 1800 1361 pag.
1831 1311 1908 1350 223
1931 1316 1973 1350 et
2001 1316 2095 1351 tom.

1141 1369 1213 1409 XV
1223 1369 1486 1409 Bibliothecae
1494 1371 1654 1410 Patrum
1668 1371 1750 1421 jam
1765 1374 1916 1412 notavit
1926 1374 2096 1413 Caveus.

1141 1431 1197 1470 De
1213 1430 1402 1470 Sc‘inlillz's
1431 1433 1602 1471 Patrum
1635 1433 1727 1472 vide
1748 1435 1850 1473 infra
1864 1436 1903 1473 in
1913 1436 2098 1476 DEFEN-

1142 1493 1284 1533 SORE.
1305 1493 1526 1533 Inclz‘culum
1550 1494 1789 1536 luminosum
1805 1499 1997 1548 scriptum
2014 1497 2097 1537 An—

1143 1567 1194 1595 no
1216 1557 1370 1596 CHristl
1394 1557 1469 1597 854
1494 1556 1616 1608 hujus
1652 1557 1788 1599 Alvari
1824 1571 1931 1609 esse,
1960 1566 2096 1601 contra

1142 1619 1298 1658 Moralis
1321 1620 1582 1669 sententiam,
1607 1621 1745 1671 probat
1767 1622 1947 1662 Nicolaus
1975 1622 2098 1662 Anto-

1144 1681 1234 1720 nius
1257 1681 1321 1720 lib.
1346 1682 1395 1723 VI
1420 1682 1684 1722 Bibliothecae
1720 1685 1870 1723 veteris
1903 1686 2098 1737 Hispanae

1143 1752 1226 1794 cap.
1251 1743 1275 1781 8
1299 1747 1392 1782 tom.
1414 1745 1428 1783 Ι
1452 1755 1539 1795 pag.
1566 1745 1642 1784 350
1663 1746 1730 1795 qui
1753 1747 1894 1798 prioris
1915 1747 2036 1787 finem
2059 1752 2100 1787 et

1141 1807 1400 1856 posteriorem
1423 1806 1568 1846 librum
1590 1808 1791 1857 integrum
1815 1813 1925 1848 notat
1952 1811 1992 1848 in
2019 1811 2097 1849 MS.

1143 1866 1379 1917 desiderari,
1407 1873 1768 1920 argumentumque
1804 1872 1952 1921 operis,
1986 1871 2101 1910 docet

1145 1940 1234 1968 esse
1254 1929 1524 1971 defensionem
1539 1932 1707 1981 illorum,
1727 1933 1795 1982 qui
1807 1934 1993 1984 Martyrio
2009 1944 2099 1972 sese

1145 2003 1225 2030 non
1243 1994 1449 2044 perquisiti
1473 1993 1665 2042 obtulere,
1695 2006 1765 2045 pro
1789 1995 1935 2045 quibus
1957 2000 1998 2035 et
2020 1997 2101 2036 Eu-

1145 2054 1271 2105 logius
1314 2055 1551 2095 decertavit:
1589 2056 1679 2096 dein
1720 2057 2018 2108 Prophetiarum
2051 2058 2102 2098 de

1144 2116 1364 2157 Mahometo
1401 2122 1441 2157 et
1478 2117 1566 2169 ejus
1599 2119 1768 2158 nefanda
1791 2119 1946 2159 haeresi
1979 2121 2102 2173 expli-

1146 2180 1352 2218 cationem.
1377 2179 1488 2219 Idem
1516 2181 1698 2227 Nicolaus
1720 2180 1918 2221 Antonius
1946 2186 1987 2221 et
2015 2194 2104 2233 pro-

1145 2242 1228 2294 prio
1269 2253 1385 2294 opere
1423 2241 1664 2283 Alcoranum
1702 2243 1888 2284 observat
1926 2245 2101 2284 voluisse

1146 2304 1368 2354 confutare,
1391 2317 1437 2346 ac
1458 2309 1637 2356 praetera
1662 2307 1701 2344 in
1724 2307 1801 2345 MS.
1819 2307 1964 2357 reperit
1981 2305 2103 2357 hujus

1144 2365 1278 2406 Alvari
1296 2366 1604 2420 Confessionem,
1619 2372 1659 2408 et
1673 2369 1818 2407 librum
1826 2367 2102 2419 Epistolarum

1144 2428 1218 2467 XX.
1235 2430 1383 2469 Deinde
1408 2430 1580 2470 Carmen
1599 2428 1938 2479 Philomelaicum,
1955 2431 1993 2470 in
2014 2430 2103 2469 Phi-

1145 2490 1309 2530 lomelae
1332 2491 1488 2531 laudem
1499 2521 1508 2539 ,
1528 2493 1682 2542 aliaque
1699 2493 1874 2530 carmina
1888 2496 2044 2542 praeter
2058 2492 2097 2531 S.

1142 2552 1296 2602 Eulogii
1337 2554 1582 2605 epitaphium
1622 2554 1874 2604 hymumque
1913 2554 1952 2590 in
1993 2552 2097 2594 diem

1144 2611 1249 2663 ejus,
1274 2614 1419 2653 inedita
1441 2616 1593 2663 omnia,
1617 2619 1736 2664 atque
1763 2615 1802 2651 in
1826 2614 1887 2652 his
1900 2613 2098 2665 Epimeni-

1142 2672 1230 2714 dem
1247 2675 1506 2725 aegritudinis
1528 2677 1725 2726 propriae,
1755 2679 1795 2713 et
1827 2674 1867 2713 in
1889 2673 2096 2714 Bibliothe-

1143 2747 1230 2774 cam
1250 2735 1480 2787 Leom'yz'ldi,
1505 2736 1546 2774 in
1566 2736 1708 2776 Crucis
1733 2735 1908 2785 mudem,
1933 2748 2096 2777 versus-

1142 2808 1218 2847 que
1242 2797 1417 2836 heroicos
1440 2796 1480 2836 in
1504 2796 1659 2836 laudem
1680 2798 1724 2836 B.
1748 2797 1990 2850 Hieronymi.

1193 2858 1425 2898 ALVARUS
1442 2858 1642 2909 Pelayius,
1663 2859 1882 2910 discipulus
1901 2860 2092 2899 Johannis

1142 2921 1246 2960 Scoti
1268 2922 1423 2960 Parisiis
1445 2921 1636 2970 docentis,
1662 2923 1744 2972 ipse
1766 2922 1964 2973 Hispanus
1985 2924 2093 2961 Juris

1140 2983 1489 3031 CanoniciDoctor,
1501 2983 1659 3023 Ordinis
1674 2985 1878 3032 Minorum,
1901 2985 2093 3023 Summus

1139 3044 1262 3095 Papae
1282 3045 1471 3083 Joliannis
1488 3047 1599 3085 XXII
1620 3047 1946 3085 Poenitentiarius
1960 3051 2001 3085 et
2020 3047 2094 3086 Co-

1139 3107 1318 3144 ronensis
1353 3108 1389 3144 in
1417 3106 1565 3157 Achaja
1589 3109 1823 3158 EpiscopuS,
1846 3107 1988 3147 deinde
2017 3109 2091 3146 Sil-

1137 3168 1273 3205 vcnsis
1299 3168 1307 3217 (
1327 3169 1363 3205 in
1383 3169 1474 3207 villa
1487 3170 1654 3218 Ramra)
1681 3171 1716 3207 in
1739 3169 1931 3221 Algarbia,
1948 3170 1995 3209 dc
2012 3182 2090 3220 quo

1138 3229 1262 3268 inulta
1285 3229 1530 3281 Waddingus
1567 3232 1605 3269 in
1637 3231 1855 3271 Annalibus
1878 3236 1983 3270 tomo
2011 3237 2090 3271 tor-

1137 3291 1189 3330 tio
1212 3290 1260 3331 ad
1283 3290 1355 3331 An.
1379 3293 1498 3341 4308,
1538 3294 1655 3344 4329,
1694 3294 1811 3343 4332,
1851 3294 1951 3334 4340
1980 3299 2019 3334 ct
2049 3295 2089 3332 in
