2500 3841
763 212 1345 251 .i..x.1³.x131t11;1cs
1998 229 2035 256 χ.

8 286 10 289 ’
65 285 237 326 lentibus
266 295 302 335 p.
332 284 435 331 289,
467 292 552 332 seq.
581 286 621 320 ot
651 282 754 331 318,
785 288 860 321 etc.
891 284 1069 333 Denique
1093 284 1226 322 brevia
1258 282 1452 333 quaedam
1476 285 1623 334 passini
1651 285 1795 324 insci-tu
1824 287 2039 338 fragmenta

63 347 128 385 vel
151 346 444 397 apospasmatia
461 373 470 391 ,
495 348 538 382 ut
559 343 708 382 Alberti
735 344 784 383 de
806 345 893 395 Eyb
914 357 999 395 pag.
1028 348 1041 383 i
1054 346 1115 384 39.
1140 345 1326 383 Amalarii
1352 345 1631 397 Chorepiscopi
1653 347 1932 398 Lugdunensis
1955 361 2040 401 pag.

65 408 127 448 73.
170 407 395 458 Berengarii
428 411 510 445 tres
554 405 773 456 palinodiae
809 417 897 457 pag.
936 407 1023 445 496.
1068 408 1217 446 vorsus
1260 407 1475 446 Bernhardi
1529 408 1788 447 Carnotensis
1826 401 1912 460 pag
1952 411 2041 449 204.

65 470 240 508 Thomae
268 468 544 507 Bradwardini
575 468 798 507 sententiae
828 478 916 518 pag.
946 469 1037 507 249.
1066 471 1128 508 lix
1160 469 1463 508 Poenitentiario
1492 471 1591 507 asini
1618 482 1703 521 pag.
1731 472 1818 511 1135.
1852 474 1935 511 Lini
1970 474 2042 512 Co-

63 531 136 570 luti
153 531 320 570 Salutati
345 531 523 581 Epistola
546 529 594 569 ad
621 530 898 569 Innocentium
923 530 1004 568 ΥΠ.
1026 542 1113 582 pag.
1138 531 1228 569 269.
1253 531 1447 570 Johannis
1467 531 1760 581 Burgundionis
1784 534 2041 585 Epitaphium

63 604 151 644 pag.
177 593 269 640 282,
292 596 334 631 et
363 592 509 643 AEgidii
539 592 702 631 Carlerii
733 604 768 642 p.
796 592 886 630 309.
916 592 1163 643 Argumenta
1193 593 1379 642 Capitum
1410 591 1614 630 Philobibli
1643 594 1826 634 llic-hardi
1856 595 1905 634 de
1929 597 2038 645 Bury

64 666 154 706 pag.
181 655 271 694 284.
301 654 569 706 Apocryphus
599 654 757 693 libellus
782 654 1112 694 Pseudo—Caecilii
1142 666 1229 706 pag.
1260 652 1349 692 287.
1387 653 1514 693 Caroli
1550 654 1689 692 Bovilli
1732 657 1911 707 Epistola
1953 670 2039 708 pag.

64 717 153 756 3¹2.
184 715 366 756 CAROLI
396 717 524 766 Magni
554 717 738 755 Carmina
768 728 854 767 pag.
887 717 976 756 349.
1006 717 1263 768 Epitaphium
1293 717 1332 755 S.
1363 716 1550 754 Germani
1582 717 1774 766 scriptum
1796 730 1818 757 a
1840 719 2039 759 CHILPE-

61 778 180 818 RICO
208 789 297 829 pag.
326 778 416 817 345.
448 777 633 817 Cadoaldi
663 779 780 828 Regis
810 779 1015 818 Saxonum
1044 790 1067 817 a
1096 779 1234 829 Crispo
1262 777 1598 827 Archi-Episcopo
1636 778 1916 818 Mediolanensi
1952 794 2038 832 pag.

62 840 152 878 404.
176 840 341 878 Joannis
369 839 604 890 Cuspiniani
634 851 720 891 pag.
754 840 842 878 408.
886 841 989 878 Petri
1033 841 1277 879 Comestoris
1307 839 1572 877 Decastichon
1617 840 1653 876 in
1701 840 1857 879 laudem
1897 845 2040 881 Beatao

62 903 205 942 Mariae
233 912 321 953 pag.
352 901 442 940 374.
472 901 666 940 Johannis
692 903 835 941 Mariae
864 894 1054 940 Catanaei
1092 901 1306 951 descriptio
1345 900 1586 939 bombardae
1631 900 1794 951 majoris
1833 914 1918 954 pag.
1951 906 2039 944 3355.

62 965 242 1016 Epistola
270 964 442 1004 Cornelii
466 965 593 1014 Papae
617 963 666 1002 ad
691 965 936 1014 cyprianum
962 974 1048 1012 pag.
1075 963 1150 1001 409
1174 966 1215 1001 et
1238 962 1426 1013 Cypriani
1459 962 1508 1000 ad
1543 963 1703 1001 Plebem
1738 963 2040 1015 Carthaginens.

61 1038 150 1078 pag.
182 1027 258 1067 4⁴0
287 1037 390 1077 quae
419 1026 620 1077 Epistolae
650 1027 687 1064 in
718 1025 956 1064 editionibus
985 1024 1181 1074 prioribus
1210 1024 1250 1063 S.
1279 1025 1464 1075 Martyris
1483 1054 1492 1072 ‚
1522 1029 1690 1076 excepta
1730 1026 1945 1065 Baluziana
1975 1028 2042 1066 de·

63 1088 302 1128 siderantur.
333 1090 540 1127 Postremo
582 1099 619 1139 p.
659 1088 734 1126 444
770 1085 938 1135 adjunxi
976 1086 1185 1136 Wipponis
1226 1087 1452 1136 Presbyteri
1492 1087 1728 1134 Proverbia,
1771 1088 1839 1137 qui
1873 1089 2042 1128 Conradi

62 1152 110 1190 ΙΙ.
139 1150 287 1195 Salici‚
316 1155 358 1188 et
386 1150 479 1189 hinc
508 1150 574 1188 filii
604 1148 694 1199 ejus
722 1154 844 1198 atque
873 1147 949 1187 An.
981 1149 1082 1187 1039
1113 1150 1152 1186 in
1181 1149 1350 1199 Imperio
1380 1150 1627 1188 successoris
1670 1150 1829 1188 Henrici
1860 1151 1941 1199 ΙΙΙ,
1981 1162 2044 1190 sa·

62 1213 242 1251 cellanus
270 1212 482 1262 proverbia
510 1211 607 1250 haec
635 1209 684 1249 ad
712 1211 928 1249 Henricum
960 1212 1079 1250 misit.
1110 1210 1220 1249 Idem
1251 1210 1312 1249 hic
1343 1211 1487 1262 Wippo
1506 1242 1518 1259 7
1551 1212 1617 1261 qui
1649 1213 1774 1249 vitam
1805 1212 1976 1251 Conradi
2017 1225 2037 1252 a

57 1275 222 1313 Pistorio
250 1274 399 1314 editam
429 1278 471 1313 et
497 1273 784 1324 panegyricum
813 1284 974 1311 carmen
1004 1273 1053 1312 ad
1083 1274 1298 1311 llenricum
1327 1284 1347 1311 a
1379 1274 1538 1312 Canisio
1560 1273 1769 1323 vulgatum
1795 1276 2036 1325 composuit.

114 1336 232 1375 Plura
259 1336 430 1387 praefari
456 1333 508 1374 ad
537 1335 712 1386 primum
741 1345 935 1385 praesens
964 1335 1231 1374 Bibliothecae
1260 1333 1382 1385 hujus
1410 1336 1632 1383 Volumen,
1671 1336 1804 1374 minus
1848 1347 1939 1375 esse
1975 1348 2043 1376 ne-

58 1399 279 1437 cessarium
307 1397 507 1435 existimo:
537 1397 709 1436 Numine
738 1397 1052 1448 optimo-autem
1076 1399 1202 1436 vitam
1232 1401 1273 1435 et
1302 1399 1427 1445 vires,
1457 1397 1564 1447 quod
1602 1397 1798 1436 hactenus
1842 1397 2043 1449 benignis-

59 1471 124 1499 me
151 1460 245 1498 fecit
267 1487 276 1504 ,
307 1458 495 1498 firmante
523 1459 621 1498 mihi
649 1470 696 1498 ac
719 1459 992 1510 producente,
1022 1460 1181 1499 animus
1209 1464 1273 1498 est
1314 1459 1362 1499 ad
1393 1460 1570 1510 reliquos
1609 1464 1741 1498 tomos
1778 1459 2043 1499 absolvendos

60 1531 137 1560 non
167 1521 301 1560 minus
330 1520 452 1561 studii
481 1521 659 1572 afferre‚-
678 1526 724 1560 ut
752 1533 873 1572 quam
912 1523 1154 1573 propositam
1184 1521 1308 1560 habeo
1346 1522 1494 1571 telam,
1525 1523 1612 1561 sine
1643 1522 1840 1561 dilatione
1868 1532 2044 1572 exequar

59 1588 100 1622 et
127 1583 345 1622 absolvam.

857 1660 1238 1681 ψ.-

716 1741 777 1784 IN
820 1740 1083 1784 MORTEM
1117 1740 1381 1784 FABRICII

475 1820 612 1864 (Quae
640 1820 758 1855 incid.
784 1821 822 1854 d.
850 1819 896 1855 30
923 1818 1072 1864 Aprilis
1099 1818 1207 1854 1736.
1233 1822 1306 1854 aet.
1333 1828 1422 1854 suae
1450 1819 1626 1863 LXVII.)

464 1901 662 1937 Fabriciis
687 1910 824 1936 nomen
849 1900 926 1946 fuit
951 1899 1033 1935 heic
1052 1910 1124 1946 per
1149 1901 1301 1935 saecula
1325 1910 1506 1947 „caynam

552 1965 721 2002 Dixeris
748 1966 963 2001 extinctum
989 1975 1092 2001 nime
1117 1966 1303 2000 moriente
1330 1966 1416 2000 viro
1438 1964 1452 1999 l

453 2029 612 2066 Omnem
638 2031 701 2066 cui
725 2041 870 2066 marem
896 2032 994 2067 Deus
1021 2035 1055 2066 et
1080 2035 1225 2066 natura
1252 2035 1445 2076 negarunt

551 2095 624 2146 (lui
648 2097 772 2141 =‹Jentis
797 2106 959 2142 magnae
986 2096 1096 2132 nulla
1116 2106 1292 2142 propago
1316 2096 1408 2142 fait.

455 2158 524 2195 Ast
550 2161 689 2205 coyites
717 2165 853 2206 gnatos
878 2164 1078 2197 sexcentos
1104 2171 1195 2207 quos
1223 2161 1327 2197 dedit
1358 2162 1425 2197 ille

553 2225 758 2261 Perductos
780 2253 788 2269 ‚
815 2235 953 2261 nomen
980 2225 1086 2260 crede
1107 2234 1278 2270 perenne
1304 2226 1478 2268 dabunt,-

760 2291 810 2328 M.
837 2289 876 2325 J.
904 2290 934 2325 L
960 2290 1140 2326 DIEZII.
1168 2291 1288 2326 Aulae
1315 2295 1351 2326 et
1382 2291 1498 2328 Urbis
1525 2291 1717 2328 Nor-dhus.
1745 2292 1913 2330 Diaconi

458 2353 662 2391 Fabricius
688 2354 786 2400 fatis
811 2354 1041 2398 succumbit,
1069 2359 1199 2392 noster
1225 2356 1360 2402 Apollo

550 2417 627 2454 Ah!
659 2419 717 2454 sic
736 2419 964 2464 planyentes
990 2421 1109 2456 audio
1134 2421 1355 2459 Maeonides

458 2484 595 2520 Noster
621 2482 750 2519 amor!
784 2493 853 2519 cur
880 2493 948 2518 nos
974 2486 1053 2519 tant
1080 2484 1201 2521 dieras
1229 2485 1376 2532 linquis
1403 2490 1579 2522 armantes
1597 2483 1616 2521 ἶ)

548 2548 731 2584 Nestorea
758 2547 900 2594 digmus
927 2548 1055 2584 vivere
1080 2552 1180 2584 sorte
1207 2559 1326 2584 senex
1342 2547 1362 2583 ἱ)

462 2612 510 2647 Te
537 2614 604 2646 tua
633 2613 812 2648 Teutonie
830 2640 839 2656 ,
873 2615 920 2649 Tc
947 2613 1078 2649 doctus
1100 2641 1108 2657 ,
1138 2623 1212 2659 qua
1234 2615 1342 2658 patet
1363 2642 1371 2656 ‚
1402 2614 1505 2649 orbis

555 2674 726 2711 Delicias
751 2681 902 2712 revocat
929 2686 1014 2713 voce
1039 2677 1187 2712 dole-nte
1214 2687 1318 2713 suas.

462 2735 639 2772 Perculsi
664 2737 907 2782 inyeminant
928 2742 1115 2786 Juvenum
1142 2745 1212 2776 tua
1240 2742 1414 2776 nwnz'na
1441 2746 1586 2785 coelus,

555 2801 671 2847 Atque
698 2800 828 2836 horret
858 2802 1048 2840 Phoebum
1076 2805 1232 2841 Pindus
1258 2805 1382 2842 abesse
1409 2816 1518 2842 suum

456 2865 550 2902 Mox
575 2866 757 2910 Patrem,
786 2876 877 2901 moa:
904 2877 1042 2905 rursus
1072 2869 1192 2905 Λνιιηι
1218 2869 1352 2906 domus
1379 2871 1475 2906 orba
1503 2871 1668 2918 requirit

551 2930 601 2965 In
624 2933 658 2963 te
685 2931 841 2978 quisquc
867 2942 977 2968 suum
1003 2932 1121 2978 sunus
1147 2935 1294 2969 anticus
1319 2934 1435 2969 habet

460 2995 516 3031 Ile
535 2995 600 3040 pii
624 2998 730 3030 testes
756 2995 858 3030 tanti
876 3019 888 3037 ,
918 3005 1000 3030 mea
1027 2999 1204 3034 carmina
1222 3024 1234 3041 ,
1262 2999 1385 3034 luctus
1446 3036 1451 3040 ,

551 3061 640 3102 1143,-
667 3061 730 3096 sed
756 3064 789 3095 et
814 3063 963 3095 tantum
990 3062 1110 3097 tollite
1137 3064 1187 3098 ad
1213 3066 1320 3098 astra
1347 3064 1491 3098 virum.

461 3126 548 3163 Non
573 3126 654 3161 alio
680 3129 854 3162 nostrum
881 3129 1087 3171 superatur
1112 3128 1267 3163 vulnere
1294 3127 1433 3162 cultius
1452 3139 1463 3160 .-

559 3191 655 3227 Nam
685 3201 798 3236 reque
831 3191 1131 3235 FABRICIUS,
1159 3203 1231 3238 quo
1257 3195 1456 3237 superetur
1478 3218 1488 3233 ‚
1516 3191 1637 3228 habet.

54 3277 59 3282 -
1333 3256 1401 3294 JO.
1427 3254 1583 3292 NlCOL.
1611 3255 1731 3291 BULT

52 3329 65 3335 -
87 3326 126 3349 a.
166 3342 187 3348 ..
342 3346 345 3349 .
1473 3321 1607 3356 Hamb.
