2500 3841
961 213 1327 255 BONITIUS

199 285 406 326 *Bonitius
419 287 553 332 seu‚ut
566 284 660 336 legit
669 283 765 324 Cod.
777 283 1106 334 vindobonensis,

143 350 294 388 Bonito.
311 349 412 389 Cum
429 358 501 398 ego
521 347 635 386 bonis
650 347 792 386 avibus
808 346 1006 386 deductus
1025 348 1108 386 fue-

143 413 218 450 rim
239 412 434 451 Viennam
457 410 642 450 Austriae
665 409 714 448 de
738 409 1059 450 Cod.B0nizonis
1083 421 1105 449 a

140 473 348 514 Lambecio
366 472 449 524 jam
469 472 641 512 indicato
668 473 860 523 requisivi
884 473 1104 522 sollicitus,

138 547 260 588 quem
282 547 376 575 cum
401 535 497 574 mihi
526 533 824 586 suppeditasset
846 535 1103 575 doctissimus

135 609 262 650 aeque
284 609 330 637 ae
353 597 670 637 humanissimus
684 598 728 635 D.
746 597 929 637 Nicolaus
945 597 994 636 de
1011 599 1103 636 Fro-

137 663 249 700 nosia
288 661 569 712 Neapolitanus
611 659 791 699 eiusdem
837 660 1101 699 Bibliothecae

134 729 272 764 custos
290 723 655 775 primariuS,evolvi
671 723 782 761 illum
800 722 938 762 sedulo
954 734 998 762 ac
1015 722 1102 762 dili-

131 791 283 838 genter.
307 786 560 837 Quamquam
584 796 680 824 vero
704 787 849 837 agnovi
873 797 973 836 opus
1002 785 1100 825 illud

130 849 337 888 Decretale
360 850 400 887 in
416 848 440 887 7
456 848 575 887 libros
589 847 799 898 distingui,
816 847 947 886 adhue
961 852 1097 886 tamen

131 911 429 951 distinctionem
452 912 559 950 illam
576 911 765 950 librorum
782 911 916 949 minus
935 909 1099 960 diligen-

130 978 194 1012 ter
221 986 244 1014 a
272 974 428 1013 librario
457 973 686 1013 adnotatam
717 973 839 1013 fuisse
869 973 1096 1024 suspicatus

131 1047 237 1076 sum.
256 1037 302 1075 In
326 1036 405 1076 fine
428 1038 535 1075 enim
556 1035 712 1077 Codicis
741 1036 838 1075 haec
859 1036 947 1086 legi.
966 1035 1022 1073 De
1045 1033 1094 1073 iis

132 1098 204 1151 qui
214 1099 346 1151 juoeta
372 1098 601 1152 Apostolum
635 1097 777 1137 traditi
795 1101 891 1137 sunt
921 1099 1095 1137 Satanae

129 1173 190 1200 ec.
213 1162 252 1200 in
276 1162 408 1201 Coena
437 1163 591 1201 Domini
625 1162 674 1200 ab
702 1162 895 1212 Episcopo
931 1158 1099 1198 debeant

129 1223 386 1264 reconciliari
398 1224 440 1263 in
457 1235 556 1263 nono
577 1222 677 1263 libro
699 1223 738 1263 si
757 1223 842 1263 vita
861 1234 988 1262 comes
1009 1221 1096 1276 fue-

131 1286 202 1336 rit,
215 1286 375 1339 plenius
397 1286 609 1326 enarrabo,
639 1288 764 1337 Igitur
793 1288 817 1325 8
845 1287 990 1326 librum
1010 1285 1092 1336 jam

127 1350 365 1390 absolverat.
380 1351 441 1390 Ex
458 1362 537 1401 quo
554 1350 609 1399 Iit,
630 1354 674 1389 ut
689 1350 758 1400 qui
772 1349 898 1388 codex
915 1351 952 1386 in
971 1349 1090 1388 libros

127 1412 152 1451 7
167 1409 441 1464 distinguitur,
457 1411 646 1452 librorum
665 1420 856 1451 numeres
876 1410 1090 1450 mendosos

126 1475 281 1515 habeat.
308 1475 442 1515 Codex
465 1476 565 1514 alter
587 1476 831 1514 collectionis
868 1474 987 1513 huius
1016 1474 1092 1513 Ca-

125 1538 289 1576 nonieae
311 1549 335 1576 a
356 1539 509 1576 Bonitio
542 1538 746 1576 confectae
771 1548 847 1575 non
872 1540 965 1575 ante
989 1536 1088 1575 mul-

120 1604 184 1638 tos
207 1611 334 1639 annos
357 1604 542 1651 repertus
565 1604 628 1638 est
651 1600 832 1647 Brixiae,
856 1603 902 1637 ut
926 1609 990 1637 me
1018 1597 1091 1637 du—

119 1662 217 1702 dum
239 1662 448 1702 admonuit
471 1674 542 1714 per
564 1663 702 1701 literas
739 1662 803 1700 vir
831 1660 1089 1700 doctissimus

120 1725 161 1764 P.
184 1726 246 1765 Jo.
268 1724 407 1764 Ambr.
432 1725 655 1776 Gradenigo
678 1725 897 1764 Theatinus
916 1756 924 1774 ,
947 1725 1014 1774 qui
1040 1725 1092 1762 si-

120 1788 204 1826 mul
233 1789 342 1826 misit
369 1789 492 1827 breve
514 1788 692 1827 eiusdem
723 1787 912 1835 schema,
936 1798 986 1825 ex
1010 1797 1088 1836 quo

119 1850 216 1890 mihi
240 1851 333 1890 licet
355 1850 452 1890 illud
476 1855 696 1900 utcumque
720 1850 899 1888 conferre
922 1860 1015 1888 cum
1031 1849 1087 1887 al·

119 1919 204 1953 tero
241 1912 535 1953 vindobonensi
565 1911 726 1960 Codice,
756 1911 861 1962 quod
896 1921 1087 1962 praesens

120 1977 251 2015 invisi.
272 1977 496 2026 Utrumque
511 1975 636 2014 oculis
652 1975 847 2013 lectorum
865 1974 1084 2012 subiiciam.

120 2038 254 2079 Codex
277 2038 495 2077 Brixiensis
519 2048 599 2076 una
627 2037 781 2087 pagella
817 2037 856 2074 in
892 2036 1084 2086 principio

120 2111 286 2141 mancus
309 2101 346 2138 in
371 2100 410 2138 X
433 2099 552 2138 libros
575 2098 828 2149 dispescitur,
845 2098 884 2135 in
909 2097 1086 2136 secunda

118 2164 262 2216 pagina
287 2163 412 2202 altera
443 2173 566 2201 manu
588 2161 722 2200 neseio
754 2171 804 2199 an
841 2160 1006 2210 antiqua
1035 2160 1085 2199 ad

122 2227 340 2278 marginem
354 2226 498 2276 legit-ur
507 2238 515 2263 :
525 2223 738 2263 Bonizonis
753 2221 942 2274 Episcopi
951 2222 997 2261 de
1011 2223 1081 2262 SS.

120 2289 198 2328 PP.
232 2288 468 2328 authenticis
502 2286 732 2329 Canonibus
763 2285 818 2325 ad
845 2285 1082 2337 Greyorium

119 2350 416 2404 Presbyterum.
441 2352 543 2392 Cum
567 2350 688 2396 desit,
714 2353 759 2388 ut
782 2340 925 2398 innuis
941 2349 1081 2398 prioris

120 2414 207 2453 libri
229 2415 402 2454 anterior
423 2414 577 2465 pagella
599 2413 756 2450 initium
777 2411 863 2449 libri
886 2411 992 2449 illius
1014 2410 1082 2449 da-

121 2476 152 2513 ri
171 2487 425 2526 nequaquam
440 2479 584 2526 potest.
606 2474 720 2512 Liber
739 2474 773 2512 II
790 2473 947 2523 incipit:
970 2472 1082 2521 Quod

120 2539 210 2575 ante
234 2536 288 2576 sit
306 2536 494 2575 dicendus
517 2536 590 2589 (lui
618 2534 884 2587 baptizandus
923 2538 960 2573 et
986 2535 1084 2586 quid

120 2599 175 2638 sit
194 2597 416 2651 baptismus
435 2602 473 2637 et
492 2602 587 2651 quot
607 2597 732 2637 modis
752 2598 843 2649 fiat,
877 2601 917 2636 et
941 2610 968 2635 a
1003 2610 1079 2649 quo

121 2661 291 2714 sumpsit
302 2660 516 2700 eaeordium
534 2664 602 2699 etc.
614 2661 729 2700 Liber
739 2661 790 2698 111
801 2658 978 2699 Clemens
989 2659 1080 2711 Epi-

120 2736 235 2777 scopo
249 2722 407 2762 Jacob0.
421 2724 467 2761 In
483 2722 543 2762 his
559 2721 786 2762 civitatibus
801 2720 1078 2772 Apostolorum

121 2786 310 2839 Princeps
335 2785 531 2838 primates
554 2784 771 2824 instituisse
795 2783 867 2822 ubi
887 2783 1079 2834 primitus

120 2847 416 2900 archiflamines
430 2851 498 2887 etc.
509 2847 677 2886 LiberIV
689 2848 833 2897 incipit:
844 2845 1080 2897 Scripturas

121 2912 170 2951 de
180 2910 416 2950 eoecellentia
426 2912 530 2950 Rom.
540 2910 574 2948 E
577 2907 846 2956 eclesiae,etcle
855 2907 1080 2958 Prieileqiis

122 2974 177 3013 acl
193 2973 367 3013 eiusdem
383 2972 583 3012 Ecclesiae
600 2972 840 3023 Episcopum
849 2969 1081 3022 pertinenti-

125 3035 198 3075 bus
225 3039 294 3075 etc.
326 3037 403 3074 Lib.
422 3037 454 3075 V
483 3032 767 3086 Superioribus
787 3032 914 3071 tribus
940 3030 1080 3072 libellis

122 3097 255 3150 qualis
288 3097 428 3137 debeat
454 3097 547 3150 eliqi
561 3097 777 3150 Episcopus
808 3100 876 3135 etc.
900 3099 1083 3148 superest

122 3172 226 3199 nunc
240 3160 287 3200 de
306 3160 470 3200 secundi
487 3160 638 3200 ordinis
657 3157 929 3199 sacerdotibus
945 3162 980 3197 et
996 3157 1080 3196 clia-

122 3221 284 3261 conibus
297 3227 366 3262 etc.
383 3227 422 3262 et
429 3223 608 3276 primum
625 3221 676 3262 ab
691 3221 935 3260 ordinatione
951 3219 1079 3258 orclie-

122 3294 227 3322 mur.
242 3285 326 3324 Lib.
345 3287 408 3325 VI.
426 3274 707 3325 Monachorum
724 3287 900 3337 quatuor
915 3294 999 3322 esse
1011 3293 1079 3333 ye-

123 3357 224 3385 nera
238 3347 289 3393 B„
301 3347 503 3388 Benedicto
524 3347 722 3401 referente
737 3345 987 3398 coqnovimus
1006 3349 1073 3384 etc.

1182 286 1263 325 Lib.
1279 286 1347 325 VII
1370 286 1529 337 incipit:
1546 284 1785 336 scripturus
1801 285 1849 325 cle
1861 284 2034 337 Reqibus
2047 287 2146 326 etde

1178 347 1389 388 Judicibus
1412 352 1450 388 et
1469 348 1516 388 de
1540 347 1602 388 his
1623 348 1695 399 qui
1712 348 1753 387 in
1775 346 1912 388 laicali
1942 349 2027 388 ord.
2052 355 2149 389 sunt

1180 411 1384 451 constituti
1404 416 1479 451 ete.
1496 411 1579 450 Lib.
1596 412 1697 450 VIII.
1714 411 1819 460 Quia
1833 423 1928 451 vero
1943 412 2147 464 superiori

1179 473 1280 513 libro
1303 473 1350 513 de
1367 472 1568 526 praelatis
1587 473 1628 512 in
1652 472 1789 512 laicali
1805 473 1890 513 ord.
1908 475 2053 526 positis
2070 480 2142 515 etc.

1177 538 1369 588 Superest
1393 548 1498 575 nunc
1534 536 1576 574 in
1610 535 1795 575 ulteriori
1827 535 1929 575 libro
1965 537 2141 589 qualiter

1175 598 1328 639 subditi
1342 599 1467 639 vitam
1485 597 1652 637 debeant
1670 598 1877 638 instituere
1894 598 2068 639 breviter
2083 600 2142 639 in-

1174 663 1327 714 claqare
1343 667 1419 701 etc.
1441 661 1560 700 Liber
1575 662 1629 699 IX
1652 662 1813 712 incipit:
1831 660 1949 701 Liber
1970 662 2043 701 iste
2061 674 2140 702 me-

1175 724 1359 764 dicinalis
1388 721 1625 763 inscribitur
1648 735 1690 761 eo
1714 723 1819 775 quod
1846 725 2140 775 ae9r0tantium

1173 787 1344 827 continet
1362 785 1484 826 varia
1506 785 1794 824 medicamenta
1812 786 2045 826 animarum
2068 792 2140 827 etc.

1173 852 1253 890 Iste
1277 850 1376 888 forte
1410 848 1509 887 liber
1532 847 1779 886 medicinalis
1818 849 1857 885 in
1895 848 1973 887 duo
1997 850 2138 889 distin-

1170 915 1317 964 guitur,
1334 911 1432 950 nihil
1446 911 1553 950 enim
1573 909 1670 949 mihi
1690 909 1739 948 de
1760 911 1797 949 X
1821 910 2039 950 indicatum
2060 918 2134 952 est.

1169 977 1282 1015 Nunc
1306 974 1356 1013 de
1377 973 1672 1013 vindobonensi
1693 973 1885 1012 dicamus.
1906 974 2036 1012 Primo
2053 986 2136 1014 om-

1169 1040 1281 1078 nium
1297 1038 1469 1077 occurrit
1481 1037 1533 1075 ibi
1545 1036 1668 1076 breve
1683 1036 1907 1076 Chronicon
1917 1037 2026 1074 Rom.
2037 1037 2136 1075 Pon-

1167 1101 1322 1140 tificum
1344 1111 1437 1141 cum
1461 1111 1507 1139 ea
1529 1099 1771 1151 praefatione
1793 1111 1873 1150 qua
1894 1099 2031 1150 incipit
2051 1099 2134 1137 Lib.

1169 1165 1221 1203 IV
1241 1163 1335 1204 Cod.
1350 1164 1568 1202 Brixiensis
1586 1176 1594 1200 z
1615 1162 1853 1214 scripturus
1875 1160 1922 1200 cle
1941 1160 2136 1200 eaecellen-

1171 1226 1226 1266 tia
1253 1229 1361 1266 Rom.
1382 1224 1597 1265 Ecclesiae.
1622 1226 1812 1264 Continet
1835 1226 2018 1264 Canones
2043 1226 2133 1264 4112.

1167 1291 1325 1330 Primus
1347 1289 1594 1328 inscribitur:
1619 1289 1675 1327 De
1693 1287 1876 1340 primatu
1898 1291 1937 1326 et
1955 1286 2134 1326 authori-

1166 1356 1243 1392 tate
1257 1349 1505 1403 Apostolicae
1525 1350 1650 1390 Sedis.
1675 1351 1757 1389 Lib.
1778 1351 1812 1389 II
1835 1351 1953 1401 primi
1968 1351 2134 1389 canonis

1163 1415 1327 1455 titulum
1347 1414 1456 1453 hunc
1477 1413 1652 1464 praefert
1670 1413 1727 1451 De
1749 1411 1810 1451 his
1833 1412 1905 1464 qui
1920 1412 2132 1465 Episcopo-

1164 1489 1258 1516 rum
1281 1475 1393 1516 sedes
1421 1474 1626 1514 invadunt.
1654 1479 1750 1514 sunt
1781 1477 1911 1527 capita
1941 1477 2002 1514 44.
2034 1487 2132 1526 quo-

1165 1552 1255 1579 rum
1272 1543 1523 1590 postremum
1538 1538 1633 1576 fert:
1653 1537 1844 1588 Greqorio
1862 1538 2018 1576 Leontio
2036 1537 2132 1589 Epi-

1164 1614 1280 1654 scopo
1303 1613 1364 1653 ep.
1384 1601 1435 1641 24
1459 1601 1512 1639 lib
1533 1601 1569 1639 3.
1592 1600 1828 1640 Castoreum
1848 1599 2032 1652 fratrem.
2048 1601 2129 1638 Lib.

1164 1667 1218 1706 III
1247 1665 1363 1717 primi
1393 1664 1558 1702 canonis
1586 1662 1730 1701 titulus
1754 1663 1856 1701 iste:
1878 1662 1951 1714 qui
1975 1662 2029 1701 ad
2057 1662 2131 1701 cle—

1162 1740 1254 1767 rum
1277 1726 1341 1767 vel
1358 1725 1414 1765 ad
1431 1724 1587 1777 9radus
1602 1723 1886 1764 ecclesiasticos
1900 1724 2134 1764 admittendi

1159 1802 1237 1830 non
1260 1792 1364 1830 sunt.
1393 1790 1475 1828 Nisi
1495 1799 1585 1826 mea
1607 1799 1672 1826 me
1697 1787 1796 1826 fallit
1823 1788 2049 1827 conIeetura
2089 1789 2133 1826 l}-

1162 1854 1275 1893 broV
1292 1852 1490 1892 Brixiensi
1513 1842 1754 1900 respondet3
1780 1850 1879 1888 forte
1899 1854 2035 1889 tamen
2051 1863 2132 1890 me-

1162 1917 1238 1955 lius
1262 1916 1317 1954 illi
1339 1915 1522 1965 congruit
1542 1912 1641 1951 liber
1676 1912 1855 1962 proxime
1879 1912 2101 1951 succedens
2118 1942 2128 1958 ,

1161 1979 1211 2018 de
1234 1989 1313 2029 quo
1334 1977 1482 2015 statim.
1499 1976 1549 2014 in
1572 1974 1646 2012 hoc
1669 1973 1767 2012 libro
1784 1975 1806 2012 3
1828 1978 1924 2012 sunt
1943 1973 2129 2013 Canones

1162 2042 1212 2079 86
1240 2051 1286 2079 ac
1308 2038 1499 2090 postremi
1518 2037 1661 2075 titulus
1686 2037 1784 2074 iste:
1805 2035 1852 2074 de
1880 2034 2038 2075 clericis
2065 2036 2130 2075 de—

1158 2100 1381 2142 sertoribus
1395 2111 1474 2138 non
1493 2096 1794 2149 transferendis.
1810 2098 1967 2137 Lib.1V.
1983 2098 2126 2137 titulus

1159 2165 1275 2216 primi
1298 2175 1382 2214 cap.
1401 2166 1465 2201 est
1477 2162 1533 2199 De
1550 2157 1795 2211 profectione
1815 2160 1852 2209 (f.
1871 2160 2125 2211 perfectione)

1158 2225 1419 2267 sacerdotum
1440 2227 1479 2263 et
1494 2222 1785 2262 ministrorum.
1804 2223 1940 2273 Usque
1961 2222 2012 2261 ad
2039 2234 2124 2274 cap.

1157 2289 1208 2328 78
1233 2289 1400 2339 singulis
1418 2298 1504 2338 cap.
1529 2298 1580 2326 ex
1600 2284 1738 2324 ordine
1768 2296 1962 2324 numerus
1991 2284 2126 2336 adjici-

1157 2357 1245 2392 tur:
1284 2351 1374 2390 dein
1399 2351 1509 2389 nullo
1548 2348 1726 2387 distincti
1762 2359 1930 2386 numero
1959 2349 2124 2387 canonis

1155 2414 1318 2466 quidam
1348 2412 1584 2452 succedunt.
1608 2412 1839 2449 Postremus
1864 2414 1927 2448 est
1951 2409 2026 2448 sub
2050 2410 2124 2448 hoe

1155 2478 1286 2516 titulo:
1305 2474 1412 2527 quod
1427 2486 1504 2513 non
1522 2474 1577 2513 sit
1586 2471 1831 2525 porriyenda
1851 2471 1982 2509 hostia
2001 2470 2121 2509 intin-

1155 2542 1231 2577 cta.
1253 2538 1335 2576 Lib.
1347 2538 1386 2577 V·
1403 2547 1488 2587 cap.
1502 2537 1676 2586 primum
1699 2535 1774 2572 fert
1786 2534 1835 2572 de
1852 2533 2118 2573 Gatechume-

1156 2603 1233 2648 nis,
1263 2604 1303 2638 et
1330 2599 1528 2650 capitibus
1563 2598 1611 2636 49
1647 2596 1880 2635 absolvitur.
1925 2594 2029 2633 Libri
2070 2596 2122 2634 VI

1153 2664 1306 2714 primus
1321 2672 1448 2699 canon
1469 2663 1530 2698 est
1548 2672 1556 2697 :
1576 2657 1683 2709 ¹quod
1696 2656 1922 2697 Christiani
1936 2656 2120 2708 Impera-

1153 2729 1255 2763 tores
1278 2721 1559 2762 ecclesiasticis
1578 2719 1679 2758 viris
1696 2717 1857 2757 subesse
1874 2717 2025 2768 debent,
2042 2730 2120 2757 non

1147 2795 1348 2838 praeesse.
1373 2788 1469 2822 sunt
1491 2784 1621 2833 capita
1644 2782 1707 2819 99.
1735 2781 1837 2819 Libri
1859 2781 1927 2820 VII
1951 2786 1992 2820 et
2017 2781 2118 2821 sorte

1153 2849 1273 2887 etiam
1288 2847 1375 2885 VIII
1397 2846 1488 2884 huic
1512 2844 1712 2882 coniuncti
1734 2844 1908 2893 primum
1926 2843 2055 2894 Caput
2072 2846 2120 2881 ti-

1155 2910 1284 2949 tulum
1302 2908 1409 2947 hunc
1430 2907 1603 2958 praefert
1621 2919 1628 2944 :
1651 2904 1755 2943 unde
1773 2904 1902 2943 malae
1919 2905 2120 2956 coqitatio-

1154 2982 1221 3011 nes
1237 2970 1435 3009 oriantur.
1453 2969 1645 3007 Postremi
1665 2969 1795 3019 operis
1818 2968 1892 3005 solii
1917 2971 2118 3018 postrema

1153 3033 1275 3072 verba
1300 3033 1396 3070 haec
1420 3036 1537 3070 sunt:
1564 3029 1610 3069 cle
1634 3029 1683 3069 iis
1708 3029 1779 3081 qui
1791 3030 1920 3081 jutta
1958 3028 2119 3081 Aposto-
2176 3035 2178 3037 ’

1155 3094 1234 3133 lum
1256 3093 1396 3132 traditi
1410 3097 1505 3132 sunt
1523 3094 1697 3132 Satanae
1714 3091 1954 3144 ecquomodo
1978 3092 2016 3130 in
2036 3103 2119 3131 coe-

1152 3169 1205 3195 na
1222 3155 1378 3195 Domini
1394 3154 1445 3193 ab
1471 3156 1661 3207 Episcopo
1682 3153 1847 3193 debeant
1866 3153 2121 3193 reconciliari

1155 3219 1255 3257 {alx
1264 3217 1376 3267 libre,
1390 3218 1427 3257 si
1441 3218 1523 3256 vita
1537 3228 1663 3256 comes
1679 3216 1816 3270 suerit,
1825 3215 1982 3268 plenius
2000 3228 2117 3255 enar-

1151 3280 1262 3320 rabo.
1283 3281 1345 3320 Ex
1364 3281 1437 3320 hac
1461 3280 1668 3331 diligenter
1685 3281 1867 3318 instituta
1891 3281 2112 3330 (quantum

1150 3355 1218 3396 pro
1240 3345 1429 3395 temporis
1453 3345 1635 3394 angustia
1659 3342 1790 3391 valui)
1814 3342 2022 3392 utriusque
2051 3352 2115 3380 co-

2064 217 2146 256 2123
2198 262 2204 268 ⁶
