2500 3841
874 188 1364 234 CLARENTIUS

123 258 349 309 appendicis
386 259 436 298 ad
473 259 668 303 Henricus
697 261 1005 302 Gandavensem
1037 252 1097 301 de*

122 322 380 371 scriptoribus
402 324 697 363 Ecclesiasticis
725 335 810 375 cap.
851 324 911 363 40.
949 324 1086 364 Clare-

122 379 261 422 baldus
295 383 571 426 Atrebatensis
602 385 803 426 Diaconus
841 398 960 438 super
989 389 1086 426 Boe-

120 443 248 483 thium
268 446 317 486 de
334 448 526 488 Trinitate
550 452 808 488 commentum
821 448 933 502 fecit,
949 447 1022 487 ubi
1038 449 1084 487 de

117 505 357 558 quibasdam
379 511 602 551 Gilbertum
625 513 917 551 pictaviensem
940 523 1085 563 arque-

115 580 187 620 νε,
212 573 374 613 Petrum
397 586 490 614 vero
514 573 769 614 Abailardum
794 573 1054 612 condemnare
1069 606 1080 623 ,

116 636 154 671 et
178 632 371 675 Abhatem
407 638 685 678 Bernhardum
725 635 985 689 comprobare
1022 636 1080 676 vi-

117 695 248 736 detur.

171 760 383 803 Ossbertus
416 763 762 814 CLARENTIUS,
799 763 971 803 Lelando
994 775 1079 815 cap.

116 822 205 863 458.
244 825 535 877 CLARANUS,
573 827 753 880 Anglus,
790 827 1005 867 Monachus
1041 829 1082 865 et

113 887 247 937 Prior,
273 891 359 929 sive
397 892 563 930 Praeses
601 890 863 930 secundarius
901 890 941 929 S.
977 888 1080 928 Petri

113 950 404 1004 Londinensis,
439 955 544 993 circa
583 952 747 993 Annum
777 953 935 993 CHristi
965 951 1082 991 4436.

113 1015 273 1065 scripsit
295 1015 420 1055 vitam
434 1016 546 1056 Petri
557 1016 791 1056 Eadveardz'
801 1017 933 1068 Regis,
948 1015 1065 1054 Ethel

112 1076 197 1115 redi
221 1079 262 1116 F.
277 1078 326 1117 ad
349 1078 590 1129 Albericum,
608 1081 783 1131 legatum
800 1077 1005 1118 Innocenti
1030 1077 1077 1115 ΙΙ.

112 1139 240 1190 Papae
258 1154 266 1179 :
291 1145 332 1180 et
353 1141 476 1182 vitam
495 1141 726 1192 Ethelberti,
746 1143 831 1180 sive
846 1137 1076 1188 Athelbertz',

109 1202 227 1254 Regis
250 1208 290 1242 et
313 1204 577 1256 Confessoris,
602 1204 652 1244 ad
678 1204 961 1243 Gisslihertum
986 1202 1078 1253 Epi—

110 1276 276 1317 scopum
299 1268 668 1307 Henoforthensem.
702 1265 829 1306 Vitam
850 1263 1081 1303 Eadmundi

108 1329 294 1380 Martyris
311 1361 319 1380 ,
340 1334 380 1369 et
399 1329 645 1381 Eadbaryae
660 1330 847 1381 Virginis.
869 1327 966 1368 Vide
980 1328 1078 1367 Vos-

112 1391 217 1430 sium
247 1403 334 1443 pag.
362 1393 450 1432 409.
475 1394 637 1432 Praeter
658 1393 779 1442 haec⁷
802 1389 1076 1443 Epz·stolarum

111 1453 313 1494 volumina
342 1454 420 1494 duo
450 1460 724 1495 memorantur
752 1467 775 1494 a
803 1455 920 1494 Baleo
944 1454 991 1492 ΙΙ.
1022 1452 1073 1492 75

109 1519 150 1553 et
173 1517 303 1555 Pitseo
340 1529 431 1569 pag.
466 1519 557 1558 205.
587 1520 694 1558 MSta
723 1517 918 1569 quaedam
951 1515 1073 1566 hujus

107 1578 297 1618 Clarentii
317 1581 357 1618 in
377 1580 633 1620 Bibliothecis
649 1580 813 1632 Angliae
829 1610 837 1630 ,
853 1583 899 1619 ut
918 1579 1073 1617 notavit

106 1641 289 1682 Oudinus
313 1646 410 1682 tom.
435 1644 496 1694 ΙΙ,
522 1655 609 1696 pag.
636 1644 732 1684 4424
755 1674 764 1693 ,
789 1655 872 1694 seq.
902 1643 958 1680 De
987 1640 1070 1681 vita

105 1706 145 1745 S.
169 1703 336 1757 Elpheqi
356 1706 448 1745 vide
474 1708 575 1746 infra
599 1708 639 1745 in
664 1707 907 1746 OSBERNO.

159 1767 595 1809 CLAREVALLENSE
626 1769 849 1808 Chronicon
879 1768 928 1807 ab
955 1766 1070 1806 Anno

107 1831 260 1871 CHristi
293 1830 393 1870 4447
432 1831 482 1870 ad
521 1833 624 1871 4492
653 1832 864 1883 vulgatum
901 1842 923 1869 a
957 1831 1071 1869 Petro

107 1894 317 1932 Francisco
334 1894 516 1934 Chissetio
537 1893 576 1932 in
598 1905 743 1945 genere
761 1894 906 1933 illustri
927 1893 965 1932 S.
979 1894 1074 1931 Ber-

108 1955 251 1994 nhardi
275 1959 440 1994 asserto.
465 1957 632 1995 Divione
657 1957 786 2005 4660,
813 1956 847 1994 4.

162 2016 469 2059 CLARICONIS
497 2019 673 2070 Magistri
702 2019 967 2065 Quaestiones
996 2019 1074 2057 Mo-

106 2081 209 2119 rales
226 2111 235 2132 ,
255 2080 520 2127 Quaestiones
551 2091 672 2132 super
702 2081 823 2119 libros
848 2079 1073 2119 Aristotelis

113 2142 161 2181 de
189 2142 454 2182 Generatione
485 2147 525 2181 et
553 2143 840 2194 Corruptione,
869 2153 962 2181 eum
990 2144 1077 2193 qui—

118 2205 288 2244 busdam
318 2206 405 2245 aliis
434 2205 483 2245 de
511 2205 721 2257 Theologia
747 2206 855 2246 MSS.
883 2209 1079 2245 memorat

107 2267 306 2307 Antonius
335 2269 547 2309 Sanderus
577 2270 616 2308 in
645 2269 888 2308 Bibliotheca
923 2270 1080 2320 Belgica

118 2332 198 2370 MS.
221 2343 308 2383 pag.
335 2332 424 2371 498.

174 2395 302 2432 Breve
343 2394 566 2434 Chronicon
609 2395 1080 2436 CLARIMARISCENSE

103 2455 152 2495 ab
176 2453 290 2493 Anno
315 2456 420 2495 4098
451 2457 501 2496 ad
529 2458 632 2497 4286
658 2460 698 2497 411
723 2458 926 2497 Thesauro
955 2457 1084 2497 Anec—

111 2517 294 2555 dotorum
324 2517 532 2557 Edmundi
561 2521 754 2571 Martem,
780 2524 875 2558 tom.
909 2521 962 2558 111
992 2531 1080 2571 pag.

110 2579 233 2619 4386.

165 2641 380 2681 CLARIUS
407 2643 669 2682 Floriacensis
698 2645 894 2695 primum,
934 2644 1076 2683 deinde

112 2702 303 2743 Abbatiae
336 2705 375 2744 S.
410 2706 515 2744 Petri
537 2706 652 2755 Vivi,
681 2706 923 2744 Senonensis
950 2707 1082 2745 Mona-

120 2766 247 2817 chus,
271 2766 452 2806 Gaufridi
471 2779 494 2806 a
515 2767 660 2806 Colone
681 2766 827 2817 judicio
850 2767 965 2806 valde
989 2767 1080 2806 bene

114 2827 313 2868 lateratus
346 2830 506 2880 scripsit
536 2829 731 2869 Cronicon
754 2830 802 2868 ab
825 2829 940 2868 Anno
964 2831 1082 2870 CHri-

116 2893 166 2929 sti
190 2892 265 2934 446
285 2891 333 2930 ad
358 2892 458 2931 4484-
481 2891 633 2930 editum
654 2903 675 2930 a
694 2892 887 2930 Daeherio
907 2896 1001 2930 tom.
1019 2894 1052 2931 ΙΙ
1070 2923 1078 2943 ,

120 2954 307 3005 spicilegii
329 2965 417 3005 pag.
438 2954 514 2994 705
532 2954 738 3003 (editionis
759 2966 886 2993 novae
910 2958 1001 2993 tom.
1019 2956 1053 2994 II
1072 2986 1080 3005 ,

115 3028 202 3068 pag.
235 3017 446 3067 463—4-86)
477 3019 545 3068 qui
575 3021 685 3056 notat
714 3018 893 3067 vestigiis
923 3015 1010 3067 ejus
1040 3018 1084 3055 li—

116 3080 259 3120 benter
295 3081 480 3119 insistere
510 3081 726 3119 Rohertum
762 3079 1083 3118 Autissiodoren—

119 3154 230 3190 sem,
255 3143 319 3183 ubi
347 3155 412 3182 res
436 3144 689 3183 senonenses
715 3143 978 3193 persequitur.

173 3206 427 3246 CLAUDIUS
444 3204 1079 3253 CLAUDIAleffiAlexandrinus⁷

121 3272 299 3321 tempore
322 3270 491 3309 filiorum
509 3269 716 3308 Theodosii
737 3269 783 3307 M.
801 3270 904 3306 eirca
918 3267 1079 3307 Annum

122 3332 273 3372 CHristi
303 3334 378 3373 395
408 3334 540 3373 clarus
568 3335 682 3371 Poeta
720 3330 865 3369 summi
896 3329 1021 3369 scziile‘e·
1047 3332 1084 3370 et

2042 203 2122 244 355

1160 265 1298 317 maslai
1319 266 1611 319 eoeercitatz'que
1635 267 1783 319 iizgyeizz'z'
1803 271 1863 321 a),
1889 270 1936 309 de
1961 283 2039 322 quo
2064 285 2125 313 sa-

1161 330 1212 367 tis
1249 329 1401 369 dictum
1441 331 1504 370 lib.
1550 333 1613 370 111.
1657 333 1921 373 Bibliothecae
1963 336 2124 375 Latinae

1159 411 1243 451 cap.
1274 400 1322 439 13
1362 406 1402 439 et
1442 403 1481 440 in
1519 403 1723 454 Polycarpi
1759 405 1922 455 Leyseri
1959 406 2123 447 historia

1159 467 1368 513 poetarum
1394 465 1512 503 medii
1536 467 1624 504 aevi
1648 478 1734 517 pag.
1764 468 1836 516 44,
1861 479 1944 518 seq.

1210 527 1431 566 Mamertus
1455 526 1800 579 CLAUDIANUS‚
1821 531 1908 569 aliis
1930 530 2120 571 Claudia—

1157 598 1233 627 nus
1261 588 1448 627 Ecdicius
1483 590 1705 630 Mamertus
1722 624 1731 639 ,
1768 593 1842 632 sub
1872 595 2062 633 Mamerto
2082 596 2118 646 h)

1158 651 1303 701 fratre,
1326 651 1521 701 Episcopo
1550 652 1793 703 Viennensi,
1824 657 2034 708 Presbyter
2057 660 2090 708 c)
2107 691 2118 708 ,

1156 714 1242 751 sive
1276 711 1450 751 Antz'stes
1488 712 1626 751 ordine
1662 714 1702 752 in
1737 717 1933 767 secundo,
1974 724 2017 758 ut
2056 726 2118 759 est

1155 774 1259 825 apud
1285 774 1491 814 Sidonium
1515 774 1787 826 Apollinarem
1813 779 1876 818 lib.
1903 782 1964 819 IV.
1989 783 2115 833 Epist.

1155 837 1210 875 XI
1235 835 1301 875 ubi
1325 837 1479 886 insigne
1508 838 1679 888 elogium
1710 839 1822 889 ejus,
1854 844 2118 894 epitaphium-

1156 909 1233 948 que
1257 899 1291 936 ei
1311 898 1487 948 positum
1512 899 1682 950 legitur,
1705 901 1892 941 defuncto
1911 906 2012 944 eirca
2036 907 2117 946 An-

1157 972 1255 999 num
1277 961 1432 1001 CHristi
1456 961 1544 1001 470.
1568 963 1734 1014 Scripsit
1758 964 1804 1003 de
1827 969 1935 1005 stata
1959 968 2117 1009 animae

1156 1024 1274 1062 iibros
1302 1025 1355 1063 III
1384 1028 1523 1064 contra
1550 1026 1786 1067 FAUSTUM
1814 1028 2024 1079 Rejensem
2051 1033 2114 1082 d),

1154 1088 1221 1137 qui
1252 1087 1291 1124 in
1321 1087 1449 1126 libello
1479 1088 1528 1127 de
1557 1090 1762 1130 Creaturis
1785 1093 1958 1131 animam
1983 1106 2118 1146 corpo-

1152 1151 1230 1189 reis
1268 1154 1308 1189 et
1344 1150 1533 1190 localibus
1570 1153 1808 1193 substantiis
1849 1155 2117 1208 adscripserat

1148 1223 1240 1251 cum
1263 1213 1505 1252 Tertulliano
1523 1243 1531 1263 ,
1546 1212 1735 1267 Arnobio,
1755 1217 1916 1266 HilariO,
1934 1220 2114 1271 aliisque.

1150 1273 1284 1314 Edidit
1304 1276 1459 1325 primus
1480 1276 1626 1316 Petras
1645 1278 1887 1318 Mosellanus
1900 1313 1911 1330 ,
1936 1283 2113 1322 Basileae

1152 1337 1280 1386 4504,
1302 1338 1337 1375 4.
1367 1349 1388 1376 e
1418 1338 1660 1379 Bibliotheca
1689 1342 1822 1381 Cellae
1846 1343 2000 1382 Veteris
2024 1347 2114 1384 Mis-

1149 1401 1306 1448 nensis,
1322 1402 1389 1451 qui
1407 1401 1541 1442 Codex
1554 1404 1632 1442 MS.
1650 1402 1733 1453 jam
1754 1410 1941 1445 servatur
1959 1408 2112 1459 Lipsiae

1148 1464 1185 1501 in
1208 1463 1449 1502 Bibliotheca
1462 1465 1650 1516 Paulina,
1672 1470 1776 1505 teste
1796 1469 1963 1507 Daumio
1986 1471 2024 1508 in
2047 1483 2115 1509 no-

1146 1526 1199 1564 tis
1218 1526 1268 1565 ad
1283 1526 1492 1566 Paulinum
1509 1529 1778 1568 Petrocorium
1798 1542 1885 1581 pag.
1906 1532 1994 1570 330.
2016 1533 2113 1572 Inde

1145 1587 1289 1639 prodiit
1325 1589 1365 1627 in
1400 1589 1795 1642 Orthodoxographis
1833 1593 2007 1644 Grynaei
2038 1595 2112 1635 An.

1146 1652 1273 1700 4569,
1297 1662 1384 1703 pag.
1411 1652 1515 1693 4247
1540 1658 1580 1693 et
1604 1655 1643 1692 in
1667 1655 1924 1695 Bibliothecis
1950 1659 2115 1698 Patrum

1143 1714 1354 1752 Parisiens.
1378 1712 1452 1753 An.
1479 1715 1608 1766 4575,
1640 1720 1735 1755 tom.
1763 1718 1796 1758 V
1820 1722 1861 1757 et
1884 1718 1960 1758 An.
1987 1722 2089 1759 4589
2105 1751 2115 1771 ,

1147 1776 1248 1815 4444
1267 1805 1275 1825 ,
1300 1777 1419 1825 4654,
1440 1781 1535 1816 tom.
1558 1780 1608 1818 IV
1628 1784 1668 1818 et
1688 1792 1737 1818 ex
1753 1779 1944 1820 Andreae
1966 1782 2120 1822 Sclzotti

1147 1840 1416 1889 recognitione
1435 1870 1443 1889 ,
1465 1842 1533 1891 qui
1556 1841 1752 1881 Jolzanm's
1787 1845 1981 1884 Wowera·
2001 1847 2117 1884 colla-

1147 1902 1277 1940 tiones
1297 1913 1388 1941 cum
1411 1904 1656 1943 membranis
1677 1906 1936 1945 Plantinianis
1954 1937 1962 1956 ,
1983 1912 2023 1945 et
2043 1909 2117 1948 Co-

1149 1963 1277 2003 dicem
1315 1966 1641 2016 antiquissimum
1667 1968 1961 2007 Tornaeensem
1999 1981 2020 2007 e
2054 1970 2116 2007 Bi-

1148 2025 1345 2066 bliotheca
1372 2028 1723 2068 Benedictinorum
1754 2030 1803 2068 ad
1833 2031 1873 2070 S.
1901 2033 2115 2070 Martinum

1149 2093 1316 2135 nactus,
1340 2090 1454 2141 longe
1478 2091 1769 2131 emendatiores
1789 2093 1861 2131 hos
1880 2094 2000 2132 libros
2023 2095 2113 2133 vul-

1151 2153 1260 2202 gavit
1284 2153 1321 2189 in
1345 2153 1587 2192 Bibliotheca
1606 2154 1768 2193 Patrum
1791 2155 2018 2194 Coloniensi
2037 2155 2115 2195 An.

1155 2215 1282 2263 4648,
1307 2218 1402 2253 tom.
1427 2216 1502 2265 IV,
1526 2218 1593 2266 qui
1618 2218 1775 2268 repetiti
1798 2219 1834 2255 in
1856 2218 2117 2269 Lugdunensi

1156 2275 1230 2315 An.
1251 2276 1352 2316 4677
1369 2308 1377 2328 ,
1397 2281 1489 2316 tom.
1506 2279 1556 2317 VI
1572 2309 1580 2328 ,
1595 2290 1681 2329 pag.
1701 2279 1815 2318 4050.
1837 2280 1995 2331 Caspai·
2014 2281 2118 2319 Bar-

1157 2338 1262 2378 thius
1292 2340 1453 2379 eosdem
1482 2340 1602 2379 libros
1639 2353 1732 2380 cum
1770 2343 1854 2381 suis
1889 2347 1929 2381 et
1964 2343 2117 2382 Schotti

1158 2404 1262 2441 notis
1286 2403 1408 2441 edidit
1431 2404 1616 2454 Cygneae
1645 2405 1771 2453 46557
1801 2406 1836 2443 8.
1867 2406 2023 2456 illisque
2048 2408 2119 2444 La—

1156 2465 1239 2503 tine
1253 2464 1436 2514 adjunxit
1449 2465 1624 2516 Gregorii
1639 2467 1925 2519 Thaumaturgi
1940 2468 2118 2506 libellum

1157 2526 1206 2564 de
1243 2527 1375 2565 anima
1403 2527 1580 2566 celebres
1608 2530 1834 2579 opiniones,
1868 2531 2019 2568 Joanne
2049 2530 2121 2568 Ta-

1156 2590 1241 2626 rino
1262 2589 1501 2639 interprete,
1525 2591 1693 2631 Hermae
1718 2594 1919 2631 Pastorem
1946 2592 2119 2631 illustra-

1209 2739 1243 2778 3)
1267 2743 1317 2772 J0.
1330 2742 1489 2772 Jovianus
1511 2743 1685 2773 Pontanus
1708 2743 1741 2773 'in
1759 2744 1852 2773 Actio
1870 2742 2009 2782 Dialogo
2025 2765 2034 2782 ‚
2053 2746 2078 2774 t.
2097 2744 2122 2774 1.

1148 2791 1292 2829 Operum
1314 2798 1391 2830 pag.
1415 2791 1489 2821 220.

1207 2838 1244 2878 b)
1268 2842 1314 2870 De
1335 2840 1400 2871 hoc
1423 2840 1656 2872 'tillemontius
1681 2845 1761 2873 tom.
1786 2844 1867 2874 XVI.
1889 2845 2124 2875 memoriarum

1148 2897 1224 2929 pag.
1253 2889 1310 2920 104
1329 2913 1338 2928 ,
1363 2898 1455 2930 seqq.
1480 2891 1724 2922 sammariiiani
1749 2896 1830 2924 tom.
1851 2894 1874 2924 1.
1892 2892 2016 2924 Galliae
2033 2894 2126 2925 Chri-

1149 2941 1276 2971 stianae
1309 2948 1384 2980 pag.
1416 2940 1500 2977 792,
1530 2949 1599 2981 seq.
1624 2944 1705 2973 Acta
1742 2944 1943 2974 sanctorum
1976 2947 2053 2975 tom.
2081 2945 2121 2974 [1.

1149 2991 1224 3031 Maji
1249 2991 1292 3020 XI
1311 3014 1321 3028 ‚
1349 2998 1426 3030 pag.
1450 2991 1524 3023 629.

1211 3038 1242 3078 c)
1266 3039 1334 3070 Ado
1369 3042 1404 3072 in
1439 3041 1606 3073 Chronico
1639 3043 1680 3073 ad
1715 3046 1847 3074 Annum
1871 3044 2027 3074 CHRlSTl
2049 3043 2122 3081 408,

1153 3088 1375 3120 Claudianus
1404 3090 1617 3122 Viennensis
1642 3092 1827 3123 Ecclesiae
1853 3092 2043 3131 Presbyter
2069 3094 2124 3125 vir

1152 3139 1199 3168 acl
1223 3138 1435 3177 loquendum
1458 3141 1594 3180 artifex
1611 3166 1620 3180 ‚
1644 3146 1677 3173 et
1700 3143 1745 3173 acl
1769 3143 2025 3182 disputandum
2043 3143 2126 3175 sub-

1151 3189 1228 3219 tilis
1261 3188 1397 3229 floruit.
1433 3193 1597 3223 Honorius
1621 3194 1663 3224 11.
1686 3193 1725 3222 82
1748 3193 1788 3223 (le
1811 3195 1841 3224 S.
1864 3195 1901 3224 E.
1925 3202 1963 3225 ex
1987 3194 2124 3226 meliore

1155 3239 1317 3272 Gennadii
1343 3241 1502 3272 editione.

1211 3288 1245 3327 d)
1271 3289 1459 3321 'rillcinont.
1491 3295 1572 3323 tom.
1595 3294 1675 3324 XVI.
1709 3295 1897 3326 Memoriar.
1932 3302 2007 3334 pag.
2034 3293 2089 3325 121
2114 3319 2123 3333 ,

1154 3348 1221 3379 seq.
1247 3348 1327 3380 pag.
1349 3340 1422 3372 215.
1447 3341 1519 3372 244.
1548 3350 1616 3382 seq.
