2500 4009
445 224 523 262 516

433 294 754 342 sinensiliuscap.
782 290 836 328 1'4.
862 293 1030 327 testatur
1054 278 1381 326 Erchembcrtum

433 357 638 406 scripsisse
679 353 724 391 de
765 349 1025 389 destructione
1061 352 1098 386 et
1130 346 1383 386 renovatione

425 416 672 457 Cassi'nensi's
699 411 893 459 Coenobii,
916 423 987 450 nec
1006 422 1082 450 non
1100 409 1146 448 de
1163 409 1383 448 [smaelita-

422 490 510 515 rum
536 475 758 514 incursione
776 488 782 511 :
802 473 907 524 quod
931 478 1148 521 utrumque
1171 482 1382 523 argumen-

422 546 504 577 tum
527 536 646 576 ”etiam
673 539 709 574 in
736 537 800 575 illa
836 536 1004 575 Historia
1028 546 1048 573 a
1089 534 1311 576 Caracciolo
1341 538 1380 572 et

420 601 625 650 l‘eregrino
647 598 751 638 edita
768 600 987 649 attingitur.
1009 596 1120 636 Adde
1144 597 1305 647 Pagium
1331 596 1377 635 ad

420 664 576 700 Annum
595 662 749 700 (Illi-isti
767 662 856 700 827.
876 672 984 699 num.
1005 661 1039 698 5.
1063 659 1171 698 Idem
1188 658 1378 697 Erchem-

421 725 557 762 bertus
594 723 764 763 traditur
801 724 976 762 carmine
1014 723 1222 773 scripsisse
1255 720 1378 761 vitam

419 784 641 837 Landulplii
660 786 689 823 1.
715 787 892 837 Capuani
923 786 970 824 ab
991 784 1065 823 An.
1100 785 1190 824 851.
1214 784 1262 823 ad
1287 784 1376 822 879.

418 849 599 899 Episcopi
619 879 626 894 ‚
644 853 764 899 atque
788 847 816 886 A
825 851 886 887 cta
902 845 1174 886 translationis
1189 845 1381 886 Matthaei

416 910 599 962 Apostoli.
623 911 718 950 Vide
742 913 962 951 Johannem
984 910 1203 961 Baptistam
1225 910 1375 948 Marum

418 976 521 1012 notis
544 973 590 1012 ad
616 976 775 1012 Petrum
798 975 1011 1012 Diaconum
1030 983 1113 1023 pag.
1135 970 1221 1010 173.
1239 971 1377 1010 editio-

418 1038 480 1074 nis
503 1048 523 1074 a
551 1048 612 1074 me
636 1041 807 1074 curatae.

472 1102 490 1118 ¹*
522 1100 627 1138 llanc
663 1100 787 1148 ipsam
819 1099 994 1136 auctoris
1025 1097 1142 1137 huius
1169 1097 1372 1136 historiam

422 1159 770 1212 Lonyobarclorum
816 1171 892 1199 una
925 1171 1016 1198 cum
1056 1161 1226 1198 coeteris
1256 1171 1278 1198 a
1307 1161 1375 1198 Pe-

419 1226 572 1273 regrino
601 1223 718 1261 editis
750 1234 853 1262 nova
884 1225 1118 1262 recensione
1143 1234 1164 1261 a
1189 1228 1232 1262 se
1256 1224 1375 1262 casti-

414 1288 539 1333 eatis.
570 1297 660 1323 cum
694 1287 798 1323 notis
829 1287 914 1324 suis
946 1286 1161 1325 fusioribus
1187 1286 1375 1324 aliorum-

415 1361 491 1398 que
536 1348 773 1387 ineditorum
818 1348 1109 1400 Opusculorum
1155 1349 1373 1387 adiectione

420 1414 456 1449 in
476 1412 602 1449 lucem
631 1410 818 1462 produxit
839 1413 1079 1450 Franciscus
1103 1412 1150 1450 M.
1176 1411 1374 1449 l’ratillius

425 1479 517 1512 tom.
539 1474 667 1512 trihus
694 1475 731 1511 in
754 1473 789 1511 t.
809 1474 965 1525 Neapoli
984 1485 1048 1512 an.
1067 1473 1168 1513 1750
1193 1478 1233 1512 et
1259 1473 1374 1512 475⁴.

467 1536 853 1575 ERCHlNFREDL'S
873 1537 1016 1574 tertius
1033 1534 1164 1573 Abbas
1180 1535 1377 1573 Mcllicen-

416 1602 471 1636 sis
496 1601 533 1636 in
559 1598 744 1646 Austria,
770 1599 931 1649 scripsit
955 1597 1165 1637 historiam
1188 1597 1379 1648 martyrii

417 1666 454 1699 et
482 1659 768 1699 miraculorum
794 1660 1025 1700 colomanni·
1048 1662 1203 1699 natione
1243 1661 1347 1699 Scoti
1364 1691 1374 1707 ,

416 1726 482 1774 qui
501 1724 574 1762 An.
594 1724 706 1762 1012.
736 1724 771 1761 in
795 1723 979 1774 oppidulo
1009 1724 1193 1762 Austriae
1224 1723 1379 1761 inferio-

421 1788 474 1824 ris
496 1791 634 1824 vocato
653 1787 886 1835 martyrium
906 1786 1025 1824 subiit
1044 1785 1213 1824 :editam
1231 1796 1252 1824 a
1268 1786 1381 1823 Lam-

417 1849 524 1887 becio
554 1852 645 1886 tom.
670 1849 705 1886 2.
731 1847 778 1886 dc
809 1848 1048 1886 Bibliotheca
1088 1847 1249 1886 Vindob.
1289 1858 1375 1898 pag.

418 1911 602 1950 611-618.
628 1914 667 1947 ct
692 1911 929 1960 Hieronymo
969 1912 1043 1949 Pez
1083 1915 1176 1948 tom.
1204 1910 1239 1949 11
1279 1911 1374 1948 scri—

420 1978 578 2024 ptorum
603 1973 903 2012 Austriacorum
928 1985 963 2024 p.
979 1974 1041 2011 94.
1065 1973 1162 2012 Vide
1183 1977 1223 2011 et
1246 1985 1283 2024 p.
1307 1971 1369 2010 97.

467 2035 834 2074 ERCOMBERTUS
858 2035 1037 2086 Anglus,
1063 2035 1223 2074 Ordinis
1252 2037 1375 2073 Bene-

416 2097 549 2134 dictini
575 2097 788 2135 Monachus
812 2096 1106 2135 Glasconiensis
1130 2128 1137 2145 ‚
1169 2096 1375 2134 Gramma-

417 2162 547 2205 ticus.
576 2159 693 2207 cujus
723 2158 863 2196 librum
891 2157 936 2195 de
960 2161 1042 2195 octo
1061 2156 1247 2209 partibus
1285 2169 1375 2194 ora-

418 2219 1374 2270 tionisctReyularumGrammalicaliumPitseus

418 2293 502 2332 pag.
529 2282 605 2319 837
630 2287 927 2320 commemorat.

470 2345 690 2383 ERDWlNl
718 2345 971 2383 ERDMANNI
990 2377 999 2392 ,
1039 2345 1223 2384 Consulis
1249 2344 1374 2383 Osna-

417 2405 602 2455 brugens.
625 2405 799 2445 defuncti
827 2407 900 2444 An.
930 2407 1044 2445 4503.
1070 2406 1266 2445 Chronica
1283 2406 1375 2457 Epi-

417 2478 623 2518 scoporum
672 2466 1039 2519 Osnabruqensium
1080 2482 1100 2507 a
1148 2468 1311 2507 fundata
1354 2481 1372 2506 a

410 2530 547 2568 Carolo
580 2531 717 2581 Magno
757 2531 933 2569 Ecclesia
960 2530 1264 2581 2Osnabrugensi
1302 2531 1375 2569 An.

419 2593 575 2631 Cllristi
599 2592 687 2630 772.
713 2592 759 2631 ad
785 2593 858 2630 An.
891 2592 992 2632 ili-'533
1018 2595 1103 2632 sive
1127 2593 1174 2632 ad
1200 2599 1376 2644 tempora

419 2654 585 2693 Conradi
610 2654 657 2693 de
673 2655 890 2706 Diepholtz,
907 2656 1228 2707 osnabrugensis
1245 2657 1374 2707 Episc.

418 2728 495 2767 quo
519 2717 700 2755 hortante
732 2728 830 2768 opus
853 2723 990 2756 auctor
1015 2718 1373 2770 suscepit‚editum

418 2792 436 2817 a
469 2780 670 2818 Meibomio
697 2781 732 2818 in
765 2782 1022 2831 scriptoribus
1050 2793 1182 2821 rerum
1212 2782 1377 2821 Germa—

419 2843 594 2879 nicarum
621 2846 713 2879 tom.
741 2843 775 2880 2.
808 2854 894 2893 pag.
920 2844 1105 2882 ΗΕΒ-264.
1138 2843 1233 2882 Vide
1258 2843 1377 2883 Oudi-

420 2915 514 2942 num
534 2913 632 2942 tom.
651 2905 684 2942 3.
705 2916 789 2956 pag.
809 2906 923 2943 2706.
944 2905 1164 2945 chronicon
1182 2906 1377 2945 Comitum

427 2964 864 3016 Schauenburqensium
903 2972 937 3005 et
974 2968 1146 3006 aliorum
1186 2967 1376 3015 heroum,

423 3029 524 3077 quod
550 3029 718 3067 Conradi
745 3029 863 3079 hujus
894 3031 1073 3081 Episcopi
1108 3042 1229 3070 svasu
1262 3032 1377 3069 colle-

421 3095 527 3128 ctum
546 3091 593 3128 ab
618 3090 729 3129 lirdu
745 3093 806 3129 ino
829 3096 935 3131 notat
954 3094 1204 3132 Ilsermannus
1224 3094 1375 3132 llamcl-

423 3163 617 3198 mannus,
649 3154 776 3191 lucem
803 3166 878 3192 non
905 3155 1029 3202 vidit,
1055 3156 1158 3206 quod
1185 3158 1319 3196 sciam.

476 3214 1371 3267 indiminutussupraAERCHEMBERTL'S.

478 3363 494 3384 a
535 3353 684 3384 oudinus
713 3359 791 3386 tom.
817 3356 835 3385 -3
861 3364 934 3394 pag.
954 3355 1050 3390 2317.

1124 214 1715 254 ERGHINFREDUS

1512 285 1733 326 Chronicon
1749 283 1865 326 breve
1878 286 2411 328 ERFORDENSISCivitatis

1458 347 1506 386 ab
1530 347 1602 385 An.
1631 347 1706 386 438
1725 359 1803 398 quo
1826 349 2002 389 Erfordia
2026 350 2154 401 coepit
2174 350 2299 401 primo
2323 350 2411 390 fun-

1457 409 1563 457 dari,
1587 408 1635 447 ad
1661 407 1734 447 An.
1777 410 1878 449 1422
1915 415 2074 451 auctore
2093 443 2104 461 ,
2138 417 2181 451 ut
2211 411 2380 451 credunt
2398 443 2410 461 ‚

1460 469 1690 509 Theodorico
1728 470 2070 522 ENGELHUSIO,
2109 473 2213 524 quod
2251 484 2272 512 e
2300 473 2409 513 MSto

1454 533 1723 573 Bibliothecae
1748 534 1787 572 S.
1804 533 1943 572 Crucis
1958 535 2237 576 Hanoveranae
2266 535 2414 576 descri-

1456 597 1535 646 psit
1559 597 1732 635 Joannes
1755 595 1948 647 Georgius
1965 597 2186 647 Eccardus‚
2210 597 2411 649 ediditque

1459 658 1662 697 Johannes
1678 657 1931 697 Burchardus
1945 657 2199 700 Menckenius
2213 665 2243 700 t.
2257 661 2295 711 2,
2315 663 2410 700 scri-

1453 724 1613 771 ptorum
1649 731 1783 758 rerum
1815 720 2141 760 Germanicarum
2161 733 2198 773 p.
2223 723 2410 763 564-566.

1507 782 1705 833 Anonymi
1733 780 1956 822 Chronicon
1991 781 2336 826 ERFORDIENSE
2363 787 2411 825 ab

1451 843 1524 882 An.
1552 844 1654 884 1223
1679 843 1727 883 ad
1753 845 1855 884 1254
1893 845 2103 896 vulgatum
2142 856 2166 885 a
2193 847 2237 886 V.
2267 847 2309 888 C.
2346 849 2411 887 Jo-

1453 907 1584 946 hanne
1604 907 1800 946 Friderico
1824 905 2027 946 Schannat
2051 909 2089 946 in
2112 907 2409 951 Vindemiarum

1452 969 1734 1009 litterariorum
1767 970 1997 1008 collectione
2025 960 2348 1021 prima‚'Fuldae
2371 978 2411 1012 et

1450 1033 1603 1083 Lipsiae
1631 1032 1758 1080 1723,
1784 1032 1847 1070 fol.
1872 1043 1958 1083 pag.
1983 1032 2145 1072 91-106.

1502 1093 1885 1134 ERPHURDIANUS
1924 1093 2215 1147 Antiquitatum
2262 1095 2410 1136 Varilo-

1449 1169 1551 1209 quus
1576 1158 1624 1196 ab
1646 1158 1755 1196 initio
1780 1157 2021 1197 fundationis
2044 1156 2132 1207 ejus
2156 1159 2339 1198 Civitatis
2361 1160 2410 1198 ad

1447 1222 1610 1259 Annum
1636 1219 1737 1260 1517
1762 1230 1853 1259 cum
1893 1219 2082 1258 brevibus
2119 1222 2222 1259 notis
2261 1220 2407 1260 laudati

1449 1283 1641 1322 Eccardi.
1673 1281 1777 1333 apud
1807 1281 1979 1322 eundem
2008 1281 2287 1323 Menckenium
2323 1295 2409 1335 pag.

1451 1345 1635 1385 161-560.

1502 1406 1982 1447 ERPHESFORDENSIS
2004 1407 2202 1459 Anonymi
2220 1439 2229 1458 ,
2252 1408 2411 1448 Ordinis

1450 1473 1488 1510 S.
1528 1469 1756 1517 Benedicti,
1777 1467 1811 1518 a)
1838 1480 1916 1508 non
1942 1469 2184 1522 indiligentis
2207 1472 2411 1523 scriptoris

1450 1535 1618 1572 Historia
1645 1533 1692 1571 de
1719 1532 1976 1582 Landgraviis
1993 1532 2230 1585 Thuringiae
2249 1533 2409 1587 duplex,

1453 1607 1531 1634 una
1576 1596 1763 1646 prolixior
1807 1595 1856 1634 ab
1897 1595 2050 1634 ultimis
2091 1606 2219 1646 usque
2265 1597 2408 1636 Noachi

1453 1658 1698 1709 temporibus
1721 1657 1768 1696 ad
1794 1656 1955 1697 Annum
1981 1659 2096 1699 1426.
2118 1663 2158 1698 et
2181 1659 2304 1698 altera
2324 1659 2412 1698 bre-

1452 1722 1537 1760 vior
1560 1721 1748 1760 des-inens
1772 1721 1809 1758 in
1835 1721 1909 1760 An.
1935 1722 2037 1761 1253
2067 1726 2236 1773 utraque
2275 1722 2313 1760 in
2351 1723 2411 1761 Pi-

1453 1784 1562 1821 storii
1587 1787 1680 1821 tom.
1705 1794 1782 1821 uno
1806 1795 1891 1834 pag.
1913 1784 2088 1823 908-955
2112 1788 2153 1822 et
2175 1785 2364 1824 956-960.

1504 1846 1563 1884 Ex
1590 1844 1782 1885 Chronico
1798 1846 2110 1886 ERFURTENSI
2125 1847 2337 1897 antiquiori
2361 1847 2411 1886 ab

1448 1907 1522 1946 An.
1549 1907 1651 1947 1078
1675 1908 1724 1947 ad
1749 1909 1842 1948 1181
1882 1913 2069 1960 excerpta
2094 1908 2199 1961 apud
2233 1909 2411 1950 Mencke-

1449 1972 1559 2009 nium
1581 1975 1675 2008 tom:
1701 1971 1736 2009 3.
1763 1983 1848 2022 pag.
1875 1971 1977 2022 226,
2003 1983 2085 2022 seq.

1503 2033 1723 2074 Chronicon
1764 2035 2091 2075 ERFURTENSE
2125 2036 2408 2087 Sanpetrinum

1450 2099 1549 2148 (post
1573 2098 1810 2147 paucissima
1848 2109 1949 2147 quae
1973 2098 2022 2136 ab
2050 2097 2125 2136 An.
2150 2099 2300 2138 CHristi
2327 2100 2370 2138 31
2397 2128 2405 2145 ,

1449 2159 1622 2197 breviter
1644 2160 1884 2209 perstringit)
1910 2159 1957 2197 ab
1980 2158 2054 2197 An.
2092 2159 2192 2198 1036
2221 2159 2269 2198 ad
2304 2159 2407 2199 4355

1451 2223 1487 2259 in
1514 2225 1607 2258 tom.
1635 2222 1750 2259 tertio
1773 2222 2013 2272 scriptorum
2043 2221 2192 2260 laudati
2228 2221 2408 2261 Mencke-

1451 2285 1501 2321 nii
1523 2296 1608 2334 pag.
1635 2283 1809 2321 202-341
1832 2294 1882 2321 ex
1903 2283 2072 2334 Codice,
2093 2295 2171 2334 quo
2195 2284 2285 2323 olim
2307 2295 2408 2323 usus

1452 2348 1590 2385 Petrus
1613 2345 1781 2384 Albinus
1804 2347 1866 2383 cui
1892 2345 2113 2385 Chronicon
2129 2347 2328 2386 Misnense
2343 2347 2410 2386 de—

1450 2410 1603 2448 bemus.
1634 2409 1783 2447 Omitto
1812 2407 1988 2447 Annales
2023 2409 2282 2449 Erfurtenses
2314 2409 2410 2449 Ger·
2450 2408 2455 2414 '

1452 2473 1627 2510 manicos
1656 2470 1704 2509 ab
1733 2470 1871 2509 eodem
1902 2471 2087 2522 vulgatos
2109 2471 2338 2522 Menckenio
2361 2472 2409 2512 ab

1451 2533 1523 2572 An.
1550 2534 1648 2572 1410
1671 2534 1718 2572 ad
1743 2533 1844 2572 1167
1866 2539 1961 2573 tom.
1983 2535 2019 2573 3.
2044 2545 2130 2586 pag.
2153 2535 2396 2575 1186-1238.

1503 2596 1992 2637 ERPIIESFORDIENSIS
2018 2597 2197 2637 Monachi
2220 2597 2269 2637 ad
2290 2596 2409 2637 LAM-

1452 2661 1651 2699 BERTUM
1682 2659 2096 2712 Schafnaburgensem
2117 2659 2338 2700 additiones
2359 2659 2408 2699 ab

1450 2722 1524 2761 An.
1557 2723 1658 2761 1068
1687 2722 1735 2761 ad
1767 2722 1868 2762 1352
1908 2733 2000 2761 cum
2045 2723 2236 2773 superiori
2285 2722 2408 2762 Chro-

1452 2786 1537 2823 nico
1568 2785 1805 2836 Sanpetrino
1837 2785 1962 2824 multa
1990 2784 2137 2824 similia
2173 2784 2343 2835 habent,
2367 2788 2408 2824 et

1451 2847 1582 2886 addito
1611 2849 1786 2887 auctario
1815 2848 2116 2887 annotationum
2157 2847 2406 2897 quarundam

1451 2911 1682 2949 recentioris
1728 2911 1930 2961 scriptoris
1976 2909 2200 2961 Anonymi,
2237 2920 2405 2960 quarum

1452 2972 1590 3010 ultima
1640 2976 1701 3010 est
1738 2971 1786 3011 de
1830 2970 2071 3022 Erphordiae
2111 2971 2291 3011 incendio
2330 2969 2404 3010 An.

1452 3033 1566 3074 1472.
1592 3034 1771 3085 prodiere.
1801 3035 1838 3072 in
1870 3038 1964 3072 tom.
1991 3035 2228 3085 scriptorum
2252 3033 2406 3072 Pistorii

1450 3108 1536 3147 pag.
1567 3098 1662 3136 253-
1691 3097 1781 3136 265.

1502 3158 1888 3206 ΕΒΟΑΝΒΑΕΒΠΞ,
1906 3159 1990 3197 sive
2005 3155 2405 3198 ERCHANBALDUS

1448 3221 1580 3260 Abbas
1597 3223 1636 3261 S.
1667 3221 1874 3260 Trudberti
1896 3222 1935 3259 in
1960 3221 2132 3271 Brisgoia
2156 3218 2314 3258 Ordinis
2333 3221 2405 3258 Be-

1449 3283 1653 3333 nedictini,
1678 3283 1837 3334 scripsit
1864 3282 1988 3322 Vitam
2011 3283 2050 3321 S.
2080 3279 2300 3331 Truclperti,
2318 3283 2403 3320 sive

1448 3344 1641 3383 Rudberti
1662 3346 1818 3384 Hiberni
1839 3345 2023 3394 Martyris
2039 3343 2112 3382 An.
2139 3341 2214 3381 607
2239 3354 2341 3399 quae
2364 3345 2400 3382 in
