2500 3841
942 201 1292 241 CAROLUs

116 269 259 307 vivunt
283 271 327 306 ut
351 279 469 317 aqua,
494 267 674 306 sentiunt
696 272 740 306 ut
759 272 843 316 aer,
863 269 930 307 sed
954 271 1074 309 etiam

113 329 340 379 intelligunt
365 333 408 367 ut
427 329 548 380 ignis,
573 340 749 378 veraque
778 329 879 369 bona
917 336 1074 370 sectan-

111 395 177 430 tur
205 403 293 443 pag.
331 390 407 431 447
449 391 498 430 ad
533 391 776 430 Guilelmum
817 394 1071 432 Briconetum

110 454 339 492 Praesulem
364 452 652 491 Lodovensem.
694 455 750 492 De
775 455 1071 493 immortalitate

109 516 246 563 animi,
263 520 303 554 et
323 516 457 554 futura
472 516 647 564 corporis
667 516 956 554 instauratione
976 527 1068 555 cum

108 576 276 616 dixisset
295 589 332 628 p.
359 577 449 616 424.
473 577 674 627 Sapientis
694 582 873 615 mentem
911 579 1071 616 immor—

107 638 260 677 talitate
281 639 441 689 plenam
479 638 680 677 concludit
717 641 832 688 quasi
855 638 950 689 juge
980 651 1069 678 esse

107 700 368 748 Convivium,
391 700 601 750 speculum
626 701 810 738 Universi
832 712 918 751 pag.
937 702 1012 740 432
1033 702 1069 739 b.

105 761 212 803 Bene
232 765 366 800 autem
392 767 455 800 est
478 762 584 811 quod
609 762 838 801 melioribus
863 774 1074 812 argumen-

104 823 156 860 tis
171 822 386 862 edocemur
401 823 449 862 de
467 824 535 862 SS.
554 825 591 861 in
612 824 714 862 DEO
734 825 927 862 Trinitate
949 835 1069 874 quam

105 895 155 923 ex
179 886 304 934 signis
341 886 418 924 illis
455 886 710 924 sensibilibus
749 897 851 936 quae
893 887 1070 935 congerit

103 947 281 985 Bovillus
303 958 391 999 pag.
417 948 492 987 2134
519 959 601 997 seq.
627 952 666 986 et
690 948 795 998 quod
819 959 905 998 pag.
933 948 1001 986 434
1028 947 1065 984 b.

103 1019 263 1047 omnem
283 1011 548 1060 cognitionem
586 1010 764 1060 disputat
791 1010 921 1058 aliquo
952 1007 1066 1046 modo

105 1070 341 1109 Trinitatem
366 1081 468 1109 esse.
486 1072 626 1109 DEUM
641 1071 792 1108 fontem
813 1071 929 1108 Lucis
953 1099 961 1118 ,
985 1068 1064 1107 An-

102 1132 237 1182 gelum
273 1133 448 1184 primum
483 1133 601 1171 Lucis
631 1132 840 1183 speculum
868 1142 954 1181 pag.
987 1131 1062 1169 ⁴40

103 1193 305 1232 hominem
325 1206 396 1244 per
410 1195 634 1246 angelicum
651 1194 955 1244 trasparentiam
973 1203 1059 1242 pag.

103 1256 116 1294 4
131 1256 170 1294 41
201 1256 236 1294 1).
263 1257 327 1295 Sol
342 1268 468 1307 purus
489 1268 535 1295 ac
558 1257 643 1294 sine
665 1256 796 1305 specie
812 1255 1061 1292 intellectum

99 1316 351 1368 Angelicum,
376 1320 487 1357 Luna
515 1317 717 1356 maculosa
755 1316 976 1353 humanum
1002 1326 1061 1352 re-

103 1379 179 1417 fert
212 1391 298 1431 pag.
334 1382 346 1420 4
360 1381 409 1418 43
439 1379 657 1419 secundam
692 1382 732 1416 et
766 1377 949 1415 ultimam
977 1377 1062 1415 DEI

102 1442 327 1493 imaginem.

156 1503 193 1542 7.
211 1504 267 1541 De
297 1503 479 1542 numeris
503 1505 588 1542 sive
611 1503 660 1541 de
684 1502 991 1554 proprietatibus
1014 1513 1059 1540 ac

101 1566 305 1615 mysteriis
328 1565 537 1604 duodecim
575 1576 834 1604 numerorum
855 1577 893 1615 p.
918 1565 994 1603 448
1023 1564 1059 1601 1).

100 1627 149 1666 ad
173 1627 419 1666 Germanum
434 1625 718 1676 Ganajensem,
742 1627 973 1665 Praesulem
989 1626 1046 1666 Ca

99 1688 351 1728 durcensem.
377 1689 482 1728 Sunt
501 1690 540 1726 in
557 1688 637 1737 hiS,
663 1690 766 1727 sieut
789 1693 829 1727 et
851 1690 887 1726 in
905 1689 1063 1739 Episto-

98 1751 148 1789 lis
170 1750 329 1799 Bovilli,
349 1750 544 1800 quaedam
569 1761 647 1788 non
671 1750 900 1789 abludentia
926 1751 974 1788 ab
1004 1761 1065 1787 ar-

99 1812 370 1862 gutationibus
397 1811 774 1861 Pythagoricorum,
799 1812 930 1861 qualia
958 1810 1063 1861 apud

97 1870 383 1912 Nicomachum
402 1877 442 1910 et
457 1873 714 1927 inJamblichi
730 1873 1064 1922 Theologumenis

97 1935 384 1974 Arithmeticae
395 1935 711 1984 ,Meursiumque
725 1939 766 1973 et
781 1936 944 1973 Petrum
959 1936 1067 1973 Bun-

99 2008 221 2049 gum:
245 1996 316 2035 sed
340 2000 380 2035 et
404 1997 442 2034 in
467 1995 602 2034 Jodoei
629 1996 850 2035 Clichtovei
875 1997 1065 2047 opusculo

103 2057 153 2096 de
181 2059 350 2108 mystica
372 2069 632 2096 numerorum
656 2057 968 2108 significatione,
998 2059 1067 2096 Pa-

101 2119 207 2157 risiis
228 2119 348 2167 4544,
373 2119 406 2156 4.
432 2119 552 2157 Plane
593 2122 728 2156 autem
762 2118 863 2156 ludit
905 2130 1065 2169 operam

100 2182 296 2231 Bovillus,
320 2180 479 2231 quando
503 2192 591 2232 pag.
616 2181 692 2219 462
714 2180 751 2218 1).
777 2191 859 2230 seq.
886 2180 1064 2218 mirificis

101 2245 350 2295 argumentis
369 2243 522 2282 multus
547 2244 585 2280 in
610 2253 656 2280 eo
680 2246 760 2290 est,
785 2247 831 2280 ut
851 2253 1065 2280 numerum

101 2302 304 2345 senarium
321 2309 442 2355 atque
457 2305 548 2343 inde
565 2305 641 2343 666
652 2316 703 2343 ex
718 2303 955 2355 Apocalyps.
973 2305 1065 2342 XIII

103 2369 153 2408 48
178 2379 394 2408 numerum
417 2367 590 2405 hominis
612 2377 701 2405 esse
726 2366 881 2413 doceat,
907 2367 963 2404 uti
980 2376 1069 2415 sep-

106 2431 325 2477 tenarium,
347 2440 562 2476 numerum
582 2429 822 2466 Divinitatis.
845 2429 971 2478 Epist.
995 2430 1029 2466 4.

151 2486 196 2529 8.
209 2489 410 2542 Epistolae
429 2491 499 2535 XX
516 2490 657 2528 Bovilli
682 2493 722 2528 et
746 2489 913 2527 aliorum
929 2488 977 2526 ad
995 2490 1068 2526 Bo-

97 2552 265 2600 villum,
281 2552 326 2590 V.
341 2552 529 2590 Germani
551 2551 599 2589 de
613 2551 765 2601 Ganay,
782 2551 849 2588 lX.
868 2550 1068 2588 Francisci

98 2615 310 2661 XimeneS,
327 2612 563 2659 Cardinalis,
581 2613 686 2650 XIII.
708 2614 810 2652 XIV.
828 2612 970 2650 Nicolai
994 2612 1067 2649 Ilo-

96 2676 155 2713 rii.
172 2675 281 2714 XVII
301 2674 435 2713 Jacobi
451 2673 586 2722 Fabri,
611 2674 885 2724 stapulensis,
906 2677 946 2711 et
967 2674 1062 2711 XIX

100 2737 219 2777 Alani
243 2736 412 2776 Varenii.
437 2735 482 2773 In
517 2736 633 2773 tertia
664 2735 712 2772 ad
742 2735 985 2773 Germanum
1016 2734 1064 2773 de

99 2797 437 2850 Steganographia
477 2796 683 2835 Trithemii
705 2798 758 2835 ita
777 2798 936 2835 sinistre
962 2796 1066 2846 judi—

99 2861 222 2908 dicat,
246 2860 280 2909 a)
307 2863 350 2898 ut
372 2860 530 2909 Magum
550 2869 629 2896 non
658 2858 811 2896 dubitet
837 2858 958 2896 fuisse
981 2859 1065 2896 Tri-

97 2923 295 2962 themium
319 2924 359 2960 et
383 2921 491 2960 nulla
524 2925 636 2971 parte
666 2919 936 2969 Philosophiae
967 2921 1062 2957 insi-

98 2995 243 3036 gnem,
281 2994 375 3022 cum
412 2983 541 3020 bonus
578 2981 822 3020 Tritliemius
865 2982 1060 3019 maximas

98 3046 238 3085 laudes
261 3045 301 3092 b)
323 3045 473 3084 Bovillo
497 3055 574 3082 non
598 3043 798 3089 inviderit,
821 3047 861 3081 et
878 3054 897 3080 a
914 3044 1059 3093 Magiae

155 3149 191 3190 a)
214 3149 362 3181 Eandem
383 3147 570 3188 Epistolam
590 3148 680 3179 dedit
696 3148 791 3178 Micli.
811 3149 973 3179 Maittnire
992 3153 1016 3182 t.
1036 3152 1061 3179 ll

94 3199 209 3230 annal.
234 3198 433 3238 typograph.
456 3205 532 3236 pag.
556 3197 629 3227 910.

156 3247 191 3284 b)
213 3247 572 3279 Videliendoeichium
595 3255 668 3286 pag.
693 3247 755 3277 03³2
779 3248 932 3286 pawtect.
961 3254 1064 3283 Bran-

94 3297 234 3337 deburg.

2037 208 2112 246 311

1148 272 1313 309 erimine
1336 271 1504 310 libenter
1526 273 1736 311 absolvant
1759 276 1827 324 qui
1849 276 2114 318 Trithemium

1146 331 2113 391 ejusqueSteganograpliiamnoverunt.Epistola

1145 396 1181 433 X
1216 396 1401 433 Ximenio
1430 396 1654 444 gratulatus
1683 398 1891 438 victoriam
1930 402 2111 441 Oranen-

1146 468 1248 503 sem,
1275 461 1408 495 narrat
1433 456 1595 507 Sophim
1619 459 1766 509 Regem
1796 462 2006 502 Persarum
2043 465 2111 503 ba-

1143 520 1337 568 ptizatum
1357 523 1398 557 et
1419 519 1494 557 sub
1518 520 1670 558 CIlristi
1696 523 1960 564 militaturum
1985 528 2111 565 vexil-

1145 580 1211 627 lis,
1236 584 1276 618 et
1299 580 1479 629 Epistola
1500 581 1573 618 XII
1589 580 1638 619 de
1653 583 1810 621 Nicolao
1827 584 1875 623 de
1893 587 2009 635 Saxo,
2026 599 2111 626 ere-

1146 643 1240 679 mita
1253 642 1446 688 IIelvetio,
1458 642 1544 679 sine
1560 644 1665 680 omni
1682 644 1767 682 cibo
1783 657 1828 683 ac
1848 652 1943 697 potu
1959 650 2110 687 vixisse

1145 703 1246 741 duos
1270 707 1310 740 et
1345 703 1484 751 viginti
1514 713 1657 751 annos,
1681 704 1798 753 cujus
1833 709 2029 749 visionem
2059 723 2109 750 ex

1145 764 1296 802 Bovillo
1319 764 1463 812 repetit
1486 764 1606 802 etiam
1627 766 1804 804 Joannes
1828 770 1998 810 Wolfius
2023 777 2051 810 t.
2078 774 2111 811 11

1146 825 1301 862 lection.
1318 824 1562 861 memorabil.
1580 835 1666 875 pag.
1694 828 1756 864 49.
1779 828 1955 878 Epistola
1971 835 2042 871 XV
2062 835 2112 872 de

1142 885 1294 923 Veneto
1314 884 1487 933 quodam
1512 886 1573 934 pio
1590 887 1675 923 viro
1700 887 1873 936 hymnos
1898 893 2109 940 perdulees

1142 951 1311 984 canente
1347 957 1396 984 ex
1438 951 1632 997 tempore,
1664 949 1731 997 qui
1770 950 1916 990 Romae
1959 956 2107 994 vilibus

1139 1011 1302 1057 opertus
1327 1008 1497 1045 fracellis
1520 1009 1667 1047 Romae
1706 1010 1882 1050 Verbum
1924 1015 2009 1052 DEI
2041 1029 2112 1066 pu-

1136 1068 1235 1106 blice
1260 1070 1404 1107 extulit
1437 1081 1481 1107 ac
1506 1070 1767 1120 praedicavit,
1794 1077 1970 1113 testatus
1996 1077 2108 1116 dam-

1138 1130 1290 1168 nandos
1312 1142 1479 1178 omneS,
1504 1133 1572 1181 qui
1603 1144 1681 1170 non
1720 1137 1874 1183 egerint
1898 1139 2108 1186 poeniteu-

1137 1194 1245 1230 tiam.
1262 1193 1441 1243 Epistola
1463 1195 1590 1233 XVIII
1609 1206 1679 1244 pro
1699 1198 1855 1235 animae
1873 1199 2109 1250 incorrupti-

1134 1254 1303 1304 bilitate,
1325 1266 1446 1304 quam
1469 1256 1648 1306 Epistola
1667 1258 1744 1296 XX
1769 1259 1824 1296 ita
1846 1259 2035 1299 describit
2061 1268 2105 1300 ut

1135 1317 1263 1354 Deum
1288 1321 1439 1355 statuat
1463 1318 1611 1356 fontem
1634 1320 1876 1369 animarum,
1902 1333 1924 1359 a
1954 1334 2032 1371 quo
2063 1325 2101 1361 in

1136 1388 1299 1428 corpora
1322 1380 1558 1427 mittantur,
1585 1385 1705 1431 atque
1727 1393 1749 1419 a
1769 1394 1931 1433 corpore
1949 1396 2109 1435 separa-

1135 1445 1198 1478 tae
1224 1441 1368 1478 iterum
1389 1442 1428 1478 in
1452 1441 1591 1480 DEUM
1612 1444 1809 1491 refluant,
1847 1445 1974 1484 donec
2013 1448 2106 1486 olim

1133 1501 1304 1540 sociatae
1319 1501 1450 1540 denuo
1463 1504 1694 1553 corporibus
1704 1507 1788 1543 suis
1804 1511 1967 1546 aeterna
1986 1520 2107 1558 spon-

1139 1563 1292 1600 satione
1312 1563 1545 1613 jungantur.

1186 1625 1227 1662 9.
1251 1624 1308 1661 De
1322 1624 1513 1677 perfectis
1542 1628 1721 1666 numeris
1745 1629 1795 1667 ad
1818 1631 2013 1670 Jacobum
2038 1634 2109 1671 Fa-

1140 1686 1284 1734 brum,
1307 1686 1592 1737 Stapulensem
1611 1702 1698 1740 pag.
1725 1690 1814 1731 472.

1194 1747 1254 1785 40.
1279 1749 1336 1785 De
1351 1749 1655 1800 anathematicis,
1672 1753 1758 1790 sive
1775 1753 2032 1794 Geometrz'ce‘s
2047 1767 2113 1792 ro-

1137 1809 1194 1847 sis
1211 1838 1219 1857 ,
1241 1810 1369 1848 eidem
1387 1811 1517 1850 medio
1534 1814 1681 1851 circulo
1698 1815 1833 1864 plures
1853 1816 1951 1854 alios
1972 1827 2111 1854 secan—

1138 1875 1200 1908 tes
1217 1872 1638 1911 circumscribentibus
1654 1886 1740 1924 pag.
1761 1877 1774 1913 4
1786 1876 1834 1913 80
1851 1877 1899 1913 ad
1915 1877 2110 1916 Jodocum

1142 1933 1432 1981 Clichtoveum,
1444 1945 1564 1983 quem
1575 1935 1666 1973 alibi
1676 1937 1977 1986 praeceptorem
1989 1948 2111 1976 suum

1142 1995 1326 2044 appellat.

1195 2058 1257 2095 44.
1299 2057 1356 2093 De
1401 2056 1694 2096 illatlzematicis
1742 2059 2014 2110 Corporibus,
2062 2062 2112 2100 ad

1140 2118 1303 2155 Petrum
1345 2117 1394 2155 de
1438 2118 1592 2168 Gorris,
1622 2119 1839 2158 Medicinae
1882 2122 2110 2170 Doctorem‚

1139 2190 1226 2229 pag.
1258 2180 1346 2217 485.
1725 2188 1727 2190 “

1194 2241 1256 2280 42.
1277 2241 1334 2278 De
1356 2240 1647 2281 Mathematicis
1679 2242 1969 2294 Supplementis
1991 2273 2000 2291 ,
2024 2247 2111 2284 sive

1141 2304 1262 2341 variis
1298 2303 1614 2343 problematibus
1649 2305 1912 2344 Geometricis
1949 2307 1998 2344 ad
2036 2307 2113 2345 Re-

1143 2366 1340 2404 mundum
1363 2367 1604 2406 Bucherium
1625 2368 1909 2417 Jurisperitum
1929 2379 2017 2418 pag.
2034 2370 2111 2407 492

1143 2427 1179 2464 b.
1198 2449 1225 2457 e
1242 2429 1332 2466 498.

1195 2491 1403 2528 Praeterea
1423 2490 1605 2541 Lugduni
1632 2492 1726 2530 4534
1753 2520 1760 2535 ,
1786 2493 1809 2528 8
1833 2491 2035 2540 prodiere:
2059 2492 2072 2528 4
2097 2491 2107 2537 )

1142 2552 1464 2590 Commentarius
1502 2553 1541 2588 in
1575 2553 1720 2590 Psalm.
1759 2552 1930 2590 CXLVII
1968 2549 2109 2588 Lauda

1139 2611 1395 2650 He'erusalem
1422 2612 1645 2650 Dominum.
1671 2614 1712 2660 2)
1739 2614 1776 2649 in
1804 2612 1947 2649 Psalm.
1970 2612 2106 2650 CXVI.

1138 2673 1316 2711 Lauclate
1331 2672 1541 2711 Dominum
1561 2684 1692 2711 omnes
1704 2675 1852 2722 [lentes.
1873 2673 1895 2709 3
1912 2673 1921 2719 )
1943 2671 1990 2709 (le
2014 2684 2104 2709 con-

1138 2733 1351 2771 certatione
1371 2738 1408 2771 ec
1425 2745 1525 2771 arca
1540 2733 1705 2783 peccati.
1724 2735 1757 2781 a)
1779 2737 1819 2771 et
1840 2733 1873 2780 4)
1894 2732 1941 2770 (le
1960 2736 2105 2784 septem

1138 2795 1247 2834 υίίίίε
1272 2795 1467 2833 humanis.

1188 2858 1347 2895 Parisiis
1370 2856 1474 2906 apud
1505 2856 1671 2895 Badium
1701 2855 1939 2896 Ascensium
1968 2858 2061 2894 4511
2089 2886 2098 2902 ,

1139 2920 1263 2966 4514,
1283 2919 1317 2957 4..
1344 2921 1358 2957 4
1377 2919 1385 2967 >
1405 2918 1444 2955 in
1451 2917 1716 2968 primordiale
1732 2919 1767 2955 E
1772 2917 1943 2968 vansselie'
1954 2916 2101 2955 Jolzan-

1134 2980 1195 3018 πίε
1216 2981 1532 3019 Commentarios
1558 2992 1628 3030 per
1657 2981 1944 3030 propositiones
1968 2979 2096 3017 XXX.

1135 3053 1303 3091 quarum
1322 3042 1478 3090 ultima,
1491 3041 1650 3092 plenum
1665 3042 1829 3080 Gratiae
1843 3044 1880 3078 ec
1899 3039 2097 3078 veritatis.

1136 3105 1176 3151 ⁴2)
1208 3104 1289 3141 Vita
1310 3103 1532 3142 leaemunda'
1549 3103 1684 3151 Lami,
1704 3104 1916 3141 Eremitae.
1940 3102 1981 3150 3)
2003 3102 2098 3152 Epi-

1131 3164 1254 3203 stolae
1276 3163 1388 3215 [aliae
1404 3176 1426 3203 a
1444 3164 1728 3216 superioribus]
1755 3165 1878 3203 XLIII
1898 3163 1945 3202 ad
1967 3163 2098 3202 diver-

1132 3239 1214 3272 sos,
1237 3229 1273 3264 in
1295 3227 1441 3276 quibus
1461 3227 1581 3264 etiam
1603 3226 1696 3264 illud
1718 3237 1804 3275 pag.
1828 3227 1877 3264 62
1899 3230 1938 3263 et
1960 3226 2008 3263 63
2032 3237 2095 3263 re—

1133 3290 1280 3338 pvuuir
1303 3288 1350 3326 de
1374 3288 1529 3327 Nic-olan
1548 3287 1596 3326 de
1617 3289 1826 3338 baxamo·
1849 3298 1972 3326 annos
1993 3285 2091 3324 (laos
