2500 4009
406 176 483 217 198

402 248 599 297 politanus
637 254 729 286 tom.
756 248 845 286 XiX
888 245 1350 291 Bibliothecaapatrum

409 309 658 357 Lugdunens.
698 321 782 359 pag.
809 308 896 346 916.
921 310 1023 347 Sunt
1056 307 1247 357 nonnulli,
1278 309 1353 347 imo

401 369 541 421 soi-san
566 370 690 408 multi.
713 369 784 408 sed
807 369 880 407 mir,
902 369 1036 407 notari
1064 374 1254 421 possunt,
1283 371 1355 422 qui

401 444 489 469 cnm
513 431 693 469 (latiniaco
715 431 956 481 Berenyorio
981 431 1080 470 idem
1099 432 1288 484 sentiunt,
1318 437 1355 472 et

399 497 529 530 himen
552 492 715 531 eundem
737 504 825 531 eum
849 491 1027 532 Ecclesia
1045 493 1245 533 damnant.

450 545 613 604 Scripsit
634 556 909 606 Berengarius,
928 560 1030 594 teste
1046 557 1247 606 Sigeberto
1267 569 1349 608 cap.

399 616 471 654 ifii
498 619 636 653 eontra
673 615 932 665 filmannurn,
957 619 1042 656 sive
1065 617 1350 658 :idelmannum

393 678 702 716 (irainmatieum
727 684 766 716 et
794 679 1052 731 Episcopum,
1091 686 1131 719 et
1160 692 1242 732 cap.
1275 683 1350 721 4555

392 741 527 775 eontra
539 738 796 778 Hmnbertum
816 741 1077 780 cardinalem.
1098 744 1277 793 Cumque
1293 755 1351 781 re-

391 801 617 850 scripsisset
635 803 892 844 lanfrancus,
918 806 1092 854 reposuit
1112 804 1351 855 Disputatio-

390 872 459 899 nes
483 873 570 900 eum
594 863 816 915 Lansraneo
839 864 884 903 (le
903 865 1131 916 praesentia
1143 867 1353 906 CHRISTI

391 923 432 960 in
451 924 598 972 Coena.
623 938 723 975 quae
743 928 848 966 MSS.
875 929 912 965 in
938 928 1176 967 Bibliotheca
1200 929 1343 979 Colleg.

389 987 498 1023 aenei
515 989 597 1025 nasi
611 988 712 1037 apud
724 990 980 1027 oxonienses,
994 988 1170 1040 Epistola
1187 989 1241 1028 acl
1249 991 1349 1028 Lan-

385 1045 573 1097 sraneum
598 1049 731 1087 brevis
755 1049 859 1089 edita
887 1061 908 1088 a
939 1051 1127 1089 Daeherio
1151 1052 1198 1089 ad
1224 1054 1346 1090 vitam

391 1110 593 1148 Laniranei
619 1122 706 1161 pag.
726 1112 775 1150 2¹2
799 1117 918 1162 atque
936 1113 1024 1151 inde
1049 1115 1085 1151 in
1112 1115 1228 1152 tomis
1245 1116 1346 1153 Con-

387 1170 580 1210 ciliorum:
606 1174 679 1211 alia
703 1173 751 1211 ab
774 1174 984 1212 Edmundo
1007 1176 1180 1213 Martene,
1202 1180 1308 1214 tomo
1330 1178 1342 1215 1

387 1233 678 1273 Anecdoiorum
700 1247 784 1286 pag.
812 1237 886 1274 ioss
909 1237 982 1274 alia
998 1235 1052 1274 acl
1073 1236 1273 1276 Eremitas
1291 1238 1340 1276 id.

387 1307 471 1344 pag.
501 1298 567 1335 191
600 1298 776 1347 Epistola
796 1296 850 1335 ad
866 1297 1092 1337 „iscelinum
1111 1310 1200 1338 cum
1222 1299 1343 1339 Asce-

388 1358 452 1395 lini
492 1370 697 1409 responso,
721 1371 742 1398 a
766 1360 956 1398 Dacherio
979 1360 1026 1399 ad
1053 1362 1340 1411 Lanfrancum,

384 1424 504 1469 atque
530 1420 619 1458 inde
645 1422 681 1459 in
706 1422 891 1460 Conciliis
916 1422 1056 1461 Labbei
1087 1428 1192 1461 tomo
1218 1425 1272 1463 IX
1301 1436 1338 1475 p.

386 1482 486 1519 40:3ss
511 1487 548 1520 ei
575 1483 761 1522 Piarduini
805 1488 898 1522 tom.
924 1485 971 1523 vl
1010 1496 1094 1536 pag.
1122 1486 1223 1525 4019
1254 1486 1339 1525 Alia

379 1542 434 1580 ml
456 1543 696 1582 aialim-(lum
723 1546 759 1582 in
784 1545 961 1584 Dacherii
986 1546 1158 1597 spicileg.
1190 1551 1216 1585 t.
1246 1549 1276 1586 ii
1300 1560 1335 1598 p.

379 1606 454 1644 ‚²5¹0
485 1606 589 1654 edii.
613 1618 737 1645 novae
760 1611 851 1645 tom.
880 1608 928 1645 lii
950 1619 1035 1658 pag.
1055 1609 1148 1657 400)
1173 1613 1212 1647 et
1232 1608 1336 1660 apud

382 1667 625 1706 llarduinum
651 1679 735 1718 pag.
763 1667 877 1707 4022.

437 1731 633 1768 Bostonus
658 1730 859 1768 Buriensis
882 1731 917 1768 in
941 1730 1124 1780 Catalogo
1167 1732 1338 1782 Scripto-

378 1803 464 1830 rum
487 1793 699 1833 Ecclesiae.
726 1796 896 1830 testatus
913 1797 975 1830 est
999 1804 1020 1830 a
1041 1793 1330 1832 BERENGAU-

374 1854 442 1891 lit)
462 1855 648 1904 scriptam
673 1853 954 1903 expositionem
977 1853 1018 1892 in
1038 1853 1327 1907 Apocalypsin:

373 1915 443 1952 sed
464 1927 512 1952 ex
536 1917 698 1953 loannis
723 1916 947 1966 Subprioris
970 1916 1007 1964 a)
1033 1921 1073 1954 et
1102 1918 1198 1956 MSti
1229 1918 1329 1956 Can-

376 1977 623 2022 iaiwigiensis
649 1977 722 2015 tide
747 1979 938 2016 ilenricus
968 1978 1214 2016 Warthonus
1242 1990 1326 2029 pag.

375 2039 442 2076 :iol
475 2050 560 2088 sqq.
582 2039 743 2077 auctarii
763 2039 809 2077 ad
830 2040 1031 2078 Usserium
1047 2038 1095 2077 do
1115 2039 1328 2090 Scripturis

376 2100 616 2146 vernaculis⁷
635 2101 737 2138 illam
761 2102 992 2147 Berenszario
1008 2102 1225 2139 Turonensi
1243 2103 1330 2139 vin-

376 2160 495 2208 dieat.
520 2166 708 2211 notatque
732 2163 794 2200 vei
819 2174 867 2200 ex
894 2163 1127 2212 ignorantia,
1166 2166 1234 2200 aut
1262 2173 1328 2212 po-

431 2294 463 2330 a}
489 2293 685 2325 wariiionm
715 2302 790 2334 pag.
814 2293 886 2325 595.
910 2294 992 2325 Rem
1015 2299 1120 2326 extra
1152 2303 1252 2326 omne
1276 2295 1338 2325 ‹lu-

370 2342 461 2373 bium
496 2344 596 2382 ponit
620 2346 761 2374 ,loannes
798 2343 956 2384 subprior
973 2368 981 2383 ,
1005 2345 1064 2383 qui
1096 2345 1278 2384 prolixum
1302 2346 1335 2376 in

369 2391 587 2431 Apocalypsin
628 2394 840 2433 conscripsit
877 2395 1165 2426 commentarium
1197 2395 1271 2427 MS-
1295 2395 1333 2424 in

370 2440 591 2472 Bibliotheca
610 2442 844 2473 Lumbeehana
868 2452 1017 2474 asserva
1036 2453 1106 2476 um.
1124 2445 1165 2474 ln
1185 2443 1335 2483 prologo

367 2491 461 2521 enim
483 2491 705 2531 espositores
734 2493 997 2533 Apocalypseos
1020 2502 1206 2524 recensens
1221 2517 1230 2531 ,
1255 2498 1336 2534 post

370 2541 623 2580 Hieronymum
638 2566 647 2579 ,
673 2542 909 2581 Auqustinum
926 2571 933 2582 ‘
954 2543 1196 2582 Primasium,
1222 2543 1340 2574 Victo-

369 2591 487 2621 rinum
510 2595 541 2620 et
565 2591 697 2621 Berlum
722 2597 934 2623 memoratos
957 2593 1040 2623 haec
1066 2591 1193 2624 habet:
1225 2594 1333 2624 Nostri

368 2648 499 2679 qnoque
522 2642 680 2680 temporis
703 2643 856 2680 Magister
880 2644 1096 2682 berengarius
1114 2647 1146 2674 et
1169 2641 1331 2674 Robertns

370 2691 485 2727 Prior,·
510 2691 566 2728 qui
590 2695 715 2729 «manto
739 2695 816 2722 sunt
839 2695 984 2731 tempore
1009 2694 1221 2731 posteriores,
1237 2697 1331 2724 tanto

369 2744 445 2769 sunt
470 2747 526 2778 per
555 2741 792 2779 experientiam
828 2745 860 2772 et
897 2742 1197 2773 manifestationem
1232 2744 1335 2781 ipsius

376 2788 482 2828 Propii
495 2790 568 2819 wine
587 2789 626 2820 ad
643 2789 874 2829 exponendum
893 2792 1071 2823 certiores:
1093 2795 1199 2822 totum
1215 2791 1337 2823 librum

369 2846 406 2869 ex
440 2839 553 2869 ordine
591 2839 733 2877 pleniter
757 2844 1002 2879 exposuerunt,
1039 2845 1071 2872 et
1109 2842 1335 2881 expositiones

370 2896 443 2918 suas
467 2897 503 2918 ex
528 2890 609 2919 iocis
633 2893 824 2920 sanctarum
843 2892 1087 2930 Scripturarum
1114 2890 1229 2922 feriter
1257 2899 1331 2922 mu-

372 2938 517 2970 nierunt.
541 2938 597 2968 Es:
620 2938 742 2968 horum
776 2940 912 2978 puriter
937 2945 967 2970 et
992 2942 1152 2980 priorum
1190 2939 1335 2981 exposi-

373 2986 524 3017 tionibus
550 2989 847 3019 (juramentoriam
866 2998 965 3020 suum
984 2990 1165 3022 Johannes
1197 2989 1333 3031 confla-

374 3036 444 3071 vit,
474 3039 600 3075 paucis
624 3047 662 3068 ne
684 3047 745 3068 suo
782 3039 942 3070 11d11itis:
966 3040 1004 3070 in
1034 3049 1072 3070 eo
1097 3040 1212 3081 igitur
1234 3048 1335 3081 repc-

382 3083 520 3115 riuneur
545 3087 711 3117 continua
734 3088 806 3127 lere
829 3093 861 3118 et
891 3089 1010 3128 ampla
1034 3090 1244 3130 Berenqarn·
1270 3098 1334 3120 ex-

375 3138 490 3172 cvrptu
509 3159 518 3171 ‚
537 3144 624 3173 (luae
642 3136 677 3166 in
698 3137 883 3168 leirihus
902 3140 1036 3169 nostris
1057 3140 1167 3172 mstis
1187 3140 1333 3171 totidem

376 3181 485 3211 turbis
510 3191 723 3223 comparent.
763 3188 851 3218 Aside
873 3196 956 3228 quae
978 3190 1017 3220 (le
1042 3189 1162 3221 Codice
1197 3190 1330 3221 lenensi

382 3232 425 3260 W.
452 3233 494 3306 ΕΞ,
514 3235 679 3310 {entellus
707 3237 856 3270 Μωιαιί.
881 3239 1167 3279 Umerretlunyen
1185 3243 1221 3272 Α.
1241 3239 1333 3272 1092.

378 3288 450 3319 pag.
486 3290 517 3309 m
542 3306 548 3311 .

1125 175 1663 219 BERENGARIUS

1425 250 1505 288 iius
1527 250 1574 289 ad
1599 249 1786 290 invidiam
1808 251 1960 292 scilicet
1989 253 2176 293 haeretici
2207 256 2378 296 nominis

1424 310 1694 351 declinandam
1710 323 1732 352 a
1749 313 1914 352 librariis
1937 314 2175 366 descriptam
2196 327 2284 356 esse
2300 317 2377 357 iam

1424 372 1498 410 sub
1514 375 1668 412 nomine
1684 376 2089 426 BER!NGUED1‚jmn
2108 379 2379 418 BERENGUI-

1423 434 1471 471 Di
1486 434 1569 473 sive
1584 435 2123 488 13E1113N‹;U.iUbi‚siibquo
2137 440 2256 478 etiam
2272 439 2377 479 edita

1423 499 1485 533 est
1508 506 1529 534 a
1552 496 1817 535 Benedictinis
1844 498 1880 534 in
1911 499 2125 548 appendice
2151 500 2198 539 ad
2223 505 2376 541 tomum

1422 557 1639 596 secundum
1648 558 1818 608 Operum
1829 558 1867 596 S.
1876 557 2068 597 Ambrosii
2078 571 2163 611 pag.
2174 562 2248 599 499
2264 573 2374 612 seqq.

1422 628 1512 656 cum
1531 619 1773 657 Cuthbertus
1787 620 2093 659 TonstallusAn.
2103 623 2116 660 i
2128 622 2257 661 54830
2269 621 2378 661 dein-

1422 677 1470 717 de
1484 680 1546 717 alii
1565 679 1691 717 edidis
1707 684 1796 718 sent
1812 680 1886 719 sub
1903 681 1998 718 falso
2017 682 2173 720 nominc
2188 680 2377 723 AMBRO—

1422 740 1539 790 Sii,b)
1552 740 1619 778 sed
1636 741 1780 779 omissa
1799 740 2049 792 praefatione.
2062 744 2104 782 ln
2121 743 2306 796 Catalogo
2322 745 2376 784 lo-

1422 802 1590 852 cupletis
1615 802 1876 841 Bibliothecae
1893 803 2089 843 Samuelis
2111 805 2252 854 liulsii,
2273 817 2374 856 quae

1422 865 1595 902 sectione
1611 864 1764 915 publica
1787 864 1976 904 distracta
1995 870 2057 905 est
2078 866 2372 918 HagaeA.i730

1421 931 1448 964 t.
1468 928 1480 964 1
1499 938 1534 976 p.
1557 926 1630 965 3i0
1657 937 1763 965 num.
1791 926 1904 965 4847.
1921 928 2160 980 Berenyarii
2173 929 2374 970 Commen-

1421 988 1550 1026 tarius
1588 987 1627 1026 in
1662 986 1924 1040 Apocalypsin
1944 990 2026 1029 MS.
2064 989 2105 1028 in
2133 1001 2371 1042 perqameno

1421 1048 1561 1090 litteris
1573 1048 1870 1101 qrandiusculis
1885 1054 1923 1089 et
1934 1053 2022 1090 arce
2037 1051 2263 1091 awai-atis...
2278 1053 2373 1104 Ipsa

1417 1111 1703 1150 commentandi
1712 1112 1815 1151 ratio
1831 1111 1885 1150 ad
1904 1111 2059 1152 intimos
2087 1124 2260 1166 quosque
2275 1115 2372 1153 Pro-

1411 1172 1560 1223 phete'ct‘
1583 1174 1776 1213 sermonis
1812 1184 1969 1220 sensus,
1992 1173 2226 1214 admirabili
2249 1174 2370 1227 plane

1415 1234 1535 1282 modo,
1544 1235 1822 1284 manuducens,
1833 1246 2028 1275 summam
2041 1235 2172 1288 spirat
2185 1236 2372 1276 eruditio-

1414 1307 1518 1346 nem,
1542 1297 1666 1336 animi
1687 1297 1963 1347 humilitatem,
1974 1298 2162 1350 pietatem
2176 1301 2215 1338 et
2225 1297 2267 1338 in
2284 1309 2370 1338 ser-

1414 1370 1523 1397 mone
1535 1359 1719 1411 J‘usce‘ti'ae
1741 1371 1880 1400 sensus
1916 1359 2270 1400 emercitatz'sszmos
2292 1365 2368 1401 etc.

1412 1422 1540 1460 Etiam
1564 1423 1665 1460 inter
1687 1417 1854 1461 Codices
1874 1423 1951 1462 MS.
1975 1423 2159 1462 Guilelmi
2182 1422 2305 1463 Laudi
2328 1434 2364 1475 p.

1412 1482 1436 1521 7
1442 1484 1474 1522 i.
1492 1484 1751 1534 Berengarius
1770 1485 1807 1522 in
1822 1483 2087 1535 Apocalypsin
2112 1489 2366 1535 memoratur,

1412 1556 1448 1583 n.
1474 1546 1568 1586 4341
1593 1551 1634 1584 ct
1659 1547 1696 1583 in
1719 1545 1958 1585 Bibliotheca
1978 1546 2137 1597 Collegii
2153 1547 2279 1586 Oxon.
2296 1547 2366 1586 SS.

1408 1609 1609 1646 Trinitatis
1633 1620 1740 1648 num.
1766 1609 1802 1646 9.
1823 1613 1862 1646 ct
1885 1612 1990 1646 teste
2019 1607 2176 1647 Oudino
2207 1613 2301 1647 tom.
2330 1609 2365 1648 11

1408 1680 1445 1719 p.
1472 1670 1574 1708 4005
1599 1671 1635 1707 in
1660 1670 1902 1709 Bibliotheca
1919 1670 2056 1710 Clarae
2076 1670 2196 1710 Vallis
2211 1673 2251 1708 et
2266 1671 2366 1709 Lon-

1410 1732 1447 1781 gi
1470 1732 1608 1769 Pontis
1631 1731 1723 1770 Ord.
1749 1732 1912 1770 Cisterc.

1461 1792 1758 1844 Eaepositlonem
1795 1792 1836 1831 in
1873 1791 2081 1833 Canticum
2110 1791 2365 1834 Canticorum

1403 1855 1480 1893 MS.
1505 1854 1643 1892 Oxonii
1668 1859 1825 1893 exstare
1850 1855 2002 1894 notavit
2018 1854 2188 1894 ,lacobus
2208 1855 2243 1894 le
2258 1855 2364 1906 Long

1404 1917 1441 1954 in
1468 1916 1704 1955 Bibliotheca
1737 1916 1881 1955 Bibiica
1903 1929 1939 1968 p.
1965 1917 2040 1955 634
2079 1928 2200 1968 quam
2224 1918 2264 1955 in
2291 1916 2366 1956 Ca-

1402 1979 1529 2029 taiogo
1553 1980 1647 2017 MSS
1666 1990 1743 2017 non
1766 1981 1928 2029 reperio.

1457 2040 1475 2062 ²*
1499 2041 1745 2090 Quamquam
1771 2042 1809 2078 in
1834 2041 1848 2079 Ι
1872 2041 1948 2078 vol.
1991 2039 2284 2079 Anccdotorum
2314 2041 2355 2078 P.

1399 2103 1584 2141 Martenis
1605 2103 1746 2152 legitur
1764 2102 1940 2152 Epistola
1963 2100 2199 2152 Berenqaria·
2211 2100 2268 2140 ad
2281 2102 2361 2140 He-

1401 2163 1568 2202 remitas
1591 2176 1666 2202 non
1689 2174 1818 2213 usque
1841 2163 1937 2202 adeo
1961 2167 2097 2202 tamen
2120 2167 2281 2202 constat
2297 2162 2365 2202 de-
2392 2207 2393 2211 Ἰ

1402 2226 1482 2264 beri
1507 2226 1607 2264 hanc
1631 2225 1863 2274 Berengario
1879 2224 2163 2264 Archidiaeono
2182 2224 2365 2277 Andaga-

1404 2289 1536 2333 vcnsi‚
1562 2289 1597 2326 in
1624 2287 1797 2326 secundo
1821 2288 1925 2326 enim
1952 2288 2089 2326 itincre
2114 2298 2185 2326 suo
2209 2289 2247 2326 P.
2264 2289 2365 2327 Mar-

1406 2355 1496 2388 tene
1519 2354 1690 2388 testatur
1714 2351 1839 2388 visam
1865 2360 1887 2388 a
1907 2360 1949 2387 se
1969 2348 2070 2388 hanc
2099 2349 2306 2400 epistolam
2324 2349 2363 2388 in

1404 2414 1480 2451 MS.
1506 2412 1598 2451 Cod.
1625 2413 1662 2450 S.
1690 2412 1886 2450 Laurentii
1922 2411 2136 2449 Leodensis
2164 2410 2238 2449 sub
2274 2409 2365 2448 hoc-

1405 2475 1538 2512 iitulo:
1566 2474 1787 2524 Berengarii
1812 2472 2105 2524 Archiepiscopi
2128 2472 2177 2512 ad
2192 2472 2365 2512 Heremi—

1406 2540 1479 2575 tas.
1509 2535 1604 2574 Vide
1630 2535 1718 2574 ibid.
1744 2547 1828 2587 pag.
1856 2535 1942 2574 488.

1460 2597 1828 2647 BERENGARIUS,
1851 2599 1966 2637 Pater
1986 2597 2087 2636 Petri
2111 2595 2320 2648 Abailardi,
2342 2596 2362 2619 ’κ

1407 2662 1540 2709 miles,
1565 2660 1671 2699 unde
1696 2660 1801 2699 iilius
1840 2660 1998 2710 scripsit
2022 2670 2064 2698 se
2087 2670 2180 2710 prae
2217 2659 2365 2698 studio-

1403 2736 1491 2762 rum
1516 2723 1752 2762 amoeniiate
1777 2723 1988 2761 militarem
2016 2716 2202 2773 pompam'
2236 2720 2360 2759 liben-

1406 2790 1466 2825 ter
1490 2786 1713 2836 reliquisse.

1457 2846 1809 2887 BERENGARIUS
1824 2845 2100 2894 pictaviensis,
2122 2843 2224 2882 Petri
2242 2840 2362 2882 Abei-

1405 2910 1499 2949 lardi
1524 2910 1759 2960 discipulus,
1784 2913 1823 2947 et
1846 2912 1935 2958 post
1966 2907 2077 2946 ilium
2115 2906 2154 2944 in
2185 2904 2360 2944 Concilio

1402 2971 1636 3011 damnatum
1651 2970 1697 3009 A.
1709 2971 1723 3009 i
1736 2972 1749 3010 i
1763 2971 1809 3009 40
1822 2969 2054 3020 dogmatum
2070 2965 2156 3018 ejus
2171 2969 2359 3005 strenuus

1457 3140 1494 3181 b)
1515 3141 1596 3173 Vide
1615 3139 1695 3171 Rob.
1722 3138 1846 3171 Cocum
1870 3138 1904 3170 in
1928 3143 2069 3169 censura
2092 3144 2125 3176 p.
2148 3134 2210 3167 275
2231 3134 2264 3167 b.

1458 3191 1472 3204 ⁴
1499 3190 1578 3222 Vide
1602 3189 1783 3221 Christiani
1807 3187 1974 3219 Thomasii
1992 3186 2168 3217 Historiam
2183 3184 2364 3224 sapientiae

1397 3244 1433 3271 et
1454 3240 1603 3272 stuiitiae
1641 3247 1716 3280 pag.
1740 3238 1781 3271 77
1805 3241 1837 3270 et
1875 3235 1935 3267 115
1974 3238 2006 3269 et
2041 3233 2142 3267 Baeiii
2163 3234 2303 3266 Lexicon
2326 3235 2360 3266 in

1398 3288 1562 3322 A'elard.
