2500 4009
387 205 463 245 166

388 277 522 316 Italica
548 278 728 314 versione
765 273 951 319 eleganti,
970 271 997 309 Α
1008 268 1345 310 niniaestramenti

387 343 462 377 etc.
486 339 702 377 Florentiae
729 333 824 372 ¹580
847 337 889 369 et
907 333 1000 371 1061
1034 334 1156 371 forma
1173 335 1340 372 minore:

389 400 449 437 *22
475 410 545 437 nee
563 410 636 435 non
655 394 786 434 Latine
802 397 838 431 et
853 393 988 431 Italice
1004 393 1101 432 Ibid.
1121 395 1221 433 1731
1245 396 1341 443 161.)

387 462 592 498 Sermones
616 454 979 506 quadraqesimales
994 455 1115 505 Lugd.
1135 457 1281 498 1519,8
1298 461 1341 494 ut

387 519 930 568 1666114661661616661,ἰιοῑαε
951 515 989 554 in
1011 516 1217 567 Virqilium
1234 519 1344 557 etSe-

386 591 518 617 neeam
545 580 573 615 Τ
578 578 774 627 ragicum:
794 577 850 614 De
861 577 1191 628 pronunciatione
1209 589 1341 616 vocum

386 640 630 678 latinarum,
657 638 710 675 De
734 637 1028 690 orthoyraphia.
1074 638 1261 677 Tabulam
1289 639 1343 677 ad

384 697 658 737 inveniendum
674 698 839 736 Pascha.
858 699 912 736 De
932 699 1120 737 memoria
1138 699 1343 751 artificiali

385 758 663 809 Compena'ium
706 758 871 799 moralis
916 759 1184 812 Philosophiae
1212 766 1252 799 et
1294 761 1340 799 de

382 819 596 858 virtutihus
619 831 666 858 ac
702 821 825 862 vitiis.
849 822 936 859 sive
963 827 1006 860 ut
1031 824 1067 860 in
1093 823 1166 860 alio
1195 823 1336 862 Codice

382 883 622 920 inscribltur:
641 883 695 919 De
711 886 886 932 quatuor
909 881 1121 922 virtutibus
1141 883 1338 922 Carclina—

383 942 499 982 libus.
526 941 670 993 quibus
695 942 858 982 thronus
882 943 1082 983 Ecclesiae
1105 944 1338 996 praesiden-

383 1003 450 1051 tis,
477 1008 662 1054 tanquam
688 1003 878 1043 colu-mnis
890 1008 1078 1056 quatuor,
1095 1009 1342 1044 sustentatur

384 1069 420 1102 et
443 1063 670 1103 roboratur.
695 1067 750 1104 Dc
775 1066 967 1104 Chronico
983 1066 1070 1116 ejus
1088 1067 1232 1106 inedito
1251 1080 1341 1107 ecce

383 1127 450 1164 tibi
495 1129 766 1165 testimonium
804 1129 882 1165 Jac.
934 1129 1065 1178 Sponii
1107 1129 1342 1167 recherches

382 1187 419 1223 d'
436 1188 639 1237 Antiquite
655 1201 690 1239 p.
716 1189 792 1227 214
808 1190 915 1227 Dans
932 1187 971 1225 la
986 1187 1254 1239 szlz'otkeque
1271 1188 1339 1228 des

383 1250 459 1286 mi.
482 1250 557 1286 PP·
586 1249 850 1288 Dominicains
874 1249 928 1288 du
950 1251 1123 1290 Convent
1137 1250 1183 1288 de
1207 1250 1340 1289 Sainte

383 1309 594 1348 Catherine
617 1310 662 1348 (16
687 1310 774 1348 Pt'se
788 1342 797 1358 ‚
833 1310 907 1348 l'on
926 1324 951 1362 3]
975 1314 1113 1349 trozwe
1131 1323 1185 1348 un
1201 1322 1339 1348 manu-

383 1370 480 1407 scrit
493 1370 527 1408 ‹l'
540 1383 615 1410 une
635 1372 775 1410 ancien
793 1372 823 1411 C
827 1371 1016 1424 hronique
1031 1372 1167 1411 Latine
1182 1384 1228 1410 en
1238 1384 1338 1422 par-

382 1431 549 1478 chemin.
575 1432 740 1483 laquelle
775 1433 943 1470 contient
958 1432 1162 1484 plusieurs
1197 1432 1330 1471 choses

381 1493 562 1531 arrieees
585 1493 683 1532 (lans
722 1505 763 1531 ce
801 1492 1006 1532 venerable
1037 1494 1220 1532 Convent.
1252 1493 1336 1532 Elle

380 1564 594 1592 commence
612 1554 733 1602 ainsi,
759 1556 897 1605 Incipit
931 1556 1124 1593 Chronica
1152 1556 1335 1593 Conven—

385 1620 450 1653 tus
471 1619 509 1653 S.
536 1617 582 1653 Κ.
611 1617 651 1653 P.
678 1617 716 1653 L.
744 1616 785 1654 Ο.
824 1617 865 1653 Ρ.
897 1616 1102 1665 Prologus,
1140 1617 1176 1653 in
1206 1617 1335 1666 Toga,

382 1682 456 1713 ete.
467 1677 570 1715 Cette
585 1676 806 1727 Chronique
820 1676 883 1728 sat
896 1680 1132 1716 commencee
1143 1689 1224 1727 par
1242 1678 1338 1714 Fre-

382 1750 425 1775 re
448 1737 693 1789 Barthelemy
716 1738 762 1775 (le
785 1741 861 1775 San
887 1739 1128 1785 concordio,
1163 1737 1335 1789 famem:

383 1799 683 1846 Praedicateur,
709 1803 746 1836 et
766 1798 944 1836 :lnthezcr
967 1798 1021 1836 (1ιι
1044 1798 1160 1837 Livre
1187 1798 1339 1838 incitate

381 1860 759 1897 Ammaestramenti
777 1859 876 1909 degli
895 1858 1206 1910 Antichi,lequel
1218 1863 1343 1910 ayant

381 1922 437 1958 ete
459 1920 617 1970 corriye'
638 1920 666 1957 il
685 1933 710 1971 3]
732 1932 757 1957 (ι
781 1919 967 1971 quelques
990 1922 1149 1970 anne'es,
1172 1919 1340 1971 fuitmae's

381 1993 473 2020 sous
498 1982 536 2020 Ia
555 1993 694 2032 presse
713 1993 793 2033 par
820 1981 852 2019 16
875 1984 1043 2030 seaeant
1065 1981 1255 2029 Franeois
1275 1981 1340 2020 Ri-

380 2042 530 2092 dolphi.
555 2042 827 2080 Academicien
863 2041 908 2080 (16
938 2041 978 2079 Ia
1016 2042 1182 2081 Crusca.
1213 2043 1339 2079 Frere

383 2101 632 2152 Barthelemy
652 2106 758 2140 etant
781 2106 883 2139 mort
895 2114 941 2139 en
960 2103 1064 2140 4547
1080 2102 1180 2141 dans
1198 2114 1251 2139 un
1265 2105 1337 2152 (196

382 2163 569 2213 decrepit.
596 2168 686 2210 (car
711 2162 739 2200 il
759 2161 822 2213 fut
844 2162 1055 2212 Relzyieuoe
1094 2162 1339 2199 Dominicain

381 2224 558 2274 pendant
571 2225 665 2275 pre's
689 2224 734 2261 de
757 2224 940 2262 soixante
963 2223 1038 2261 dte
1059 2225 1227 2269 antie'es)
1246 2227 1340 2260 cette

386 2289 398 2321 l
411 2285 607 2336 'lwoniqne
640 2286 703 2336 sut
725 2285 924 2322 continuee
944 2296 1022 2335 par
1043 2283 1153 2335 frere
1181 2285 1340 2334 Ugolino

384 2346 421 2382 ‹li
448 2349 611 2384 Sernovi
639 2347 775 2386 Pisan.
801 2345 903 2384 dela
928 2345 1078 2397 scintille
1093 2345 1159 2384 cles
1176 2346 1340 2384 Cavilla-

385 2409 459 2444 sari
474 2437 480 2443 .
496 2407 621 2458 lequel
640 2411 798 2445 mourut
817 2407 862 2445 de
880 2407 1002 2457 fievre
1018 2407 1198 2444 continue
1210 2407 1235 2444 (ὶ
1256 2406 1342 2444 Flo-

385 2480 516 2515 rence.
541 2473 648 2507 etant
666 2481 771 2520 pour
796 2468 875 2506 lors
904 2468 1072 2506 Visiteur
1101 2467 1146 2506 (16
1175 2467 1340 2506 l'Ordre.

390 2530 416 2567 ,1
421 2532 515 2580 pres
544 2529 602 2568 lui
630 2532 753 2568 Frere
775 2530 1004 2581 Dominique
1027 2529 1074 2567 de
1098 2530 1258 2567 Peccioli
1283 2531 1347 2567 Ρι-

387 2603 476 2639 5611,
495 2592 687 2642 entreprit
699 2591 745 2629 de
761 2590 800 2628 la
814 2591 1028 2638 continaer,
1046 2595 1081 2628 et
1099 2592 1215 2642 apres
1229 2590 1345 2628 avoir

389 2653 487 2690 redit
507 2657 589 2690 tout
606 2664 647 2690 ce
667 2664 741 2703 qne
761 2663 822 2691 ses
851 2652 1157 2703 preclecessenrs
1187 2651 1345 2690 avoient

389 2717 561 2761 ναι-6616,
583 2726 727 2752 conane
752 2714 781 2752 il
815 2714 848 2752 16
878 2717 1039 2766 raporte
1070 2712 1283 2761 lui-meme,
1314 2713 1345 2751 il

389 2776 569 2813 ‹vntinna
598 2776 762 2814 (lec-rire
773 2777 922 2827 jusque
942 2776 968 2813 a
987 2787 1033 2814 sa
1052 2779 1170 2823 mort,
1192 2775 1262 2826 qui
1279 2787 1347 2813 ar-

391 2837 479 2874 rina
499 2850 544 2875 en
565 2836 775 2875 Decembre
795 2838 840 2875 (16
864 2837 947 2874 l'an
968 2838 1084 2876 4408.
1104 2849 1249 2875 comme
1284 2836 1347 2875 l'e'-

392 2899 467 2935 erit
487 2901 609 2937 Frere
631 2900 763 2937 Simon
791 2899 837 2937 (16
868 2901 1021 2947 cascia,
1052 2898 1262 2950 Reliqieuoe
1290 2898 1344 2937 clu

393 2962 564 2998 l'onvent
585 2960 630 2998 (16
650 2961 783 3000 Sainte
809 2960 1035 3009 Catherine,
1073 2961 1144 3012 qui
1181 2960 1349 3011 entrepit

394 3024 510 3071 apres
533 3021 590 3059 lui
611 3022 695 3060 (l'en
709 3022 815 3074 faire
837 3022 874 3059 la
890 3022 1165 3061 continuation.
1186 3024 1296 3061 Dans
1313 3021 1346 3060 16

395 3089 713 3122 rommencement
734 3084 779 3122 de
803 3088 897 3122 cette
929 3084 1179 3134 Chronique,
1225 3083 1298 3122 l’on
1323 3096 1348 3135 3]

398 3149 552 3181 rat-onte
577 3145 613 3182 la
639 3150 740 3183 mort
758 3146 804 3183 (16
826 3147 949 3184 Frere
969 3145 1199 3184 Alea-antire
1229 3147 1349 3196 Spina

397 3204 441 3240 cle
464 3205 566 3241 Pise.
597 3207 753 3245 (ινφ-1666
777 3220 823 3245 en
861 3207 1007 3246 l'annee
1030 3209 1132 3246 4513
1154 3206 1204 3246 012
1238 3206 1266 3245 il
1293 3209 1353 3245 est

398 3264 470 3302 (lit.
491 3277 563 3315 que
587 3267 638 3305 les
657 3270 834 3308 Lunettes
857 3274 980 3321 ayant
996 3271 1055 3310 ete'
1077 3269 1270 3309 2¹¹‹vent11‘es
1301 3269 1347 3309 cle

1054 198 1692 244 BARTHOLOMAEUS

1414 283 1485 312 son
1509 277 1630 325 temps
1646 284 1728 324 par
1748 284 1804 322 un
1827 273 1976 312 homme
1999 275 2071 326 qui
2091 287 2138 314 en.
2159 274 2297 329 faisoit
2315 289 2369 317 un

1411 334 1543 385 qrancl
1578 338 1722 382 secret,
1748 335 1777 373 il
1799 346 1846 373 en
1865 335 1912 385 fit
1944 335 2159 386 lai-meme,
2192 342 2230 377 et
2255 350 2303 378 en
2326 339 2372 391 fit

1410 398 1509 446 part
1528 407 1553 432 a
1577 399 1659 434 tout
1675 395 1710 433 le
1730 395 1877 433 monde.
1903 397 1993 434 Voci
2011 395 2067 436 les
2086 401 2227 438 termes
2255 399 2302 438 (16
2331 399 2371 438 Ia

1417 454 1658 506 Chroniqae:
1684 458 1819 494 Frater
1847 455 2070 495 Alexander
2092 458 2141 496 de
2162 459 2281 509 Spina
2309 460 2372 497 vir

1416 515 1620 554 modestus
1643 521 1681 554 et
1710 516 1855 563 bonuS,
1882 527 2156 567 quaecumque
2175 519 2274 557 vidit
2302 523 2371 558 aut

1417 576 1569 614 audivit
1595 577 1695 614 facta
1720 577 1836 614 scivit
1866 580 1906 613 et
1944 577 2083 615 facere:
2114 579 2295 617 Ocularia
2323 579 2372 617 ab

1415 637 1545 686 aliquo
1569 639 1696 687 primo
1721 637 1821 674 facta
1836 641 1875 674 et
1891 638 2182 676 communicare
2200 639 2370 686 nolente,

1415 698 1496 746 ipsc
1532 698 1621 735 fecit
1641 701 1680 734 et
1703 696 2014 734 communicavit
2049 697 2167 735 corde,
2191 697 2302 736 hilari
2331 703 2372 737 et

1416 758 1587 795 volente.
1614 758 1845 807 Ingeniosus
1861 757 1898 794 in
1913 757 2179 806 corporalibus
2196 759 2232 796 in
2250 759 2372 797 Domo

1411 819 1526 868 Regis
1549 818 1699 856 AEterni
1727 819 1817 856 fecit
1842 828 1913 856 suo
1939 818 2093 868 ingenio
2110 820 2369 859 mansionem.

1464 870 1885 918 BARTHOLOMAEU'S
1913 877 1960 917 de
1989 878 2371 930 Cotton,Monachus

1413 940 1694 986 Noiwicensis,
1717 941 1822 978 circa
1840 939 1917 978 An.
1941 940 2042 978 1300
2064 941 2230 990 scriptor
2243 941 2373 980 Histo-

1414 1001 1501 1039 riae
1523 1000 1768 1051 Anqlicanae
1793 1002 1830 1038 in
1852 1004 1934 1038 tres
1957 1000 2106 1039 divisae
2122 1001 2258 1050 libros,
2277 1013 2374 1052 quo-

1418 1073 1506 1099 rum
1530 1062 1691 1100 Primus
1720 1062 1768 1100 dc
1798 1061 1916 1100 rebus
1935 1061 2128 1111 Anglicis‚
2163 1062 2203 1100 in
2230 1062 2372 1102 Codice

1418 1122 1679 1161 Bibliothecae
1698 1123 1954 1162 Cottonianae
1969 1121 2234 1161 desideratur:
2250 1135 2299 1162 ex
2314 1135 2374 1164 se-

1415 1184 1539 1222 cundo
1568 1186 1634 1235 qui
1673 1196 1736 1222 res
1779 1184 1854 1222 561)
1884 1183 2058 1233 Regibus
2087 1184 2293 1223 Saxonicis
2333 1190 2374 1224 et

1412 1246 1683 1284 Normannicis
1698 1250 1831 1295 gestas
1851 1256 1980 1294 usqne
2005 1243 2055 1283 ad
2079 1244 2242 1284 Annum
2265 1246 2368 1286 1298

1411 1307 1704 1357 complectitur,
1728 1318 1793 1345 res
1816 1306 1864 1344 ad
1888 1306 2109 1345 Ecclesiam
2145 1306 2374 1346 Norwicen-

1414 1380 1499 1406 sem
1528 1373 1755 1418 spectantes
1775 1369 1966 1406 llenricus
1981 1367 2227 1406 Warthonus
2245 1371 2339 1406 tom.
2356 1369 2371 1407 1

1411 1429 1576 1480 Angliae
1601 1440 1735 1467 sacrae
1760 1440 1845 1479 pag.
1871 1428 2054 1467 397-402
2088 1428 2269 1479 vulgavit
2297 1429 2372 1468 sub

1410 1491 1524 1529 titulo
1547 1489 1752 1528 annalium
1772 1489 2088 1529 Norwicensium
2114 1490 2162 1528 ab
2177 1489 2252 1528 Λ6.
2270 1491 2373 1530 1042

1409 1551 1457 1590 66
1485 1552 1598 1590 1295.
1623 1556 1730 1590 etex
1758 1552 1853 1590 libro
1876 1550 1989 1589 tertio
2018 1551 2085 1601 qui
2109 1555 2171 1589 est
2199 1550 2249 1589 66
2281 1551 2374 1601 Epi-

1415 1615 1544 1665 scopis
1567 1618 1607 1651 et
1624 1613 1940 1663 Archiepiscopis
1955 1612 2133 1663 Angstae,
2154 1611 2373 1651 Historiam

1410 1675 1456 1714 cle
1481 1674 1684 1726 Episcopz‘s
1708 1673 2029 1713 Norwicensibus
2069 1685 2092 1712 a
2120 1674 2248 1712 Felice
2275 1675 2374 1713 Bur-

1410 1736 1560 1786 gundo⁷
1584 1737 1651 1785 qui
1675 1735 1749 1774 An.
1775 1737 1819 1774 C.
1845 1736 1921 1774 650
1945 1735 2050 1782 obiit,
2073 1745 2201 1784 usquc
2231 1734 2280 1772 ad
2308 1736 2374 1773 Jo-

1413 1798 1585 1835 hanncm
1611 1796 1686 1835 An.
1709 1798 1809 1836 1299
1834 1808 1870 1847 p.
1898 1796 2078 1835 103-112
2119 1806 2212 1834 cum
2242 1797 2370 1846 notis,

1416 1860 1452 1896 in
1479 1859 1623 1909 quibus
1647 1862 1820 1897 testatur
1843 1857 2186 1896 Bartholomaeum
2203 1868 2248 1896 ea
2269 1869 2370 1908 quae

1415 1920 1533 1958 habet
1556 1919 1604 1958 de
1631 1920 1839 1970 Episcopis
1861 1918 2184 1958 Norwicensibus
2199 1917 2249 1957 ad
2278 1919 2373 1958 Nor-

1417 1992 1652 2019 mannorum
1674 1992 1765 2029 usq3
1791 1984 1985 2030 tempora,
2003 1978 2184 2017 hausisse
2200 1990 2250 2018 ex
2271 1979 2370 2018 Wil-

1416 2042 1547 2079 helmo
1561 2041 1898 2080 Malmesburiensi
1922 2039 1971 2077 dc
1995 2041 2117 2090 gestis
2133 2039 2365 2079 Pontificum

1414 2103 1631 2153 Anglorum
1658 2102 1719 2140 lib.
1745 2113 1827 2151 cap.
1854 2101 1889 2139 2.

1464 2162 1879 2201 BARTHOLOMAEUS
1902 2159 2024 2212 Culey
2071 2163 2156 2199 sive
2183 2162 2372 2215 Convuay

1413 2225 1568 2262 subtilis
1605 2225 1788 2274 Magister
1810 2224 2068 2267 oxoniensis,
2108 2222 2225 2273 cujus
2255 2224 2373 2263 libros

1412 2286 1511 2325 (1605
1534 2288 1569 2324 16
1595 2286 1849 2324 Aristotelem
1874 2285 1922 2323 de
1946 2286 2202 2334 generatione
2226 2297 2375 2324 memo-

1417 2353 1476 2385 rat
1502 2348 1644 2385 Balcus
1669 2349 1721 2386 xl
1746 2348 1810 2385 ΞΟ.
2287 2343 2291 2347 ’

1475 2409 1893 2448 BARTIIOLOMAEUS
1936 2408 2199 2448 Duniacensz's
2220 2439 2228 2458 ,
2270 2409 2374 2460 apud

1417 2470 1724 2510 llendreichium
1749 2482 1834 2520 pag.
1872 2469 1946 2508 437
1970 2470 2073 2521 apud
2098 2469 2320 2510 Sanderum
2336 2482 2372 2521 p.

1419 2535 1487 2572 151
1516 2532 1693 2571 Biblioth.
1712 2533 1853 2582 Belgio.
1871 2532 1976 2571 MSS.
1991 2536 2032 2570 et
2044 2531 2148 2582 apud
2167 2533 2372 2584 Gangium‚

1419 2596 1502 2645 lege
1528 2593 1814 2633 Cluniacensis.

1470 2655 1887 2695 BARTHOLOMAEUS
1911 2657 2130 2707 Episcopus
2172 2655 2222 2695 ab
2262 2654 2377 2694 Anno

1421 2719 1518 2757 1161
1547 2718 1595 2757 66
1619 2719 1719 2758 1181
1742 2718 1778 2755 16
1804 2718 1932 2756 Patria
1953 2719 2135 2766 Iscanus,
2157 2718 2242 2756 sive
2268 2717 2379 2755 Emo-

1418 2780 1566 2819 niensis
1594 2782 1691 2830 (non
1716 2780 1970 2828 oxoniensis,
2000 2783 2045 2818 ut
2067 2778 2221 2818 Oudino
2248 2782 2288 2817 et
2316 2780 2379 2817 Ja-

1419 2843 1513 2881 eobo
1538 2844 1662 2881 Petito
1686 2842 1842 2888 visum)
1868 2842 1935 2891 qui
1958 2842 2076 2891 Regis
2097 2838 2261 2890 Angliae
2276 2840 2379 2878 Hen-

1420 2906 1486 2942 rici
1512 2905 1543 2942 11
1567 2915 1729 2942 causam
1754 2902 1802 2941 de
1825 2902 1980 2941 clericis
2015 2901 2204 2940 maleficis
2225 2902 2264 2938 in
2294 2901 2375 2938 foro

1421 2966 1610 3005 saeculari
1628 2963 1851 3014 judicandis
1875 2964 1954 3013 egit
1977 2962 2172 3001 adversus
2186 2961 2376 2999 Thomam

1422 3027 1788 3077 Archiepiscopum:
1814 3025 1930 3074 Regis
1945 3025 2065 3061 etiam
2081 3021 2129 3060 ad
2149 3021 2377 3060 Pontificem

1428 3088 1697 3127 Alexandrum
1722 3087 1773 3124 111
1804 3086 1993 3134 Legatus‚
2016 3083 2065 3122 de
2096 3094 2176 3133 quo
2198 3082 2379 3122 Oudinus

1422 3155 1514 3187 tom.
1541 3150 1572 3187 11
1598 3160 1683 3199 pag.
1704 3145 2031 3186 1570101166665
2055 3145 2192 3182 Princo
2215 3143 2264 3182 de
2293 3144 2378 3182 illu-

1423 3211 1571 3249 stribus
1597 3207 1926 3255 Devonicnsibus,
1948 3210 1988 3243 et
2011 3216 2060 3243 ex
2085 3216 2130 3243 eo
2154 3204 2253 3243 Acta
2275 3206 2377 3244 Eru-

1423 3273 1592 3313 ditorum
1615 3271 1727 3310 Anno
1746 3270 1844 3310 4702
1865 3279 1949 3320 pag.
1972 3268 2061 3309 289.
2087 3266 2213 3318 Hujus
2238 3267 2375 3307 Poeni-
