2500 3841
903 234 1320 273 EADMERUS

120 311 198 350 dini
231 306 441 356 4623,f01.
458 304 578 356 cujus
613 307 734 344 etiam
753 310 869 344 notae
889 304 1069 344 eruditae

118 372 356 424 subjunctae
377 359 484 407 sunt:
501 367 640 406 obviae
655 380 747 407 cum
767 369 1072 419 spicilegiotom.

119 436 156 475 2.
180 434 280 485 Opp.
299 444 337 483 p.
365 431 493 479 4588,
517 442 576 480 sq.
598 431 657 469 Ex
683 431 780 469 libro
805 432 930 482 primo
955 442 1077 468 novo-

120 507 208 535 rum
235 495 359 546 petita
387 492 474 532 Vita
504 490 726 544 Lanfranci
747 493 1073 539 Cantuariensis,

120 569 224 608 quae
252 560 387 595 exstat
417 557 454 593 in
485 554 597 593 Actis
616 555 854 594 Sanctorum
873 559 900 593 t.
927 556 962 592 6.
987 554 1075 605 Maji

118 621 170 660 28
185 631 222 670 p.
247 619 325 657 848
355 621 396 657 et
427 617 514 656 Vita
530 616 751 656 Anselmit.
771 617 968 668 &Aprilp
986 618 1077 655 893.

171 683 206 721 3.
239 681 353 719 Liber
382 679 428 718 de
459 678 697 718 eaecellentia
724 679 896 730 Virssinzs
920 679 1076 718 Mariae

121 754 209 794 pag.
242 743 319 782 435
345 747 385 781 et
415 741 461 780 de
489 744 662 793 quatuor
691 739 936 789 virtutibus,
976 752 1076 792 quae

117 805 234 859 fuere
263 804 304 843 in
332 805 375 843 B.
405 804 565 844 Maria:
605 804 794 854 Justitia,
829 802 1073 851 Prudentia,

117 869 150 906 F
152 866 364 907 ortitudine
379 871 419 906 et
443 866 716 918 Temperantia
732 898 742 915 ,
767 865 929 917 ejusque
950 863 1076 903 subli-

121 928 329 969 mitatibus
352 942 440 981 pag.
466 930 554 969 443.

170 993 204 1031 4.
222 993 278 1031 De
289 990 531 1030 beatitudine
542 990 730 1031 Coelestis
746 990 913 1030 Patriae
931 1002 966 1040 p.
983 992 997 1029 4
1011 990 1072 1027 46.

169 1056 206 1094 5.
224 1054 340 1093 Liber
381 1053 428 1093 de
456 1055 498 1094 S.
532 1052 713 1092 Anselmi
745 1050 1073 1091 similitudinibus

116 1127 204 1168 pag.
232 1116 321 1155 453.

169 1179 331 1216 Praeter
368 1176 467 1215 haec
509 1188 531 1215 a
573 1177 816 1216 Gerberonio
846 1177 1044 1215 recensita
1061 1207 1071 1223 ,

115 1243 305 1279 exstant:

168 1302 205 1340 6.
229 1300 317 1340 Vita
333 1302 373 1341 S.
395 1299 587 1353 Wilfridi,
607 1300 904 1351 Areliiepiscopi
927 1300 1076 1338 Ebora—

115 1364 268 1412 censis‚
292 1364 458 1415 vulgata
481 1363 703 1402 Mabillonio
718 1364 757 1400 in
774 1362 886 1401 Actis
909 1361 1077 1401 Benedi—

115 1426 329 1465 ctinisSee.
341 1427 543 1477 III,part.l
558 1437 612 1476 .p.
624 1427 638 1464 4
650 1426 748 1464 96et
765 1425 813 1464 ab
822 1424 1074 1464 Henschenio

116 1498 210 1527 cum
222 1488 328 1526 notis
344 1492 370 1526 t.
382 1487 514 1527 3.Act.
526 1488 706 1526 Sanctor.
723 1487 845 1538 April.
863 1488 912 1526 24
927 1500 964 1538 p.
983 1486 1074 1525 293.

167 1549 205 1588 7.
239 1549 326 1590 Vita
348 1551 394 1589 Β.
414 1550 632 1602 Bre9wini,
653 1549 951 1601 Archiepiscopi
973 1552 1076 1590 Can-

121 1613 340 1652 tuariensis
363 1617 404 1651 et
439 1613 690 1653 Consessoris
713 1644 721 1663 ‚
744 1612 850 1664 apud
892 1613 1076 1652 Wartho-

115 1686 212 1714 num
241 1679 336 1714 tom.
363 1676 400 1715 2.
430 1674 597 1727 Angli-ae
627 1686 764 1715 sacrae
793 1687 879 1726 pag.
903 1676 991 1715 448.

168 1737 205 1775 8.
238 1737 326 1776 Vita
346 1738 391 1777 S.
409 1735 597 1786 Oswaldi,
618 1738 803 1788 Episcopi
821 1739 1075 1787 Wigornien-

115 1800 171 1837 sis
179 1798 523 1850 etArchiepiscopi
533 1799 811 1846 Eboracensis,
822 1799 859 1837 id
876 1811 964 1850 pag.
984 1802 997 1838 4
1009 1800 1050 1838 94
1063 1828 1073 1837 .

168 1863 205 1900 9.
240 1861 328 1901 Vita
356 1862 397 1901 S.
426 1860 650 1909 Dunstani,
694 1861 728 1904 a)
773 1860 1072 1912 Archiepiscopi

112 1923 427 1973 cantuariensis,
454 1923 505 1961 id.
534 1934 623 1974 pag.
652 1923 694 1962 24
708 1925 722 1962 4
753 1928 793 1962 et
817 1922 998 1974 Epistola
1021 1923 1075 1962 ad

115 1985 420 2034 Gtastomenses,
446 1996 593 2036 corpus
617 1984 706 2036 ejus
736 1986 880 2025 habere
914 1998 956 2025 se
986 1998 1074 2038 per-

119 2048 304 2087 hibentes
327 2059 415 2098 pag.
437 2047 528 2086 222.

168 2111 232 2150 40.
248 2107 368 2149 Liber
381 2108 428 2148 de
443 2108 654 2148 miraculis
670 2111 710 2149 S.
727 2109 938 2149 Dunstani.
957 2112 1075 2150 Com-

119 2172 310 2224 pendium
331 2171 420 2222 ejus
440 2171 544 2223 apud
568 2172 733 2211 Surium
759 2173 808 2211 49
832 2173 932 2223 Maji.

165 2234 386 2283 NIGOLAI,
402 2235 547 2274 Prioris
564 2235 871 2286 wigorniensis,
892 2236 1073 2286 Epistola

119 2297 168 2336 ad
189 2297 434 2336 Eadmerum
468 2297 643 2336 electum
678 2298 717 2334 in
755 2297 997 2337 Cathedram
1036 2299 1074 2337 S.

116 2359 332 2410 Andreae,
356 2359 406 2398 de
436 2360 612 2411 primatu
651 2359 770 2398 Sedis
812 2360 1078 2400 Eboracensis

117 2423 156 2460 in
172 2422 315 2470 Scotia‚
333 2422 438 2473 apud
451 2421 721 2460 Warthonum
733 2422 873 2460 tome).
890 2423 1079 2473 pagss23s».

170 2485 233 2523 44.
264 2483 452 2523 Eadmeri
476 2483 659 2535 Epistola
680 2483 735 2522 ad
757 2483 972 2522 Monachos
999 2485 1080 2524 Wi-

118 2545 349 2598 9ornienses
365 2545 414 2585 de
435 2547 630 2585 electione
646 2547 846 2597 Episcopi.
869 2546 918 2583 id.
936 2558 972 2596 p.
988 2547 1078 2585 238.

173 2610 236 2649 42.
269 2608 357 2648 Vita
377 2610 417 2649 S.
446 2607 619 2657 Odonis,
656 2608 953 2658 Archicpiscopi
980 2609 1081 2647 Can-

118 2670 347 2719 mariensis,
366 2672 418 2710 id.
436 2683 523 2722 pag.
541 2670 592 2709 78
613 2675 654 2708 ct
678 2670 783 2721 apud
809 2670 1077 2709 Mabillonium

119 2733 207 2772 Sec.
237 2734 280 2771 V.
311 2734 557 2771 Benedictin.
599 2743 685 2783 pag.
724 2732 814 2770 283.
852 2732 1082 2772 OSBERNO

118 2805 329 2846 perperam
353 2795 556 2845 inscripta.

174 2847 330 2886 Inedita
366 2847 553 2886 Eadmeri
579 2846 676 2885 haec
702 2847 911 2886 memorari
937 2847 1079 2885 video:

178 2909 234 2947 De
254 2906 435 2948 libertate
456 2907 740 2947 Ecclesiastica
756 2908 945 2946 volumen
967 2920 1083 2958 gran-

121 2972 196 3020 do.
220 2971 269 3010 de
293 2970 489 3010 discordia
515 2973 618 3009 inter
656 2971 897 3010 Guilelmuni
937 2973 1081 3010 Rufum

122 3033 342 3084 Anglorum
368 3034 517 3084 Regem
557 3038 597 3071 ct
635 3033 871 3072 Ansclmum
912 3034 1083 3072 Cantua—

122 3097 310 3135 riensem.
337 3094 433 3134 Vide
458 3096 622 3135 Baleum
647 3097 706 3143 ΙΙ,
746 3097 807 3134 68.
846 3098 1023 3134 Meminit
1043 3102 1082 3135 ct

123 3158 318 3198 Henricus
338 3158 619 3197 Gandavensis
639 3170 722 3209 cap.
746 3158 768 3196 7
787 3163 825 3196 ct
840 3158 1082 3197 'l‘ritlmnius

122 3231 209 3272 cap.
231 3219 308 3261 372
328 3220 376 3259 de
402 3220 440 3259 S.
467 3222 510 3259 E.
536 3226 576 3259 ct
607 3222 637 3259 ll
662 3251 669 3269 ⁷
698 3221 771 3260 444
794 3221 935 3259 illustr.
957 3223 1082 3260 Benc—

125 3281 260 3321 dictin.
285 3284 353 3333 qui
382 3283 498 3322 ambo
522 3284 766 3323 EMUNDUM
792 3295 861 3334 pro
887 3283 1082 3322 Eadmoro

125 3344 326 3395 appellant
346 3374 354 3392 ,
383 3347 487 3384 sicut.
511 3347 668 3385 l’itscus
692 3357 850 3396 quoquc
875 3357 962 3395 pag.
990 3347 1078 3385 499.

2022 229 2102 267 48Ξὸ

1201 305 1389 345 Instituta
1415 304 1670 345 Christianae
1698 302 1815 341 vitae.

1204 368 1478 407 Historiarum
1514 366 1767 406 collectanea.
1804 363 1900 404 Vide
1930 364 2105 402 Pitscum

1152 444 1239 482 pag.
1268 432 1357 470 499.

1205 494 1260 531 De
1286 492 1407 544 qestis
1431 491 1498 531 sui
1527 490 1713 542 temporis
1729 521 1739 538 ,
1765 500 1866 540 opus
1892 493 2107 538 utrumque

1151 556 1198 595 ab
1223 556 1390 594 llistoria
1415 565 1609 593 novorum
1634 555 1670 590 in
1696 552 1837 602 Anglia
1875 552 2107 598 diversum.

1151 622 1308 668 praeter
1343 627 1462 666 quam
1498 617 1710 654 Historiam
1741 614 1979 653 liexabiblon
2013 612 2108 650 nihil

1151 691 1193 718 se
1223 680 1272 718 ab
1299 678 1497 718 Eadmcro
1520 679 1714 728 scriptum
1739 681 1809 715 aut
1851 676 2001 714 vidisse
2039 680 2109 714 aut

1151 742 1296 791 legisse
1320 752 1363 778 se
1387 743 1563 778 testatur
1587 739 1787 777 Lelandus
1811 750 1896 789 cap.
1919 737 2009 778 447.

1203 804 1376 841 Carmen
1406 800 1454 840 de
1481 803 1521 840 S.
1567 801 1785 838 Dunstano.
1824 800 1940 839 Aliud
1984 799 2031 838 de
2069 800 2109 838 S.

1148 863 1360 911 Eduardo,
1391 864 1495 913 Rege
1534 866 1574 900 et
1593 863 1791 911 Martyre‚
1815 873 1907 900 cum
1931 862 2110 912 Epistola

1148 925 1197 964 ad
1221 925 1467 965 Eadmerum
1491 923 1540 962 de
1565 928 1693 962 matre
1714 924 1753 962 S.
1783 923 1980 962 Eduardi.

1203 989 1373 1028 Carmen
1391 986 1438 1026 de
1457 985 1579 1025 rebus
1591 985 1712 1037 yestis
1738 986 1778 1024 S.
1803 983 1983 1024 Anselmi
2009 989 2049 1023 et
2069 986 2108 1024 S.

1150 1049 1924 1102 ElpbeyiArchiepiscoporum‚carmine
1942 1047 2110 1085 heroico.

1203 1111 1377 1162 Querela
1391 1123 1514 1164 super
1530 1114 1656 1150 morte
1671 1112 1712 1150 S.
1727 1108 1916 1158 Anselmi,
1932 1109 2108 1147 carmine

1149 1177 1336 1227 elegiaco.

1203 1239 1259 1276 De
1280 1237 1530 1276 ordinatione
1556 1237 1599 1274 B.
1633 1233 1832 1286 Greqorii.

1202 1300 1259 1337 De
1276 1299 1523 1350 conceptione
1553 1299 1596 1336 Β.
1644 1295 1831 1348 Viryinis.
1873 1295 1970 1334 Vide
2009 1295 2112 1334 Tho-

1151 1373 1258 1400 mam
1281 1363 1502 1400 Jamesium
1529 1362 1566 1398 in
1605 1360 1741 1409 ecloga
1776 1360 1928 1398 oxonio
1965 1358 2112 1397 Canta-

1149 1425 1249 1475 brig.
1273 1429 1312 1462 et
1335 1425 1456 1462 Henr.
1481 1423 1693 1462 Warthoni
1710 1422 1863 1473 praefat
1892 1421 1938 1460 ad
1958 1425 2110 1459 tomum

1150 1488 1186 1525 ²2.
1211 1487 1376 1537 Angliae
1397 1497 1533 1524 sacrae
1554 1497 1642 1536 pag.
1663 1485 1747 1523 XV.
1765 1485 1946 1522 Caveum
1968 1482 2015 1521 ad
2034 1481 2113 1521 An-

1151 1562 1249 1589 num
1277 1550 1394 1588 442¹.
1425 1548 1629 1586 Oudinum
1654 1552 1749 1585 tom.
1768 1548 1804 1586 Ξ.
1830 1558 1915 1597 pag.
1944 1548 1956 1585 4
1970 1545 2058 1583 073.

1208 1618 1293 1658 Vita
1311 1618 1424 1657 Petri
1437 1616 1568 1669 primi
1586 1615 1756 1655 Abbatis
1775 1613 1962 1656 Coenobii
1979 1616 2020 1653 S.
2035 1613 2116 1652 Au-

1147 1681 1301 1733 9ustini
1330 1679 1652 1721 Canticarz'ensis.

1202 1743 1405 1783 Sententia
1434 1742 1480 1781 de
1509 1741 1702 1781 memoria
1732 1742 1974 1781 Sanctorum
2017 1748 2115 1790 quos

1148 1805 1372 1845 veneraris.

1199 1869 1255 1906 De
1279 1866 1556 1906 commovendo
1580 1878 1702 1918 super
1727 1877 1767 1905 se
1792 1877 1959 1904 manum
1979 1865 2021 1904 S.
2043 1865 2115 1902 Pe-

1148 1931 1204 1969 tri
1229 1929 1418 1983 Apostoli.

1201 1994 1257 2031 De
1280 1991 1466 2044 reliquiis
1486 1994 1526 2031 S.
1552 1991 1735 2030 Audoeni
1754 1994 1792 2029 et
1813 1989 1989 2028 aliorum
2013 1990 2115 2028 San—

1149 2059 1304 2094 ctorum
1333 2054 1373 2092 in
1402 2053 1585 2092 Ecclesia
1616 2054 1811 2093 Cantuar.

1201 2119 1258 2156 De
1289 2116 1476 2156 Gabriele
1505 2114 1768 2167 Archanqdo.

1202 2179 1404 2231 Epistolae
1431 2178 1571 2230 plures
1605 2180 1641 2216 in
1659 2177 1846 2216 Biblioth.
1866 2177 2114 2215 Cottoniana.

1206 2242 1509 2284 EADMERUS.
1541 2243 1627 2279 sive
1663 2240 1966 2284 EALMERL'S,
2008 2239 2117 2276 Prior

1152 2305 1384 2343 Monasterii
1411 2305 1450 2343 S.
1474 2303 1616 2342 Albani
1642 2303 1956 2348 Cantuariensis.
1978 2300 2119 2339 defun-

1152 2371 1244 2405 ctus
1265 2366 1339 2405 An.
1368 2367 1445 2404 980
1470 2367 1533 2404 cui
1559 2378 1579 2404 a
1605 2365 1778 2404 Lelando
1809 2376 1898 2415 cap.
1938 2366 1950 2403 4
1965 2365 2012 2401 46
2049 2363 2117 2400 tri-

1152 2428 1333 2467 buuntur
1359 2426 1456 2465 libri
1474 2429 1527 2474 V7
1550 2427 1595 2465 de
1617 2426 1825 2466 eoeercitiis
1842 2423 2039 2477 spiritalis
2060 2424 2118 2462 vi-

1155 2495 1229 2539 tae,
1248 2502 1421 2540 quorum
1446 2492 1602 2528 initium
1622 2489 1818 2528 Redentor
1845 2491 1990 2525 noster:
2015 2488 2116 2524 Tum

1153 2551 1432 2604 Epistolarum
1456 2553 1554 2590 liber
1582 2556 1622 2589 et
1646 2549 1928 2589 Homiliarum.

1211 2615 1524 2654 EADMUNDUS
1546 2612 1729 2651 Albanus
1755 2614 1841 2650 Sec.
1865 2613 1953 2650 xlx*
1980 2615 2118 2650 auctor

1158 2676 1447 2718 Commentarii
1465 2676 1504 2714 in
1523 2675 1727 2714 Boethium
1751 2674 1797 2713 de
1814 2676 1883 2714 SS.
1911 2673 2113 2714 Trinitate.

1157 2751 1277 2790 quem
1304 2738 1468 2777 laudant
1496 2738 1599 2776 idcm
1624 2737 1825 2776 Lelandus
1849 2749 1882 2775 c.
1919 2737 2007 2775 312.
2044 2737 2117 2774 Ba-

1156 2805 1244 2842 leus
1268 2803 1323 2849 V,
1350 2803 1399 2840 64
1422 2806 1463 2840 ct
1478 2803 1636 2840 Pitscus
1655 2800 1702 2839 ad
1721 2800 1793 2838 An.
1815 2800 1916 2838 4340
1935 2811 1973 2850 p.
1999 2799 2088 2836 446.

1211 2864 1519 2903 EADMUNDUS
1537 2861 1723 2910 Divitias,
1745 2863 1830 2900 sive
1847 2860 1956 2909 Rich,
1979 2860 2115 2911 Abyn-

1156 2927 1388 2972 douleusis,
1414 2928 1550 2973 llogeri
1592 2928 1734 2964 Baconi
1770 2927 1947 2972 amicus⁷
1988 2928 2028 2961 ct
2065 2936 2113 2961 cx

1155 2990 1420 3028 Tlicsaurario
1459 2989 1741 3028 Sarisbcricnsi
1780 2987 2115 3037 Areliicpiscopus

1157 3052 1462 3089 Cantuaricnsis
1486 3051 1535 3090 ab
1560 3051 1632 3089 An.
1658 3050 1761 3088 42:33
1788 3049 1835 3087 ad
1864 3051 1875 3087 l
1892 3048 1964 3086 220
1990 3060 2010 3086 a
2036 3059 2114 3098 quo

1158 3118 1335 3163 tempore
1350 3114 1605 3151 Monasticam
1626 3114 1748 3150 vitani
1769 3112 1879 3157 vixit.
1897 3111 2001 3149 cdito
2022 3115 2116 3162 Spe-

1158 3174 1270 3224 culo,
1305 3175 1408 3225 quod
1444 3175 1571 3213 solum
1610 3186 1658 3212 cx
1685 3176 1844 3224 scriptis
1864 3173 1951 3223 ojus
1976 3185 2018 3212 se
2058 3175 2116 3210 vi-

1156 3237 1263 3275 disse
1291 3237 1489 3276 Lelandus
1519 3248 1603 3287 cap.
1627 3237 1704 3275 262
1729 3236 1943 3287 praedicat.
1983 3237 2114 3275 Vitam

1210 3306 1243 3346 a)
1262 3307 1328 3338 Sub
1345 3307 1486 3338 osberni
1508 3308 1656 3345 nomine,
1673 3305 1729 3338 sed
1747 3308 1857 3338 minus
1877 3308 2006 3347 integra
2031 3308 2119 3346 apud

1148 3360 1280 3389 Surium
1302 3357 1340 3387 19
1356 3359 1430 3389 Maii
1463 3357 1543 3388 Vide
1564 3357 1735 3388 Wartlioni
1757 3357 1898 3390 praefat.
1919 3367 1951 3397 p.
1970 3360 2052 3389 xm.
