2500 4009
419 243 496 280 606

419 315 522 352 culto
547 312 774 358 relegendos
810 316 848 347 et
872 311 1154 349 examinandos
1177 313 1359 352 Rabanus

422 377 525 413 misit
550 379 586 412 et
617 372 823 410 dedicavit.

476 434 822 473 FRlilllifiARlUS
839 435 961 483 patria
978 436 1227 485 Burgundffl
1241 436 1360 475 Scho-

421 498 591 540 lasticus,
618 500 703 545 post
726 496 954 541 Gregorium
978 497 1246 536 Turonensem
1268 499 1362 536 scri-

419 553 687 607 ptoerarum
720 557 863 606 politus
888 557 1001 605 licet,
1029 559 1221 597 Historiae
1246 560 1362 598 Fran-

417 621 519 656 cicae
539 619 783 668 praecipuus.
801 619 931 658 clarus
950 621 1050 658 circa
1069 620 1226 659 Annum
1244 621 1356 659 (311τί-

418 681 466 717 sti
505 678 573 718 644
622 679 671 717 de
716 679 830 730 cujus
869 692 984 732 opere
1006 713 1012 730 ,
1052 681 1289 721 editionibus
1322 687 1362 721 et

417 742 756 780 continuatoribus
801 743 976 781 breviter
1020 744 1185 783 reseram
1215 775 1223 794 ,
1262 755 1362 795 quae

416 807 504 852 post
530 802 757 849 Frcherum⁷
782 806 997 853 Canisium,
1024 806 1263 855 Cbesnmm,
1288 808 1361 845 viri

415 863 518 902 docti
545 865 788 913 Lambecius,
814 866 909 905 Adr.
935 868 1173 916 valesius,a)
1200 869 1364 908 ltuinar—

419 930 515 973 tus,
562 927 732 966 Jacobus
777 930 993 979 Basnagius
1037 936 1077 968 ct
1116 931 1285 969 Jacobus
1330 932 1364 970 le

420 989 526 1038 Long
564 988 597 1036 1))
629 994 880 1029 annotarunt.
923 994 1087 1042 Scripsit
1107 992 1364 1044 Fredegarius

417 1048 636 1088 Chronicon
665 1052 712 1089 ab
736 1052 839 1090 Orbe
863 1053 1019 1091 condito
1046 1064 1173 1104 usque
1209 1055 1257 1093 ad
1296 1066 1364 1093 an-

417 1122 513 1149 num
544 1112 765 1151 secundum
792 1113 975 1152 Clodovei
1002 1116 1062 1163 11,
1093 1117 1177 1154 sive
1201 1115 1360 1155 Annum

415 1173 567 1212 Cllristi
593 1174 661 1213 611
695 1172 810 1213 libris
832 1175 1014 1227 quinque.
1042 1178 1193 1217 Priores
1209 1177 1305 1217 libri
1322 1180 1342 1216 Ῑ
1353 1209 1361 1224 ,

417 1235 482 1282 ΙΙ,
509 1236 583 1273 ΙΙΙ.
606 1236 713 1274 MSti.
739 1238 824 1275 sine
850 1240 1006 1277 nomine
1035 1242 1207 1279 auctoris
1233 1242 1268 1278 in
1304 1242 1363 1279 Bi-

414 1297 607 1337 bliotheca
628 1300 834 1345 Caesarea,
856 1301 904 1339 ab
924 1300 1074 1340 Adamo
1100 1304 1362 1342 narrationem

412 1358 617 1399 deducunt
647 1372 773 1412 usque
797 1362 845 1401 ad
872 1368 1048 1414 tempora
1073 1365 1297 1414 Justiniani,
1323 1370 1362 1403 et

414 1422 587 1460 Belisarii
612 1423 660 1461 ab
681 1423 870 1462 Aucelino
891 1426 923 1473 c)
954 1427 1047 1464 victi
1079 1431 1245 1465 mortem
1266 1458 1273 1476 ,
1291 1427 1361 1466 boc

415 1488 476 1520 est
499 1483 546 1521 ad
572 1483 730 1523 Annum
757 1486 909 1525 Cllristi
942 1489 1028 1526 561.
1068 1487 1361 1540 Praefationcm

415 1558 463 1584 ex
478 1545 622 1584 Codice
647 1547 840 1586 Caesareo
861 1549 983 1587 edidit
1008 1551 1240 1590 Lambecius
1264 1555 1358 1590 tom.

415 1609 450 1646 Ξ.
477 1621 511 1659 p.
543 1609 618 1647 850
644 1614 683 1647 et
701 1612 947 1659 postremum
975 1616 1095 1664 caput
1121 1611 1216 1651 libri
1252 1613 1359 1652 tertii

415 1683 499 1721 pag.
525 1671 594 1709 854
619 1700 626 1718 ,
652 1682 733 1721 seq.
761 1672 865 1711 unde
895 1678 1003 1723 patet
1031 1674 1066 1722 d')
1090 1674 1247 1713 eosdem
1273 1686 1361 1714 esse

409 1737 492 1770 tres
535 1732 678 1777 libros.
708 1745 807 1784 quos
846 1735 919 1773 sub
965 1737 1078 1774 titulo
1117 1735 1359 1776 Collectionis

415 1794 618 1832 Historiae
635 1794 1005 1847 Clironoyraphicae
1024 1797 1146 1836 edidit
1171 1799 1361 1838 ilenricus

414 1857 598 1895 Canisius
627 1862 720 1895 tom.
746 1858 781 1895 2.
824 1858 1088 1909 Antiquarum
1131 1861 1360 1899 Lectionum

413 1930 448 1968 p.
475 1918 564 1957 569.
589 1918 782 1966 (editionis
809 1932 934 1959 novae
963 1922 1231 1970 Basnagianae
1264 1926 1357 1959 tom.

412 1981 448 2019 2.
486 1992 571 2031 pag.
611 1981 808 2030 454-494.)
843 1983 954 2021 Liber
984 1983 1142 2034 primus
1169 1995 1218 2022 ex
1255 1982 1358 2022 Julio

408 2042 599 2093 Africano
618 2075 628 2091 ‚
654 2044 729 2091 (vel
751 2043 955 2095 Hippolyto
976 2046 1117 2096 potius)
1144 2050 1276 2084 exstat
1299 2051 1356 2084 ct—

413 2105 486 2142 iam
512 2105 755 2143 emendatior
779 2107 814 2143 in
845 2106 983 2144 Labbei
1000 2106 1236 2145 Bibliotheca
1255 2118 1356 2145 nova

413 2166 520 2203 MSS.
541 2170 635 2203 tom.
662 2168 696 2204 4.
719 2178 801 2216 pag.
820 2168 896 2204 2298
911 2167 1127 2206 secundum
1143 2173 1182 2206 et
1200 2168 1357 2206 certium

415 2238 462 2264 ex
491 2226 661 2264 lDATlO
687 2239 867 2277 maguam
895 2233 1045 2278 partem
1069 2233 1292 2269 mutuatum
1314 2241 1357 2268 se

413 2288 559 2325 Auctor
589 2288 806 2337 profitetur.
839 2288 954 2327 Liber
990 2294 1158 2341 quartus
1177 2292 1357 2342 Epitome

411 2353 450 2386 et
480 2349 800 2399 supplementum
827 2356 888 2389 est
912 2352 1096 2391 librorum
1122 2364 1189 2390 sex
1214 2354 1357 2403 prirno-

413 2423 498 2449 rum
521 2412 757 2451 (illliijOltll
784 2415 1026 2452 Turonensis
1062 2417 1139 2465 (qui
1173 2416 1356 2454 ’1110110-

414 2474 616 2512 MACllUS
640 2475 779 2513 vitiose
805 2475 957 2525 (licitur)
980 2482 1019 2514 ct
1044 2478 1080 2514 in
1109 2483 1232 2515 morte
1254 2478 1358 2517 Chil-

414 2537 530 2584 perici
555 2535 711 2581 desinit7
728 2536 798 2575 lioc
816 2542 877 2575 est
903 2539 938 2575 in
963 2539 1077 2577 Anno
1099 2540 1249 2577 (lllristi
1269 2541 1357 2578 584.

415 2596 557 2635 l'rodiit
579 2599 614 2635 in
642 2598 797 2636 Frelieri
817 2601 1075 2650 scriptoribus
1097 2613 1227 2639 rerum
1243 2603 1360 2640 Fran-

412 2660 580 2697 cicurum
626 2672 709 2710 pag.
735 2661 796 2698 00.
818 2662 999 2701 Andreae
1015 2663 1066 2701 du
1084 2663 1240 2703 Cliesne
1265 2669 1357 2702 tom.

415 2722 447 2757 4.
474 2732 556 2770 pag.
579 2722 666 2759 722.
689 2723 725 2759 in
757 2724 933 2762 Ruinarti
958 2725 1142 2774 Gregorio
1158 2728 1360 2765 Turonen—

413 2783 443 2818 si
468 2794 550 2831 pag.
574 2784 643 2821 514
675 2788 714 2820 et
740 2785 775 2821 in
805 2796 905 2824 nova
931 2786 1102 2824 editione
1130 2787 1356 2825 Lectionum

415 2844 557 2882 (lanisii
580 2849 672 2882 tom.
704 2848 738 2883 2).
766 2859 849 2897 pag.
882 2849 1066 2888 loti-217.
1094 2847 1208 2887 Liber
1245 2849 1357 2899 quin-

470 2958 502 2994 a)
529 2959 698 2989 nisset-tat.
723 2959 761 2989 dc
785 2959 980 3000 fredegario
1002 2962 1137 3000 ejusque
1179 2962 1360 3000 operibus,

414 3011 502 3037 tomo
524 3007 543 3036 ⁶.)
572 3007 728 3039 historiae
745 3011 945 3040 Francorum
964 3018 1036 3048 pag.
1057 3010 1131 3041 443.
1151 3010 1228 3041 Vide
1247 3015 1278 3041 ct
1296 3014 1360 3042 Do-

411 3057 570 3087 ininicum
595 3055 634 3087 de
657 3057 791 3089 Colonia
817 3063 839 3089 t.
862 3059 881 3088 Ξ.)
905 3059 982 3090 hist.
1009 3059 1071 3091 litt.
1096 3061 1196 3100 Lugd.
1223 3069 1255 3100 p.
1279 3060 1331 3092 45.

471 3105 506 3143 b)
528 3106 755 3146 Bibliothequc
772 3109 960 3148 ilistorique
977 3109 1016 3140 de
1033 3112 1157 3141 Franco
1177 3119 1267 3141 num.
1281 3111 1362 3142 6606

411 3162 500 3193 seqq.
524 3158 580 3194 qui
612 3165 701 3187 num.
724 3157 804 3188 ool-„¹
827 3160 927 3189 ctiam
958 3159 1150 3198 Apologiarn
1174 3161 1360 3199 Fredegarii

413 3211 428 3231 a
453 3205 576 3234 itt-nato
600 3206 740 3237 Auberio
767 3209 899 3238 Vertoto
922 3210 1078 3247 scriptam
1104 3213 1278 3241 memorat.

471 3262 501 3288 cl
527 3253 675 3284 Lambee.
699 3264 715 3285 a
742 3256 922 3287 Bucelino.

471 3300 504 3330 ds
528 3300 617 3330 Adde
641 3304 796 3334 Sanitium
820 3305 859 3335 ad
885 3308 975 3337 Voss.
1001 3316 1073 3346 pag.
1098 3307 1169 3338 472.
1188 3316 1255 3346 seq.
1280 3310 1357 3339 edit.

412 3358 428 3378 n
454 3356 504 3378 me
527 3353 670 3380 curatae.

1134 241 1657 291 FREDEGARIUS

1432 317 1494 352 tus
1521 325 1543 353 a
1570 314 1801 365 Fredegario
1823 318 1996 369 Gregorii
2034 320 2275 373 Turonensis
2312 320 2369 358 lii--

1432 376 1573 414 storiae
1620 376 1908 415 continuandae
1947 379 2158 429 adjunctus
2203 380 2370 420 eandem

1433 437 1684 486 persequitur
1703 436 1751 475 ab
1765 436 1839 475 An.
1864 438 1938 477 584
1955 429 2006 478 ‘ad
2030 441 2098 481 644
2126 441 2255 481 editus
2277 452 2369 480 cum

1433 498 1621 548 Gregorio
1644 499 1864 537 Turonensi
1893 511 1943 539 cx
1967 502 2005 540 S.
2029 503 2177 542 Nazarii
2209 506 2376 553 Laurea—

1433 561 1541 598 censi
1565 559 1706 599 Codice
1740 570 1762 598 a
1786 561 1940 610 Flacio,
1968 563 2140 603 Basileae
2173 567 2300 613 4568,
2333 565 2370 603 8.

1434 620 1575 660 deinde
1617 623 1655 659 in
1693 622 1943 661 Bibliothecis
1972 624 2130 664 Patrum
2164 630 2257 666 tom.
2287 627 2368 667 XV.

1436 682 1557 733 Lugd.
1582 695 1668 734 pag.
1693 684 1769 723 845
1792 688 1832 722 et
1847 695 1869 723 a
1892 684 2061 724 Frehero
2082 696 2166 736 pag.
2191 688 2373 728 447-459.

1437 744 1659 784 Duchesnio
1697 750 1791 784 torn.
1823 747 1859 785 4.
1900 757 1986 797 pag.
2015 746 2092 786 740
2115 751 2156 786 et
2189 748 2374 790 Ruinarto

1437 817 1522 856 pag.
1552 806 1640 846 585.
1661 807 1723 846 Ex
1751 807 1956 857 Capitibus
1976 809 2053 848 448
2075 819 2176 859 quae
2195 810 2374 851 ’Ruinar-

1437 873 1503 907 tus
1523 869 1683 907 exhibet
1704 869 1786 908 sola
1809 870 1858 908 90
1888 871 2016 920 priora
2039 871 2077 908 in
2098 870 2238 919 indice,
2257 882 2373 922 quem

1437 942 1486 969 ex
1514 932 1595 970 MS.
1634 932 1837 982 praemisit
1877 931 2073 971 Freberus
2100 937 2142 972 et
2168 933 2206 972 in
2236 932 2376 973 Codice

1439 992 1714 1032 Sirmondiano
1733 1024 1744 1043 ,
1774 993 1993 1045 Fredegarii
2018 1005 2108 1034 esse
2136 994 2376 1045 indicantur,

1438 1066 1505 1106 pro
1534 1065 1612 1104 qua
1636 1056 1831 1094 sententia
1855 1060 2005 1106 pugnat
2026 1057 2146 1096 etiam
2179 1057 2377 1097 Hensche-

1438 1118 1528 1155 nius
1551 1118 1588 1154 in
1615 1117 1653 1155 S.
1680 1117 1870 1167 Sigeberti
1894 1120 1977 1156 vita
2000 1122 2094 1157 tom.
2115 1120 2150 1158 4.
2187 1118 2375 1159 Actorum

1436 1180 1670 1217 Sanctorum
1692 1179 1888 1218 Februarii
1903 1190 1991 1231 pag.
2011 1181 2100 1220 2⁴4.
2116 1182 2274 1220 Praeter
2291 1181 2378 1233 pri·

1435 1252 1541 1278 mam
1557 1252 1577 1280 a
1593 1251 1676 1291 cap.
1695 1241 1761 1280 94.
1784 1240 2120 1281 Continuationem
2148 1242 2375 1282 ANONYMI

1437 1303 1637 1354 scriptoris
1666 1303 1714 1342 ab
1743 1303 1815 1342 An.
1842 1304 1909 1343 644
1940 1303 1989 1343 ad
2013 1305 2088 1344 680
2121 1305 2218 1344 aliae
2241 1303 2369 1344 adhuc

1436 1370 1517 1403 tres
1537 1365 1586 1403 ibi
1615 1369 1776 1404 exstant
1798 1364 2114 1406 continuationes
2136 1365 2374 1406 Auctoribus

1436 1426 1605 1464 diversis
1629 1431 1668 1464 et.
1692 1428 1859 1477 ignotis,
1896 1426 2069 1466 secunda
2091 1438 2114 1467 a
2141 1438 2225 1479 cap.
2250 1426 2300 1466 97
2327 1427 2376 1467 ab

1435 1488 1510 1526 An.
1537 1489 1611 1526 680
1641 1488 1690 1527 ad
1727 1489 1822 1528 735.
1849 1488 1966 1527 tertia
1988 1499 2010 1528 a
2047 1499 2130 1540 cap.
2162 1490 2237 1529 409
2272 1490 2375 1529 circa

1436 1549 1622 1599 medium,
1647 1550 1695 1589 ab
1718 1550 1792 1589 An.
1822 1550 1899 1590 736
1922 1550 1970 1589 ad
1989 1546 2085 1591 752.
2113 1556 2280 1602 utraque
2302 1562 2373 1590 au—

1434 1617 1541 1650 ctore
1565 1613 1774 1663 Anonymo
1793 1612 2017 1662 Austrasio,
2047 1614 2114 1664 qui
2136 1612 2253 1663 jussu
2272 1613 2378 1653 Chil-

1433 1673 1621 1713 debrandi
1646 1676 1810 1714 Comitis
1830 1676 2000 1726 scripsit.
2026 1677 2182 1725 Quarta
2204 1674 2374 1726 denique

1434 1748 1518 1788 cap.
1545 1738 1620 1776 448
1642 1737 1690 1776 ab
1709 1738 1782 1776 An.
1809 1738 1885 1778 752
1901 1738 1949 1776 ad
1967 1737 2058 1776 768.
2078 1736 2250 1776 Auctore
2272 1735 2378 1776 Ano-

1438 1810 1556 1849 nymo
1580 1800 1646 1849 qui
1687 1799 1804 1849 jussu
1836 1799 2066 1850 Nibelungi‚
2101 1797 2378 1838 childebrandi

1437 1861 1500 1898 lilii
1527 1862 1734 1911 scripsisse
1759 1872 1801 1899 se
1822 1861 2039 1912 profitetur.
2063 1861 2122 1901 Ea
2153 1870 2254 1912 quae
2289 1864 2377 1911 post

1436 1927 1555 1973 caput
1580 1924 1654 1962 440
1679 1922 1782 1974 apud
1808 1923 2022 1962 Freherum
2047 1928 2087 1962 et
2123 1925 2162 1962 in
2194 1922 2374 1962 Andreae

1437 1985 1489 2024 du
1519 1986 1674 2026 Chesne
1708 1991 1800 2024 tom.
1841 1988 1875 2026 4.
1905 1998 1990 2038 pag.
2021 1985 2097 2026 772
2142 1987 2329 2038 leguntur
2351 1997 2373 2025 a

1431 2049 1596 2086 verbis:
1629 2047 1848 2087 Cln‘lcrudis
1868 2059 2021 2100 quoque
2050 2047 2137 2100 filia
2169 2048 2280 2100 ejus,
2315 2046 2377 2100 fa-

1433 2110 1553 2148 ciente
1587 2110 1746 2149 consilio
1770 2111 1924 2163 nefario
1947 2122 2139 2150 novercae
2161 2122 2259 2150 suae
2296 2115 2372 2149 etc.

1430 2173 1589 2222 primus
1608 2172 1783 2211 ediderat
1807 2175 1989 2212 Canisius
2012 2177 2107 2211 tom.
2123 2173 2158 2212 2.
2174 2184 2259 2224 pag.
2285 2171 2372 2210 708.

1428 2233 1596 2272 Jacobus
1622 2236 1948 2285 veroBasnagius
1973 2235 2010 2272 in
2043 2245 2145 2273 nova
2183 2245 2255 2274 sua
2292 2233 2374 2272 edi-

1430 2297 1534 2334 tione
1559 2300 1652 2333 tom.
1678 2301 1770 2334 tom.
1809 2297 1844 2335 2.
1888 2307 1974 2347 pag.
2004 2296 2178 2336 ais-226
2214 2295 2374 2334 exhibet

1431 2358 1504 2396 sub
1528 2358 1642 2396 titulo
1673 2356 1770 2396 libri
1790 2358 1900 2397 seaeti
1917 2357 2099 2398 Chronici
2124 2357 2375 2409 Fredegaria-

1431 2421 1482 2457 ni.
1522 2420 1800 2470 Fredegarium
1831 2431 1922 2460 cum
1947 2420 2131 2470 Gregorio
2155 2421 2372 2460 Turonensi

1431 2480 1576 2520 Gallice
1591 2494 1611 2522 a
1629 2493 1670 2521 se
1695 2482 1894 2521 redditum
1913 2483 2092 2532 vulgavit
2113 2482 2276 2522 Michael
2297 2483 2374 2521 Ma—

1430 2544 1572 2592 rolles,
1598 2545 1754 2583 Parisiis
1778 2545 1892 2594 4688,
1918 2545 1955 2583 8.
1979 2545 2089 2584 Circa
2113 2555 2177 2584 res
2205 2545 2369 2584 aliarum

1432 2608 1636 2646 nationum
1662 2606 1938 2658 Fredegarium
1962 2607 2189 2657 frequenter
2211 2607 2372 2646 halluci-

1430 2670 1542 2718 nari.
1574 2670 1726 2707 notavit
1766 2670 1929 2709 Carolus
1968 2669 2005 2708 le
2038 2669 2179 2709 Cointe
2208 2673 2303 2707 tom.
2333 2669 2369 2708 2.

1430 2730 1570 2770 Annal.
1592 2743 1677 2782 pag.
1698 2731 1786 2771 577.

1483 2793 1751 2843 FREDEGIS,
1782 2795 1867 2846 sive
1905 2794 2214 2834 FREDEGISUS
2243 2793 2371 2834 Caroli

1429 2856 1554 2905 Magni
1571 2861 1610 2893 ct
1633 2856 1814 2895 Ludovici
1837 2857 1888 2895 Pii
1905 2857 2036 2896 clarus
2050 2861 2192 2904 aetate⁷
2207 2868 2230 2895 a
2245 2856 2367 2895 Theo-

1430 2917 1537 2956 dulso
1560 2917 1832 2957 Aurelianensi
1857 2919 1920 2958 lib.
1940 2920 2004 2969 111,
2027 2919 2248 2958 carminum
2267 2918 2367 2957 ccle-

1430 2979 1564 3018 bratur
1591 2980 1652 3018 his
1676 2981 1858 3019 versibus
1877 2980 1950 3020 475
1965 3011 1976 3030 ,
1995 2979 2081 3021 476.

1465 3052 1532 3080 Stet
1550 3052 1661 3081 Levita
1678 3051 1797 3082 decens
1819 3050 1974 3089 Fredegis
1991 3052 2135 3082 sociatus
2157 3050 2267 3082 osulfo
2281 3074 2290 3087 ‚

1465 3101 1592 3131 Gnarus
1611 3104 1749 3140 uterque
1767 3102 1866 3139 artis,
1884 3101 2001 3132 doctus
2017 3105 2157 3140 uterque
2174 3099 2270 3132 bene.

1428 3157 1486 3196 Ad
1513 3170 1614 3208 quae
1640 3160 1758 3197 verba
1785 3160 1880 3198 haec
1910 3163 2020 3198 notat
2052 3157 2365 3203 Sirmondusza)

1429 3219 1580 3258 an-stat
1600 3220 1752 3259 Alcuini
1783 3221 1837 3259 ad
1860 3220 2115 3272 Fredeyisum
2137 3218 2238 3258 hunc
2262 3214 2368 3255 libel-

1482 3308 1515 3345 a)
1539 3311 1630 3339 Tom.
1652 3307 1672 3338 Ω
1694 3310 1837 3348 Operum
1861 3305 2023 3339 Sirmondi
2058 3313 2132 3345 pag.
2167 3303 2256 3336 1006.
2281 3310 2314 3336 ct
2338 3305 2372 3336 in

1423 3355 1627 3388 bibliotheca
1651 3359 1786 3387 Patrurn
1810 3356 2017 3395 Lugdunensi
2041 3358 2121 3386 tom.
2147 3356 2226 3385 xw.
2254 3362 2286 3393 p.
2309 3353 2363 3386 64.
