2500 4009
398 221 476 260 272

450 292 513 329 ⁶28.
539 291 665 329 Vertit
694 290 812 328 etiam
843 287 1021 326 Platonis
1048 288 1237 340 epistolas
1267 301 1364 329 non-

399 355 494 393 dum
520 367 567 392 ex
594 366 638 391 ea
662 363 765 389 vers.
788 349 926 388 editas.
949 352 1048 389 ltem
1070 351 1244 390 Platonis
1266 352 1366 392 Phe-

400 416 541 454 ‹lonem
557 415 605 453 ‹le
623 412 915 451 immortalitate
931 413 1050 451 animi
1068 412 1115 452 ad
1133 414 1265 454 Innoc.
1284 415 1362 455 Vll.

400 480 510 517 l‘ont.
535 479 639 515 llanc
654 473 795 513 offendi
814 475 851 511 in
869 474 963 513 Cod.
981 486 1088 524 meo,
1106 477 1144 514 in
1161 488 1240 527 quo
1255 489 1365 529 prae-

397 541 530 586 ligitur
551 534 738 587 praefatio
762 536 837 574 alia
859 535 908 574 ad
933 537 1136 577 Nicolaum
1152 539 1363 579 Bartholo-

396 611 553 639 macum
580 599 602 637 s.
623 598 768 646 Nicon,
791 598 881 648 ibiq.
907 603 947 637 et
971 601 1153 638 meminit
1174 603 1360 641 orationis

396 674 490 701 suae
513 672 583 699 seu
607 660 844 699 laudationis
869 660 1118 701 Florentinae
1144 664 1272 703 Urbis.

447 725 509 762 29.
550 722 724 761 Platonis
760 722 927 773 Goryias
947 723 996 762 ab
1016 735 1061 763 eo
1082 737 1237 775 versus7
1263 728 1357 767 item

393 785 614 834 Phaedrus,
636 787 730 824 item
757 785 866 826 Crito
882 786 1057 826 nondum
1082 788 1324 838 prodierunt.

442 850 504 888 30.
529 847 717 901 Apoloyia
745 848 924 888 Socratis
948 861 1003 888 ex
1037 850 1282 902 Xenophonte
1312 853 1352 891 in

392 910 574 950 Latinum
598 922 801 950 conversa.
826 912 949 950 Extat.
970 913 1049 951 MS.
1066 914 1104 951 in
1125 914 1207 953 Cod
1242 927 1354 963 meo,

392 973 563 1013 necdum
588 973 741 1024 prodiit.

439 1038 501 1075 3¹.
527 1034 753 1074 Aristotelis
769 1034 1001 1075 Ethicorum
1023 1037 1109 1076 libri
1137 1040 1172 1078 X
1197 1039 1355 1090 prodie-

389 1103 493 1137 runt.
520 1099 676 1136 Parisiis
699 1109 762 1137 an.
789 1099 903 1137 4504.

441 1162 502 1200 32.
534 1162 633 1199 item
673 1158 870 1199 Polt'ticor.
907 1161 970 1199 lib.
996 1162 1097 1201 vm.
1122 1163 1262 1203 Venet.
1289 1176 1353 1204 an.

388 1224 502 1263 4504.
531 1223 873 1262 Oeconomicoram
889 1223 987 1262 liber
1007 1225 1039 1263 ll
1061 1225 1179 1263 nond.
1199 1225 1353 1276 prodiit.

444 1288 506 1325 33.
537 1285 672 1324 Oratio
709 1284 915 1325 Aeschinis
935 1285 975 1324 in
993 1286 1243 1339 Ctesifontem
1283 1290 1356 1328 Ba—

385 1348 504 1386 silaee
525 1359 587 1386 an.
608 1348 723 1386 4528.
744 1348 808 1387 ubi
825 1350 944 1387 etiam
966 1348 1104 1388 eodem
1133 1361 1236 1389 anno
1268 1363 1356 1402 pro-

382 1409 451 1447 diit
482 1410 614 1448 Oratio
634 1409 916 1449 Demosthenis
945 1415 1083 1450 contra
1112 1411 1351 1452 Aeschinem

382 1471 521 1510 eodem
565 1473 792 1523 interprete.
840 1472 948 1512 Alias
985 1474 1131 1524 pariter
1168 1474 1349 1515 eiusdem

381 1535 492 1573 Dem.
523 1535 721 1574 orationes
740 1535 789 1574 ab
808 1547 853 1574 co
877 1548 1092 1575 conversas
1117 1537 1238 1576 tradit
1272 1540 1352 1578 Ma-

382 1601 532 1637 ncttuS.

436 1659 496 1697 34.
518 1658 753 1699 Comaediae
768 1659 1049 1712 Aristophanis
1068 1663 1216 1713 primae
1232 1668 1346 1704 actus

379 1720 428 1759 ab
450 1732 496 1758 co
520 1732 663 1760 versus
683 1722 801 1760 nond.
827 1723 980 1773 prodiit.

433 1783 494 1821 35.
521 1782 675 1821 Theana
697 1783 752 1822 arl
773 1785 1055 1823 Nicostratum.
1080 1787 1256 1837 Epistola
1280 1792 1343 1826 est

391 1846 540 1883 Graeca
566 1845 614 1883 ab
635 1857 680 1883 eo
703 1858 832 1885 versa.
857 1847 1037 1886 Nondum
1059 1848 1214 1899 prodiit.

430 1908 492 1945 36·
518 1905 690 1946 Libellus
714 1907 760 1946 (le
781 1906 934 1947 duobus
954 1908 1182 1949 amantibus
1207 1911 1245 1949 in
1270 1912 1341 1950 La-

374 1970 502 2008 tinum
527 1981 576 2008 ex
600 1971 762 2008 Bocacio
786 1971 1096 2021 transfiguratus
1119 1983 1188 2023 per
1220 1973 1336 2012 Leon.

374 2033 482 2070 Aret.
508 2031 650 2082 prodiit
675 2033 835 2070 Turonii
863 2032 977 2072 4467.
1005 2034 1038 2071 4.

429 2091 688 2142 37.DiaI09us
707 2093 807 2131 inter
826 2093 1054 2133 Ciceronem
1069 2098 1107 2133 et
1115 2094 1337 2134 Philistium

377 2159 619 2192 memoratur
641 2156 678 2191 P.
696 2155 741 2192 ll.
759 2154 869 2192 codd.
887 2155 1181 2205 MSS.Ang1iao‚
1200 2158 1236 2194 in
1258 2168 1336 2207 quo

375 2219 481 2251 etam
499 2225 614 2264 opere
640 2216 787 2253 mentio
806 2220 868 2253 est
882 2217 1080 2266 Epistolae
1096 2219 1211 2255 Leon.
1227 2217 1338 2257 Aret.

376 2275 424 2313 ad
444 2276 667 2322 Eugenium
693 2277 729 2313 in
756 2276 855 2315 duas
876 2278 1063 2317 llomilias
1088 2281 1125 2317 S.
1151 2280 1293 2318 Basilii.

430 2339 491 2376 38.
519 2335 732 2376 Ptolomaei
754 2337 1023 2390 Almayestum
1046 2352 1116 2391 per
1144 2341 1332 2380 Leonard.

377 2410 538 2438 versum
570 2405 705 2438 extare
739 2400 832 2439 dicit
851 2403 1163 2442 Montfauconius
1185 2404 1221 2442 in
1238 2404 1335 2443 Bibl.

374 2463 416 2500 R.
442 2462 663 2500 Parisiensi.

427 2523 490 2561 39.
513 2523 735 2573 Odysscam
756 2525 910 2564 Homeri
935 2538 1005 2577 per
1025 2527 1226 2566 Lconardo
1247 2539 1336 2567 vcr-

375 2598 459 2625 sam
484 2586 707 2636 possedisse
725 2588 848 2626 fertur
866 2588 1054 2639 Aegidius
1074 2589 1188 2629 Card.
1210 2591 1336 2629 Viter—

373 2648 532 2687 biensis.
571 2650 649 2687 lloc
687 2654 820 2689 tamen
858 2662 958 2702 opus
983 2651 1078 2690 nihil
1108 2652 1211 2691 aliud
1243 2663 1333 2691 esse

373 2716 493 2761 puto7
518 2723 637 2761 quam
664 2713 780 2750 Leon.
803 2712 910 2752 Aret.
938 2713 1143 2754 Orationes
1171 2713 1336 2754 Homeri

374 2773 422 2809 ah
441 2774 522 2822 ipso
539 2775 705 2812 oratorio
722 2786 830 2815 more
846 2787 1073 2815 conversas.
1089 2778 1229 2816 Servat
1248 2777 1333 2816 illas

374 2836 476 2872 MSS.
502 2835 594 2874 Cod.
622 2848 760 2887 meus,
783 2842 824 2875 et
847 2838 1045 2888 praecedit
1069 2839 1159 2878 huic
1190 2839 1333 2879 liberae

375 2898 545 2935 versioni
580 2898 713 2936 brevis
750 2900 977 2950 interpretis
1001 2902 1214 2951 praefatio,
1243 2906 1329 2941 tum

375 2957 421 2995 ad
447 2960 622 3007 singulas
642 2961 839 2999 orationes
862 2967 1156 3011 argumentum.

429 3020 489 3058 40.
507 3022 548 3058 ln
561 3022 740 3060 Biblioth.
753 3023 794 3060 R.
806 3024 1013 3063 Parisiensi
1025 3026 1175 3064 servari
1187 3025 1327 3065 dieitl'.

376 3081 685 3121 Montiauconius
701 3084 787 3122 eius
803 3086 1039 3135 opusculum
1058 3087 1104 3126 cle
1122 3086 1219 3126 bello
1240 3089 1331 3127 Tro-

373 3139 471 3188 jano
493 3154 582 3180 cnm
607 3144 699 3183 vitis
724 3145 912 3186 Caesaris
939 3151 977 3185 et
997 3150 1181 3201 Pompeii.

432 3201 490 3238 tt.
517 3205 616 3241 Sunt
633 3211 835 3255 praeterea
863 3210 1042 3250 eiusdem
1065 3214 1180 3251 Leon.
1199 3216 1229 3252 si
1245 3216 1331 3265 qui-

379 3260 543 3299 busdam
563 3265 747 3315 creditur,
768 3272 925 3311 notulae
949 3274 985 3312 in
1011 3276 1260 3326 Terentium3
1277 3277 1332 3315 of-

380 3322 554 3361 ficiorum
579 3325 780 3368 Romanor.
808 3335 990 3383 nomina3
1034 3339 1250 3387 proemium
1291 3341 1327 3378 in

1166 216 1636 264 BRUNlClllUS

1437 293 1635 334 orationes
1659 295 1815 335 Homeri
1839 299 1879 333 et
1901 295 1939 334 in
1971 295 2145 337 libellum
2171 297 2219 340 de
2240 300 2401 342 institu-

1438 354 1545 393 tione
1565 355 1614 395 ad
1638 358 1892 396 Herennium.

1492 417 1604 457 Liber
1625 418 1671 458 cie
1690 418 1811 459 rebus
1843 432 1914 459 suo
1938 424 2108 473 tempore
2130 423 2170 462 in
2196 424 2317 464 Italia
2331 437 2398 478 qe-

1437 478 1510 518 stis
1534 482 1682 521 nullam
1713 483 1938 521 versionem
1959 495 1980 522 a
2000 486 2044 523 D.
2068 484 2262 526 Acciaiolo
2285 487 2402 528 ador-

1436 545 1568 581 natam
1603 543 1763 591 habuit;
1785 544 1882 583 haec
1914 546 2020 584 enim
2057 545 2241 588 Acciaioli
2264 551 2396 590 versio

1434 608 1496 641 est
1510 604 1558 643 de
1575 605 1683 645 libris
1698 607 1770 645 Xll
1782 607 1974 646 Historiae
1990 608 2394 663 Florentinae;quare

1434 665 1472 703 in
1493 665 1564 705 hoe
1579 668 1835 719 corrigendus
1855 673 1918 707 est
1933 670 2134 711 Fabricius
2153 672 2203 712 ad
2223 685 2332 714 num.
2354 675 2391 715 2.

1488 729 1605 768 42.1n
1622 730 1717 769 Cod.
1738 732 1815 770 MS.
1833 742 1953 782 quem
1963 733 2139 784 possidet
2152 735 2278 776 Rmus
2299 737 2398 776 Mar-

1434 792 1513 829 tius
1533 792 1684 831 Micheli
1705 794 1799 832 Can.
1824 794 1931 833 Eccl.
1956 795 2225 846 Cathedralis,
2245 799 2397 838 Lucen-

1432 855 1487 892 sis
1502 886 1512 903 ‚
1539 866 1777 906 mecumque
1800 858 2113 897 communicavit
2135 864 2232 899 sunt
2254 862 2396 900 oratio-

1431 928 1502 955 nes
1523 929 1544 956 e
1571 917 1696 956 Greco
1720 919 1759 956 in
1795 919 1980 958 Latinum
2008 930 2226 961 conversae
2249 934 2320 974 per
2351 925 2392 962 L.

1428 979 1535 1018 Aret.
1561 981 1663 1019 Sunt
1691 985 1826 1019 autem
1855 980 2064 1022 Orationes
2091 983 2289 1033 quaedam
2312 983 2389 1025 Ae-

1428 1042 1577 1081 schinis
1590 1047 1630 1082 et
1638 1042 1919 1082 Demosthenis
1938 1045 2137 1085 orationes
2152 1044 2273 1092 duae,
2289 1058 2390 1098 quas

1430 1116 1502 1144 nec
1529 1106 1668 1145 Mehus
1705 1107 1742 1144 in
1765 1117 1838 1145 suo
1873 1105 2051 1158 catalogo
2072 1118 2160 1159 opp.
2200 1109 2392 1149 Leonardi

1430 1173 1636 1207 memorat.

1485 1235 1545 1273 43.
1562 1232 1603 1270 ln
1622 1233 1695 1272 alio
1710 1232 1804 1272 Cod.
1836 1232 1941 1284 apud
1969 1231 2140 1272 eundem
2153 1231 2392 1274 humanissi-

1428 1297 1675 1335 mumvirum
1691 1294 1952 1345 estquaedam
1962 1294 2098 1334 brevis
2115 1297 2238 1335 oratio
2252 1297 2291 1334 in
2307 1297 2390 1337 lau-

1426 1359 1515 1398 dem
1525 1357 1904 1409 imperatoriseidem
1913 1357 2112 1397 cl.Mehus
2128 1368 2206 1397 non
2215 1359 2312 1397 visa.
2325 1360 2389 1398 In-

1427 1422 1546 1472 cipit:
1563 1419 1601 1459 si
1618 1419 1756 1459 laudes
1770 1423 1860 1458 tuas
1875 1449 1883 1468 ,
1901 1418 2188 1471 oloriosissime
2200 1420 2389 1474 princeps

1428 1483 1469 1522 in
1502 1482 1572 1521 hoc
1601 1481 1716 1521 brevi
1746 1480 1964 1521 collationis
1992 1481 2133 1533 spatio.
2162 1483 2255 1521 Post
2283 1482 2387 1522 hanc

1427 1548 1610 1597 sequitur
1637 1545 1846 1584 Aeschinis
1874 1544 2052 1595 Epistola
2077 1544 2099 1583 e
2127 1544 2276 1584 Graeco
2305 1556 2388 1584 ser-

1424 1619 1540 1647 mone
1577 1609 1616 1647 in
1654 1609 1837 1646 Latinum
1871 1606 2054 1645 traducta
2088 1618 2159 1658 per
2194 1607 2238 1646 D.
2264 1608 2380 1646 Leon.

1420 1670 1627 1709 Aretinum
1650 1670 1806 1720 Incipit:
1829 1668 1911 1719 qu
1931 1679 1991 1707 me
2013 1667 2069 1707 ad
2089 1667 2383 1722 Rempublicam

1419 1731 1568 1770 contuli
1587 1736 1662 1770 etc.
2367 1776 2373 1784 ¹

1470 1794 1797 1841 BRUNICHIUS,
1836 1792 1953 1843 cujus
1989 1789 2148 1832 ’ἔκθεσιν
2191 1791 2377 1844 Βρενιχὶὅ

1415 1852 1585 1909 ‘Papam
1605 1850 1855 1906 χρονογράφε
1875 1855 2010 1895 laudat
2024 1853 2228 1896 ,lohannes
2242 1856 2378 1896 Malaia

1414 1923 1509 1957 tom.
1533 1920 1565 1965 Ι,
1586 1930 1673 1970 pag.
1701 1919 1778 1958 239
1803 1922 1844 1957 et
1880 1918 2099 1958 BRUTIUS
2131 1918 2379 1970 Chronogra-

1411 1981 1536 2032 phus,
1559 1981 1675 2031 cujus
1693 1980 1798 2032 apud
1819 1982 2014 2031 Gangium
2036 1982 2141 2020 inter
2164 1981 2377 2032 scriptores

1410 2043 1562 2082 mediae
1586 2043 1810 2082 Latinitatis
1829 2045 1999 2092 mentio,
2016 2043 2205 2082 videntur
2226 2043 2376 2082 Graece

1410 2106 1543 2155 potius
1566 2116 1686 2154 quam
1704 2105 1840 2142 Latine
1858 2106 2080 2154 scripsisse.
2098 2105 2196 2144 Nam
2220 2109 2261 2143 et
2276 2106 2375 2144 Bru—

1410 2167 1490 2204 tius
1515 2178 1592 2204 non
1606 2167 1751 2204 citatur
1775 2167 1851 2204 nisi
1872 2177 1894 2204 a
1909 2166 2071 2205 Graecis
2095 2167 2373 2218 scriptoribus,

1408 2228 1581 2267 Eusebio
1604 2229 1640 2266 in
1659 2228 1852 2267 Chronico
1872 2227 1977 2278 quod
1994 2229 2130 2267 Latine
2145 2230 2268 2268 vertit
2284 2231 2374 2270 Hie-

1409 2290 2036 2340 ronymuS,SyncellO‚Malala‚cui
2049 2288 2371 2340 vitiosessisrrcoc,

1407 2356 1448 2389 et
1479 2352 1661 2391 Chronici
1685 2352 1796 2391 Alex.
1831 2353 2021 2403 scriptore
2044 2353 2108 2392 cui
2132 2349 2282 2403 Βρύτιος
2303 2366 2371 2406 ap-

1407 2414 1588 2464 pellatur.
1616 2414 1713 2453 Vide
1741 2414 1901 2453 Eusebii
1925 2414 2148 2454 Chronicon
2172 2415 2369 2456 Graecum

1407 2475 1590 2514 editionis
1628 2476 1914 2527 Scaligerianac
1938 2488 2025 2528 pag.
2065 2477 2115 2516 80
2141 2478 2205 2518 ubi
2229 2490 2369 2530 perpe-

1406 2549 1490 2576 ram
1512 2535 1682 2586 ΒρὲςτΓιος
1705 2539 1989 2589 Hieronymum
2016 2550 2102 2591 pag.
2128 2540 2176 2579 44
2201 2544 2241 2579 et
2275 2541 2368 2580 Sca-

1406 2600 1513 2650 ligcri
1537 2605 1650 2640 notas
1673 2611 1759 2651 pag.
1784 2602 1862 2640 205
1886 2605 2007 2651 atque
2020 2601 2184 2641 Arnoldi
2205 2604 2365 2643 Pontaci

1406 2675 1491 2714 pag.
1516 2664 1592 2702 595
1615 2662 1664 2702 ad
1687 2663 1834 2702 Euseb.
1855 2664 1920 2703 cui
1944 2663 2035 2702 licet
2058 2664 2187 2716 placet
2209 2667 2365 2704 Baronii

1405 2727 1601 2776 suspicio,
1622 2737 1691 2777 pro
1716 2725 1870 2765 Bruttio
1893 2725 1998 2777 apud
2018 2726 2172 2765 Hieron.
2195 2727 2365 2778 legentis

1404 2787 1591 2826 Erotium
1624 2789 1687 2826 vel
1725 2787 1989 2837 Brutianam,
2012 2792 2149 2828 contra
2178 2791 2237 2827 tot
2259 2787 2365 2828 codi-

1405 2861 1495 2889 cum
1522 2849 1638 2889 [idem
1661 2854 1793 2888 tamen
1819 2851 1960 2888 merito
1984 2861 2062 2889 non
2077 2849 2278 2902 probatur.

1457 2910 1711 2951 Leonhardus
1745 2913 1965 2952 BUCKlUS
1981 2942 1989 2962 ,
2008 2912 2360 2964 Oosterwicanus,

1404 2976 1627 3015 Canonicus
1653 2974 1858 3024 Regularis
1886 2975 1924 3014 S.
1949 2974 2164 3025 Augustini
2191 2975 2362 3016 Corsen-

1403 3037 1608 3077 doncanus
1633 3038 1669 3075 in
1692 3035 1901 3075 Brabantia
1919 3065 1927 3084 ,
1948 3036 2163 3076 defunctus
2185 3036 2231 3076 A.
2255 3037 2358 3077 4488

1403 3101 1571 3150 scriptor
1608 3098 1772 3148 dialogi,
1793 3099 1855 3135 cui
1892 3098 2051 3137 titulus:
2075 3109 2217 3136 norma
2251 3097 2357 3137 vitae

1402 3161 1639 3212 reliqiosae,
1663 3160 1906 3208 aliorumque
1931 3161 2175 3198 tractatuum
2195 3157 2357 3210 spirita-

1404 3223 1500 3262 lium
1535 3227 1573 3262 et
1609 3220 2007 3273 anayoyicorum,ut
2029 3232 2051 3259 a
2087 3221 2241 3260 Valerio
2275 3219 2355 3260 An-

1403 3285 1495 3324 drea
1519 3285 1694 3325 l)esselio
1718 3296 1802 3334 pag.
1827 3282 1903 3322 624-
1934 3282 2196 3322 Bibliothecae
2228 3283 2353 3336 Belgi-

1403 3360 1471 3388 cae
1492 3348 1749 3400 appellantur.
