2500 4009
393 216 470 255 30³»

389 291 448 326 sto
464 318 472 333 ‚
491 283 679 335 Pomponi
694 282 780 319 Lete
797 309 803 318 .
827 274 957 315 Latini
968 283 1119 325 pai-ens
1139 271 1350 321 sermonis,

1186 178 1530 256 ιεΑΝυιᾸ

1426 275 1590 310 exstant
1611 271 1649 309 in
1680 271 1840 312 Gruteri
1878 273 2030 312 deliciis
2061 276 2271 317 Poetarum
2301 278 2398 319 Ger-

390 346 639 399 Ilcipuble'cae
662 337 898 381 Licteruriae
922 338 1028 373 tutor
1065 333 1270 381 maaeime,
1296 332 1352 372 acl
1427 335 1673 373 manicorum
1697 338 1810 385 parte
1840 335 1891 384 ΙΙ)
1926 345 2013 386 pag,
2034 336 2085 376 72
2107 348 2192 389 seq,
2230 340 2396 382 Liminis

391 407 587 460 Campani
605 403 772 456 (floriani
790 432 799 448 ,
822 402 859 437 et
880 407 988 435 meae
1012 396 1053 434 in
1076 399 1111 434 ie
1134 394 1350 435 devotionis

391 468 649 520 testimosge'um
669 497 676 505 .
697 462 824 503 votive
847 458 992 498 dicavi.

444 533 502 580 ,623
520 527 694 579 Epistola
720 524 766 563 ad
790 525 827 562 P.
861 524 1042 567 Laetum,
1073 531 1155 558 non-
1176 530 1272 559 vero
1296 519 1345 558 ad

387 591 664 641 Antiquarium
695 590 755 625 est
774 598 783 634 ·,
803 585 896 623 etin
930 582 1023 622 edit.
1055 582 1229 621 Romana
1254 591 1345 620 esse

385 653 561 703 negando
585 654 623 688 ct
648 649 711 687 hic
729 648 995 686 hallucinatur
1010 643 1251 692 Fabricius.)

435 717 493 758 2>ss
525 710 721 763 Campani
733 708 966 760 Eleyiarum
983 706 1347 758 Epi'yrammatum-

382 789 454 830 qne
478 775 573 815 libri
610 773 714 814 VIII.
738 773 891 823 Lipsiae
929 771 1050 808 etiam
1084 769 1214 808 recusi
1251 778 1345 807 cum

381 840 581 892 Epistolis.

433 900 649 950 Subjicitur
672 908 831 937 carmen
851 894 1092 946 sapphicum
1114 892 1160 932 de
1178 892 1345 931 miseria

381 966 618 1011 Poetarum,
647 959 750 1011 quod
790 962 924 997 exstat
961 958 1082 996 etiam
1119 957 1157 994 in
1195 954 1344 994 laudati

378 1026 571 1065 Menkenii
596 1023 786 1063 analectis
805 1021 855 1060 de
893 1019 1124 1059 infelicitate
1151 1017 1345 1056 litterato-

380 1100 467 1128 rum
490 1099 573 1138 pag.
602 1087 688 1124 480.

431 1150 648 1189 Consulere
673 1157 787 1197 porro
807 1145 855 1183 de
876 1144 949 1183 hoc
969 1142 1344 1194 Campanojuvavit

378 1211 623 1252 Leonardum
650 1208 908 1248 Nicodemum
933 1207 971 1244 in
1001 1204 1270 1244 additionibus
1293 1203 1342 1241 ad

377 1275 471 1314 Bibl.
493 1273 788 1323 ¹Neapolitanam
805 1269 925 1308 Nicol.
941 1269 1063 1319 Toppi
1082 1278 1168 1318 pag.
1193 1266 1240 1304 46
1257 1277 1340 1316 seq.

377 1337 491 1376 Baelii
510 1336 695 1379 Lexicon,
712 1333 915 1372 Nisseroni
935 1331 1147 1369 memorias
1163 1329 1339 1366 virorum

374 1398 620 1438 cruditorum
646 1396 795 1435 Gallice
816 1393 944 1432 editas
981 1397 1075 1430 tom.
1103 1391 1163 1437 11,
1187 1401 1213 1440 p
1247 1390 1337 1428 268.

375 1452 1339 1505 NicolaumComnrnumPapadopoliinGymnasii

377 1524 550 1561 Patavini
581 1521 743 1559 historia
763 1523 858 1556 tom.
884 1518 943 1565 11,
964 1527 1049 1566 pag.
1077 1514 1166 1554 474.
1202 1515 1337 1563 Augu-

371 1586 519 1622 stinnm
545 1583 757 1622 Oldoinum
782 1580 831 1619 de
852 1578 1112 1629 scriptoribus
1133 1577 1335 1615 Perusinis

373 1658 455 1696 pag.
481 1647 531 1684 23
553 1657 634 1695 seq.
660 1649 687 1681 t.
719 1644 745 1682 I.

428 1707 497 1755 (63
522 1708 573 1746 Et
596 1705 738 1756 praecl.
757 1716 819 1756 op.
837 1701 1129 1743 Dissertazionz'
1149 1699 1335 1740 Vossz'ane

374 1769 446 1820 Ap.
474 1768 603 1816 Zeni.)

417 1827 617 1880 Epistulae
645 1828 693 1866 ad
732 1827 981 1867 Cardinalem
1018 1826 1253 1874 Papiensem
1282 1835 1331 1862 ex

366 1893 544 1929 (Iomitiis
570 1889 926 1929 Ratislmnensibus
950 1888 1010 1926 An
1051 1886 1144 1926 4474
1174 1887 1214 1924 in
1243 1886 1335 1924 Fre-

367 1953 447 1991 lieri
474 1957 581 1991 tomo
606 1951 781 1992 secundo
808 1953 1045 2000 scriptorum
1079 1949 1334 1989 Germanico-

369 2026 454 2052 rum
475 2019 515 2052 et
539 2013 715 2052 Goldasti
739 2013 910 2051 Politicis
935 2010 1222 2062 Imperialibus.

417 2076 472 2114 De
494 2077 574 2113 vita
596 2075 977 2113 FridericiComitis
993 2078 1033 2111 et
1053 2076 1190 2122 postea
1211 2071 1331 2109 Ducis

369 2133 596 2173 I'rbinensis
620 2135 710 2173 vide
734 2136 909 2173 Diarium
929 2134 1176 2173 eruditorum
1195 2131 1328 2170 ltaliae

364 2203 470 2235 tomo
487 2198 577 2241 xli.
599 2209 685 2247 pag.
705 2198 793 2235 3‘1-0.
818 2197 914 2234 Huic
937 2194 1120 2233 Urbinati
1137 2192 1328 2232 historiae

366 2270 619 2308 supremam,
644 2264 859 2309 antequam
889 2257 1040 2303 obiret,
1067 2267 1229 2295 manum
1256 2256 1328 2292 im-

366 2322 561 2369 posuisse,
586 2331 635 2359 ex
656 2319 844 2359 Michaelc
869 2321 994 2358 Ferno
1011 2317 1093 2368 jam
1123 2317 1327 2357 Gesnerus

363 2383 582 2419 annotavit.

424 2445 442 2463 ³*
464 2443 506 2481 ln
531 2443 767 2482 conferenda
791 2443 884 2481 edit.
908 2444 1081 2482 Romana
1096 2442 1193 2493 Opp.
1213 2443 1329 2481 Cain-

366 2505 454 2554 pani
486 2515 578 2542 cum
615 2505 737 2543 altera
776 2506 924 2544 Veneta
963 2509 1075 2544 notat
1113 2505 1150 2542 in
1176 2504 1327 2542 Veneta

368 2577 442 2603 non
482 2567 574 2605 item
601 2568 638 2604 in
665 2568 839 2606 Romana
877 2567 949 2617 legi
987 2566 1205 2617 Epistolam
1243 2566 1325 2604 Jac.

365 2628 584 2678 Antiquarii
619 2628 670 2668 ad
709 2631 894 2669 Fcrnum.
921 2630 1168 2669 oscitantius
1191 2632 1325 2667 tamen

369 2690 615 2729 collationem
630 2693 745 2730 istam
764 2693 986 2731 instituisse
1001 2692 1201 2730 Fabricius
1216 2701 1330 2740 opor-

370 2755 423 2787 tet
443 2763 451 2798 3
477 2763 565 2790 nam
585 2751 678 2791 haec
697 2754 779 2804 ipsa
803 2753 1026 2803 Antiquarii
1047 2754 1171 2803 Epist.
1199 2754 1236 2790 in
1254 2754 1327 2791 Ro—

365 2823 477 2851 mana
497 2815 641 2863 pariter
658 2826 733 2853 non
751 2826 869 2854 secus
885 2827 930 2854 ac
948 2817 983 2853 in
1003 2816 1151 2854 Veneta
1170 2815 1326 2865 legitur.

415 2874 474 2912 Ab
503 2874 575 2913 hoc
611 2876 813 2926 Campano
847 2876 1116 2927 distinguendi
1146 2876 1326 2926 juniores

366 2940 469 2983 tres,
495 2938 545 2984 α)
568 2936 827 2977 JOHANNES
847 2938 1046 2977 CAMPAN
1057 2939 1116 2977 US
1134 2938 1322 2986 Medicus,

363 2994 410 3031 de
434 3007 510 3045 quo
535 2998 711 3037 familiari
733 3009 805 3038 suo
828 3000 1001 3038 loannes
1022 3001 1172 3038 Pierius
1213 3000 1327 3039 Valc-

365 3056 495 3095 rianus
529 3058 577 3097 de
606 3060 870 3100 litteratorum
897 3062 1123 3100 infelicitate
1148 3062 1211 3101 lib.
1239 3064 1252 3101 4
1285 3074 1322 3113 p.

364 3118 450 3154 299.
472 3119 527 3166 β]
552 3122 597 3159 Μ.
619 3121 844 3162 JOANNE'S
875 3123 1074 3163 CAMPAN
1085 3124 1144 3164 US
1165 3124 1323 3162 Voidni-

365 3177 655 3226 ‹·i·‘1nus,l¹ol÷ta
673 3183 789 3233 cujus
804 3187 978 3223 carmina
996 3185 1093 3233 duo,
1118 3185 1319 3224 heroicum

365 3237 548 3288 ‘'lssf'fflfflv
569 3244 735 3285 alterum
761 3247 978 3297 elegiacum
999 3246 1045 3286 (lc
1067 3246 1320 3299 Principibus

371 3297 539 3337 ’ῘἸΙΓΓῘΓῘΧ
561 3304 607 3339 'ab
635 3307 872 3346 (lllfvlnulllls)
897 3309 941 3346 ad
970 3310 1235 3349 Malionictum
1268 3311 1319 3349 111

1424 395 1642 436 encomium
1657 400 1697 435 et
1714 397 1872 447 Prayae
1887 395 2002 436 urbis
2018 401 2195 439 carmine
2211 402 2396 455 elegiam,

1423 469 1473 497 cx
1502 458 1674 498 editione
1697 457 1744 497 A.
1773 459 1875 498 4645
1895 470 2083 498 recusum
2109 461 2148 499 in
2172 463 2395 513 amphitea-

1422 525 1482 559 tro
1506 522 1724 571 sapientiae
1747 521 2000 560 Dornaviano
2021 526 2115 561 tom.
2144 524 2184 572 1,
2207 535 2293 576 pag.
2317 525 2395 565 657

1420 587 1462 622 ct
1495 582 1688 623 Czecliz‘as
1713 583 1762 622 de
1787 583 1966 622 Ducibus
1994 583 2250 635 Regibusque
2270 587 2397 627 Bohe-

1419 646 1521 685 miae
1544 645 1687 684 Gorlic.
1715 646 1844 695 4653,
1871 646 1907 684 8.
1931 646 1985 695 γ)
2007 645 2238 687 JOANNES
2273 648 2397 689 CAM-

1419 708 1582 747 PANUS
1604 710 1706 746 inter
1725 708 2076 747 Anti-Trinitarios
2109 719 2132 747 a
2164 710 2310 750 Sandio
2334 724 2395 751 re-

1420 770 1551 817 latus,
1573 771 1640 820 qui
1660 772 1702 809 B.
1734 770 1898 809 Lutheri
1935 771 2010 809 fuit
2035 771 2299 822 temporibus.
2336 775 2393 813 De

1420 831 1492 870 hoc
1522 842 1649 882 pauca
1672 831 1869 881 quaedam
1910 831 1992 870 dixi
2021 832 2059 870 in
2084 832 2295 873 Centifolio
2319 836 2395 874 Lu-

1418 894 1585 932 therano
1621 904 1707 944 pag.
1745 893 1834 932 739.
1861 893 1958 932 Vide
1983 895 2040 931 sis
2061 895 2181 932 etiam
2207 906 2293 946 pag.
2314 895 2384 947 724

1417 961 1457 994 et
1477 957 1520 995 D.
1542 956 1711 995 Gustav.
1730 956 1944 1006 Georgium
1962 956 2191 995 Zeltnerum
2210 957 2247 995 in
2266 955 2391 997 histo-

1418 1019 1473 1057 ria
1498 1017 1945 1069 Crypto-Socinianismi
1963 1016 2174 1055 Altdorfiui
2190 1028 2278 1070 pag.
2300 1019 2390 1060 350.

1419 1081 1495 1119 Sed
1521 1080 1750 1130 diligentius
1774 1078 1823 1117 de
1848 1079 1921 1118 hoc
1945 1080 2014 1119 Vir
2036 1079 2295 1121 Clarissimus
2324 1081 2391 1121 Jo-

1417 1155 1543 1182 annes
1559 1142 1752 1194 Georgius
1769 1141 2057 1181 schelhornius
2077 1142 2116 1180 in
2133 1145 2240 1182 tomo
2261 1143 2389 1184 unde-

1416 1207 1518 1243 cimo
1542 1206 1672 1256 operis
1690 1202 1796 1255 quod
1819 1215 1896 1242 non
1918 1205 2004 1243 sine
2028 1204 2180 1244 ratione
2201 1203 2389 1245 Amoeni,

1418 1271 1545 1306 tatum
1576 1267 1814 1306 litterarium
1852 1265 1969 1305 titulo
1995 1266 2223 1317 inscripsit,
2248 1269 2386 1307 statim

1416 1330 1453 1366 in
1479 1329 1626 1368 limine.

1468 1391 1611 1430 Petrus
1633 1389 1679 1429 de
1699 1389 1908 1440 CANDIA‚
1925 1401 2047 1441 supra
2067 1388 2385 1432 ALEXANDER

1413 1453 1456 1492 V.
1482 1454 1585 1504 Papa
1608 1450 1695 1504 pag'.
1723 1454 1786 1492 56.
2265 1462 2272 1466 ·

1465 1514 1719 1556 CANDIDUS
1754 1514 1930 1554 Arianus
1969 1515 2075 1554 circa
2109 1513 2274 1554 Annum
2304 1517 2381 1555 364

1409 1578 1478 1616 soli
1506 1578 1672 1616 fortasse
1696 1581 1940 1616 memoratus
1964 1576 2222 1627 Philostorgio
2239 1578 2379 1627 a)V111

1409 1640 1432 1678 2
1455 1640 1476 1677 4
1501 1639 1525 1677 6
1548 1638 1572 1677 7
1596 1643 1636 1678 et
1657 1640 1710 1678 IX
1733 1640 1766 1678 4.
1792 1638 1892 1688 Ejus
1922 1636 2024 1677 liber
2042 1637 2089 1677 de
2119 1643 2377 1690 yeneratione

1406 1700 1554 1740 Divina
1572 1713 1663 1740 cum
1686 1701 1868 1739 Rhetoris
1894 1701 2082 1740 Victorini
2121 1701 2206 1740 Afri
2241 1703 2381 1742 confu-

1407 1764 1580 1810 tatione,
1605 1764 1777 1802 occurrit
1815 1761 2056 1812 subjunctus
2078 1763 2156 1802 MS.
2192 1764 2231 1801 in
2255 1765 2380 1803 variis

1400 1824 1685 1879 'Bibliothecis,
1710 1830 1753 1863 ut
1790 1824 1896 1875 apud
1922 1823 2147 1864 Sanderum
2180 1836 2267 1876 pag.
2300 1826 2376 1865 440

1406 1886 1550 1937 prodiit
1579 1888 1615 1924 in
1642 1888 1782 1926 Berna.
1809 1886 1972 1938 Ziegleri
2004 1881 2312 1928 Commentariis
2336 1889 2376 1927 in

1407 1949 1583 1988 Genesin
1616 1949 1735 1988 Basil.
1767 1949 1871 1989 4548
1906 1949 1969 1988 sol.
1996 1953 2037 1988 et
2070 1960 2164 1990 cum
2195 1950 2375 2001 reliquiis

1405 2011 1594 2050 Victorini
1624 2011 1674 2050 ab
1714 2010 1898 2050 Andreae
1936 2012 2078 2051 Rivino
2111 2011 2230 2051 editis
2268 2014 2372 2065 Lips.

1407 2076 1421 2113 4
1433 2074 1526 2118 662,
1545 2072 1845 2124 8Epistolaqua
1862 2085 1960 2112 ansa
1981 2075 2180 2113 Victorino
2200 2075 2378 2125 scriben7

1404 2137 1545 2175 dorum
1564 2140 1703 2175 contra
1737 2135 1904 2174 Arianos
1948 2135 2136 2175 librorum
2157 2136 2248 2176 data
2275 2137 2373 2189 suit,

1403 2197 1513 2236 libris
1537 2197 1646 2236 hisce
1670 2198 1893 2247 praemissa
1923 2197 2068 2248 legitur
2103 2199 2140 2236 in
2175 2199 2272 2237 Bibl.
2304 2202 2375 2240 Pa-

1403 2264 1508 2299 trum
1533 2263 1573 2297 et
1591 2258 1799 2298 haeresiol.
1819 2259 1972 2298 Heroldi
1995 2270 2082 2310 pag.
2102 2259 2190 2300 474.
2206 2260 2371 2312 Fraqm.

1401 2319 1604 2372 Epistolae
1622 2320 1786 2360 Candidi
1805 2319 1852 2359 ad
1867 2320 2110 2360 Victorinum
2131 2332 2224 2360 cum
2243 2321 2374 2362 Victo-

1403 2384 1475 2420 rini
1491 2383 1746 2434 responsione
1767 2383 1804 2420 in
1825 2382 2034 2421 Mabillonii
2050 2382 2254 2422 Analectis
2274 2388 2370 2424 tom.

1401 2449 1542 2494 quarto
1560 2456 1645 2496 pag.
1665 2445 1740 2484 455
1765 2444 1949 2484 editionis
1967 2456 2094 2485 novae
2112 2456 2198 2496 pag.
2216 2446 2258 2485 24
2284 2457 2368 2497 seq.

1454 2508 1607 2546 Diversi
1629 2506 1678 2546 ab
1700 2505 1774 2545 hoc
1799 2505 2004 2546 Candidus
2024 2507 2146 2547 Abbir
2164 2508 2372 2547 Germani-

1401 2570 1540 2609 cianus
1564 2571 1601 2607 in
1620 2560 1802 2608 Africano
1823 2569 1997 2608 Concilio
2018 2569 2092 2609 An.
2112 2571 2189 2610 449
2205 2575 2245 2610 et
2263 2571 2368 2612 Can-

1401 2630 1518 2670 didus
1534 2632 1828 2681 villaregiensis
1843 2631 1947 2682 apud
1957 2631 2243 2683 Augustinum.
2264 2633 2369 2673 Can-

1401 2693 1486 2732 didi
1506 2693 1718 2744 cujusdam
1743 2692 1848 2732 dicta
1880 2693 1927 2733 de
1963 2693 2134 2746 imayine
2157 2694 2300 2735 Mundi
2325 2697 2365 2735 in

1401 2756 1641 2795 Bibliotheca
1651 2756 1989 2807 Sangermanensi
2006 2756 2158 2796 evolvit
2173 2756 2361 2808 GangiuS,

1401 2818 1495 2857 Cod.
1518 2819 1606 2858 561.

1454 2880 1706 2920 CANDIDUS
1734 2880 1945 2921 Fuldensis
1962 2909 1972 2930 ,
1992 2882 2161 2932 scriptor
2196 2882 2302 2921 vitae
2326 2882 2367 2922 S.

1400 2942 1558 2991 AEgilis,
1585 2944 1622 2981 in
1651 2943 1957 2993 antiquitatibus
1985 2944 2163 2982 Broweri
2196 2943 2367 2983 Fulden-

1399 3002 1589 3043 densibus
1612 3006 1732 3043 etiam
1756 3004 1908 3052 obviae,
1923 3003 2141 3044 Monachus
2163 3005 2268 3044 circa
2282 3004 2365 3044 An-

1400 3076 1495 3104 num
1540 3066 1617 3106 822
1651 3066 1888 3105 Germanico
1927 3067 2087 3104 nomine
2127 3066 2284 3115 BRUN,
2313 3065 2364 3106 de

1398 3138 1476 3177 quo
1507 3138 1627 3178 supra
1648 3139 1734 3178 pag.
1753 3127 1844 3166 269.
1884 3127 2079 3166 Diversus
2101 3127 2151 3166 ab
2173 3137 2220 3166 eo
2246 3127 2368 3168 CAN-

1395 3190 1546 3229 DIDUS
1569 3191 1784 3228 Britannus
1812 3188 2047 3238 Presbyter,
2070 3189 2135 3228 cui
2168 3186 2363 3230 Alcuinus

1398 3252 1586 3291 nonnulla
1622 3251 1770 3290 dicavit.
1805 3252 1909 3290 circa
1947 3249 2021 3290 A‘n.
2061 3249 2151 3290 790.
2198 3251 2255 3291 Do
2288 3251 2363 3292 hoc

1396 3313 1551 3353 l'itscus
1575 3325 1661 3365 pag.
1684 3313 1760 3353 828
1787 3324 1868 3362 seq.
