2500 3841
865 198 1442 243 BONAVENTURA

153 277 461 328 Introductorii,·
476 277 533 316 De
547 274 734 330 patribus
754 273 893 314 domus
907 274 1118 327 reliqiosae

152 343 362 395 dialoqum.
401 339 567 380 Librum
606 338 652 377 de
687 336 1033 378 Consideratione:
1071 336 1118 375 (le

151 405 350 445 Divisione
386 414 527 442 rerum
570 400 779 449 Universi,
818 399 1034 451 Epistolam
1065 400 1120 439 ad

151 465 379 507 Miclzaelem
394 465 682 515 Imperatorem
700 462 964 511 Graecorum,
981 473 1119 501 secun-

153 529 244 569 dam
262 527 317 566 acl
337 538 454 566 suam
469 537 671 575 sororem,
689 524 847 563 tertiam
865 523 920 563 acl
940 535 1118 563 sororem

153 594 314 631 sanctae
335 588 494 630 Clarae.
519 589 620 626 Item
645 598 747 638 quae
778 586 977 631 diximus,
1006 587 1118 626 Com-

153 651 353 692 mentaria
376 650 417 688 in
436 648 627 697 Cantica,
645 652 684 687 et
704 648 746 687 in
765 647 794 687 A
797 647 1055 700 pocalypsim.
1071 651 1117 688 In

152 713 391 754 Bibliotheca
412 712 640 751 Florentina
662 713 824 750 Patrum
861 711 1118 750 Conventua-

154 777 251 817 lium
264 776 432 815 habetur
447 773 535 825 ejus
551 772 863 824 opusculum,cle
881 773 981 812 Ortu
993 772 1118 811 scien-

155 842 315 878 harum.
336 836 590 876 ToletiAnno
607 836 709 876 4525
729 840 770 874 et
792 836 880 875 alibi
902 847 979 874 non
992 835 1117 874 semel

152 901 296 954 prodiit
319 901 394 940 sub
418 899 506 950 ejus
529 900 688 938 nomine
717 899 956 949 opusculum
980 898 1120 936 inscri-

153 969 283 1016 ptum,
293 963 486 1002 Doctrina
496 961 650 1009 Cordis,
661 962 869 1012 llispanice
877 960 1117 999 traductum.

209 1027 412 1066 Johannes
430 1025 576 1064 Rioche
596 1026 769 1064 affirmat
796 1023 884 1073 ejus
906 1032 1006 1072 opus
1028 1031 1118 1059 esse

154 1101 313 1141 prosam
337 1089 457 1137 illam,
478 1099 552 1127 seu
575 1090 748 1126 metrum
764 1083 904 1125 Lauda
922 1083 1017 1123 Sion
1031 1081 1120 1122 Sal-

158 1155 358 1201 valorem,
381 1150 487 1201 quod
512 1151 549 1188 in
579 1151 698 1188 Missa
735 1147 997 1186 solemnitatis
1025 1145 1122 1184 Cor-

155 1215 263 1264 poris
287 1213 434 1253 Christi
456 1213 647 1251 recitatur
662 1223 672 1259 3
688 1210 804 1260 idque
825 1210 955 1259 ipsum
977 1207 1121 1246 asserit

153 1276 323 1315 Pisanus
355 1276 394 1313 in
418 1286 490 1314 suo
531 1273 715 1324 Catalogo
752 1282 872 1322 supra
908 1270 1055 1317 relato,
1081 1272 1121 1306 et

160 1338 323 1388 quidem
343 1337 494 1376 redolet
514 1336 665 1386 stylum
684 1337 746 1384 ,et
766 1332 994 1371 facilitatem
1014 1330 1122 1380 Rhy-

156 1399 361 1438 thmorum
390 1400 718 1443 Bonaventurae,
743 1395 783 1433 in
806 1405 975 1444 quorum
1005 1394 1120 1431 suavi

156 1466 354 1500 concentu
384 1464 469 1499 erat
500 1459 765 1498 felicissimus.
803 1456 906 1502 Quid
938 1457 971 1494 si
995 1459 1120 1493 totam

159 1524 321 1562 Missam
349 1522 413 1560 ille
437 1521 729 1571 composuerit,
754 1524 794 1558 et
818 1522 984 1558 sanctus
1018 1518 1121 1556 Tho-

157 1595 246 1624 mas
268 1583 449 1634 Aquinas
472 1583 656 1622 Officium
672 1581 692 1620 ’ἲ
712 1584 858 1621 Jussus
881 1582 988 1620 enim
1015 1585 1121 1619 uter-

155 1658 234 1697 que
253 1657 325 1697 per
347 1645 551 1685 Urbanum
575 1645 769 1691 Quartum
795 1643 833 1682 id
856 1643 1040 1683 Officium
1061 1654 1122 1680 01·—

155 1708 316 1758 dinare,
339 1707 435 1758 quid
473 1708 506 1746 si
544 1712 753 1758 acceptum
792 1707 910 1745 fuerit
947 1706 1120 1744 Thomae

155 1769 360 1818 Officium,
398 1773 590 1819 grataque
630 1769 750 1807 Missa
783 1764 1123 1807 Bonaventurae?

155 1830 385 1882 Alphonsus
426 1831 689 1876 Ciccarellus‚
733 1831 900 1880 insignis
933 1829 1123 1867 confictor

157 1893 366 1942 librorum,
399 1894 469 1943 qui
509 1892 584 1931 sub
624 1892 811 1942 Gregorio
850 1891 1122 1930 decimotertio

155 1956 398 2006 perniciosas
414 1956 668 2005 imposturas,
679 1958 719 1992 et
741 1953 980 1992 fraudesluit
997 1963 1123 2004 poena

155 2017 338 2068 capitali·⁷
363 2016 461 2055 haec
483 2017 677 2055 tribuerat
700 2018 1004 2055 Bonaventurae
1027 2026 1125 2065 opu-

157 2079 284 2128 scula3
303 2078 374 2118 sed
390 2090 485 2117 vere
504 2077 763 2129 Apocrypha,
779 2084 819 2115 et
844 2079 988 2128 spuria.
1011 2076 1122 2126 Opus

157 2141 398 2189 intulatum,
419 2139 513 2179 Flos
547 2139 725 2178 Florum.
761 2139 942 2178 Alterum
979 2137 1122 2177 Lilium

159 2201 436 2254 Orzyinalz'um.
472 2204 648 2241 Tertium
669 2232 676 2250 ,
701 2201 748 2240 cle
766 2201 905 2253 poenis
944 2200 1121 2253 Inferni,

157 2268 196 2304 et
203 2264 336 2316 qloria
351 2264 546 2304 Paradisi
558 2264 609 2303 At
628 2277 722 2304 vero
733 2266 905 2315 genuina
921 2265 1007 2303 eius
1027 2275 1124 2315 opu-

158 2327 269 2366 scula
305 2327 354 2366 ad
389 2331 616 2366 tercentum
654 2328 887 2378 pervenisse
911 2330 1122 2375 asserunt,

155 2390 353 2428 Marianus
372 2389 642 2436 Florentinus3
668 2388 913 2427 Octavianus
942 2400 964 2427 a
993 2390 1125 2428 Marti-

164 2452 226 2488 nis
250 2451 546 2501 SinvessanuS,
573 2450 801 2501 Stephanus
825 2451 1017 2497 Brulifer,
1045 2452 1126 2489 Fir-

161 2516 365 2551 mamenta
384 2514 507 2551 trium
522 2513 738 2562 Ordinum,
755 2514 898 2551 Petrus
913 2512 1125 2551 Galesinus

157 2576 197 2610 et
219 2572 295 2610 alii.
319 2573 427 2610 Haec
454 2572 713 2624 Waddinyus.

184 2632 205 2656 *
219 2634 472 2673 Praeteriisse
488 2636 639 2685 pigeret
650 2636 790 2674 miram
810 2637 981 2674 nominis
996 2640 1126 2674 trans-

160 2695 1126 2748 formationem,quadeformaturscriptorishuius

168 2768 311 2796 nomen
338 2759 377 2795 in
403 2758 496 2796 Cod.
518 2759 595 2797 MS.
618 2759 713 2797 Bibl.
741 2759 1124 2806 Faesulanae,cuius

157 2817 342 2857 Biblioth.
367 2829 565 2858 summam
603 2831 730 2870 nuper
752 2819 990 2858 Florentinis
1019 2822 1126 2871 typis

164 2881 374 2931 evulgavit
392 2883 454 2920 vir
473 2881 615 2921 doctus
637 2883 675 2920 P.
692 2881 888 2920 Antonius
902 2881 1127 2921 Pallavicini

159 2944 254 2984 Can.
277 2945 370 2995 Reg.
395 2955 564 2994 eamque
581 2943 627 2982 ad
651 2955 726 2992 me,
747 2954 824 2992 qua
855 2947 917 2981 est
947 2943 1128 2982 leumani-

158 3010 262 3054 tate‚
295 3007 530 3045 transmisit.
548 3007 608 3044 En
629 3006 733 3044 illam
753 3019 759 3043 :
778 3004 971 3054 Mas-(sistri
995 3005 1126 3044 Bomio

156 3065 345 3119 fortunae
385 3066 678 3118 breviloquium
709 3065 748 3104 in
777 3068 815 3106 S.
846 3066 1110 3117 Scripturam.

215 3129 290 3179 (44
326 3130 416 3169 Alia
441 3129 560 3168 editio
585 3129 716 3167 addita
741 3129 833 3168 Tab.
859 3128 999 3179 prodiit
1025 3129 1126 3179 Luy-

161 3189 261 3229 duni
284 3191 400 3230 4667.
427 3192 490 3230 811.
517 3191 595 3229 vol.
621 3191 719 3229 Vlll.
748 3191 808 3229 fol.
834 3192 1008 3241 Operum
1027 3201 1120 3242 sup-

157 3251 413 3303 plementum.
436 3266 463 3292 a
482 3254 627 3291 Franc.
651 3252 856 3293 Bcncclz'cto
874 3251 1033 3292 Bonel'li.
1057 3252 1123 3304 fol.

171 3313 352 3355 Tridenti
373 3316 490 3356 4774.
515 3316 593 3354 vol.
618 3317 681 3364 3.)

2082 201 2159 240 237

1247 272 1624 314 BONAVENTURA
1641 271 1828 322 Aesinus,
1845 269 2007 309 Ordinis
2022 271 2157 309 Minor.

1192 347 1214 374 a
1238 337 1385 387 Cangio
1410 340 1654 375 memoratur
1677 347 1726 374 ex
1740 333 1921 385 ejusdem
1945 332 2161 383 Waddingi

1190 398 1430 438 Bibliotheca
1448 400 1803 437 Franciscanorum
1827 407 1914 447 pag.
1940 396 1981 434 61
2013 396 2078 445 qui
2102 399 2160 433 ta-

1191 472 1283 499 men
1301 473 1373 500 nec
1388 461 1437 500 de
1454 465 1583 500 aetate
1603 459 1691 510 ejus
1705 459 1839 506 docet,
1856 469 1928 496 nec
1941 458 2159 507 quicquam

1191 521 1279 572 ejus
1312 527 1506 562 memorat
1542 523 1619 560 nisi
1655 522 1865 561 Sermones
1899 521 1939 558 in
1977 519 2158 570 singulas

1191 585 1295 623 Anni
1320 585 1566 630 Dominicas,
1590 585 1722 623 MStos
1746 583 1907 622 Patavii.

1243 645 1617 685 BONAYENTURA
1640 644 1874 683 Baduurius
1898 643 1945 683 de
1970 645 2156 695 Peragya,

1189 709 1430 755 Patavinus,
1451 706 1611 745 Ordinis
1629 707 1667 746 S.
1688 706 1902 757 Augustini
1921 738 1929 755 ,
1949 711 1989 744 et
2009 706 2059 745 ab
2078 707 2154 745 An.

1192 771 1294 811 4384
1323 768 1372 808 ad
1403 769 1504 808 ⁴389
1535 768 1782 815 Cardinalis,
1807 770 1869 806 cui
1900 769 1962 806 alii
2003 769 2160 807 malunt

1190 832 1363 870 tribuere
1391 829 1601 882 Speculum
1626 830 1672 868 de
1692 828 1880 868 laudibus
1909 831 1952 868 B.
1973 830 2130 869 Mariae
2148 860 2157 877 ,

1191 893 1296 945 quod
1321 894 1424 931 inter
1447 893 1487 931 S.
1511 894 1815 931 Bonaventurae
1837 890 1964 941 Opera
1986 897 2082 930 tom.
2108 893 2158 931 VI

1192 957 1351 1007 legitur,
1368 959 1413 994 ut
1433 966 1551 1006 supra
1566 965 1652 1005 pag.
1674 954 1751 992 235
1767 953 1898 992 dicere
1914 964 1976 991 me
1995 956 2159 992 memini

1191 1018 1334 1058 Eidem
1356 1016 1632 1057 Meditatz'ones
1651 1015 1698 1054 de
1718 1015 1804 1055 Vita
1826 1015 2043 1055 CHRISTI
2058 1020 2098 1053 et
2122 1015 2161 1054 in

1194 1079 1316 1119 libros
1326 1078 1622 1120 Sententiarum
1639 1082 1760 1117 tomos
1780 1081 1954 1129 quatuor
1970 1077 2089 1115 tribui
2103 1079 2162 1115 vi-

1193 1144 1266 1183 deo
1286 1155 1308 1182 a
1327 1143 1474 1182 Ilolano
1498 1141 1603 1192 apud
1628 1138 1818 1180 Mira'eum
1844 1141 1882 1178 in
1913 1139 2088 1178 auctario
2112 1138 2161 1177 de

1196 1208 1234 1246 S.
1255 1208 1300 1246 F..
1325 1206 1388 1244 81.
1414 1209 1453 1243 et
1473 1216 1494 1244 a
1519 1204 1696 1255 Philippo
1711 1204 1842 1242 Elssio
1865 1214 1941 1253 pag
1976 1202 2162 1241 [131.Εο-

1195 1268 1410 1306 comiastici
1434 1266 1715 1317 Augustiniani
1733 1279 1740 1303 :
1756 1263 2162 1316 Breviloquiumquo-

1195 1341 1273 1381 que
1291 1361 1300 1380 ,
1316 1329 1461 1380 quibus
1485 1329 1613 1368 titulis
1630 1328 1765 1366 itidem
1791 1329 1894 1366 inter
1907 1329 2162 1365 Bonaventu-

1194 1404 1260 1431 rae
1283 1403 1401 1442 opera
1422 1392 1622 1442 leguntur.
1649 1390 1709 1430 Ab
1735 1391 1808 1429 hoc
1832 1389 2025 1428 Baduario
2049 1399 2163 1439 prac-

1191 1460 1254 1493 ter
1277 1466 1362 1493 rem
1390 1454 1650 1504 distinguitur
1682 1453 1786 1504 apud
1816 1453 2013 1502 Cangium
2036 1453 2162 1489 Bona-

1192 1518 1363 1555 ventu'ra
1373 1518 1588 1555 Patavinus
1599 1516 1917 1565 Augustinianus
1937 1514 2161 1563 Theologus

1195 1579 1415 1619 Cardinalis
1437 1578 1482 1616 A.
1505 1579 1621 1617 4320.
1644 1577 1753 1616 ldem
1778 1579 1885 1616 enim
1905 1582 1982 1626 est,
2005 1577 2071 1626 qui
2089 1587 2160 1626 per

1195 1642 1655 1679 immissumaPatavino
1667 1638 2163 1689 regulosicarium,sagitta

1195 1703 1378 1742 confixus
1397 1705 1543 1742 Romae
1567 1703 1612 1742 A.
1646 1704 1747 1742 «1389
1773 1701 1971 1740 occubuit.
1998 1699 2094 1738 Vide
2118 1700 2163 1737 Y.

1197 1766 1240 1804 C.
1264 1767 1321 1803 Jo.
1345 1767 1441 1804 Dav.
1466 1766 1620 1804 Koeleri
1647 1764 1905 1804 Scliediasma
1923 1763 2165 1802 Historicum

1197 1826 1246 1865 de
1269 1828 1521 1866 Numismate
1541 1827 1675 1865 Jacobi
1698 1826 1870 1865 Grandis
1886 1825 1936 1864 de
1959 1825 2164 1869 Carraria,

1196 1890 1352 1927 Domini
1388 1890 1561 1937 Patavii,
1595 1889 1747 1928 editum
1777 1887 1916 1926 Altorf.
1964 1886 2067 1926 4717
2098 1882 2164 1924 4.‘⁰

1198 1952 1441 1991 Trithemius
1471 1963 1554 2003 cap.
1587 1952 1663 1990 564
1694 1951 1801 1989 hunc
1834 1951 2160 1988 Bonaventuram

1198 2014 1390 2053 libertatis
1414 2015 1619 2052 Ecclesiae
1655 2013 1905 2051 defensorem
1928 2013 2165 2050 acerrimum

1196 2080 1236 2113 et
1263 2077 1479 2126 Martyrem
1517 2076 1715 2123 celebrat,
1746 2087 1796 2113 ex
1841 2075 2000 2124 scriptis
2028 2078 2164 2124 autem

1196 2139 1283 2175 eius
1307 2138 1416 2176 nulla
1434 2138 1509 2176 alia
1537 2140 1824 2176 commemorat
1853 2137 1928 2173 nisi
1953 2136 2165 2174 Sermones

1197 2197 1244 2237 cle
1268 2202 1440 2250 tempore
1471 2198 1577 2237 etde
1607 2198 1777 2238 Sanctis.
1803 2199 1872 2236 llis
1900 2198 2058 2236 Elssius
2087 2198 2170 2235 alii-

1197 2273 1276 2312 que
1299 2262 1508 2301 Sermones
1531 2261 1585 2300 ad
1610 2255 1773 2301 Clarum
1797 2265 1837 2299 et
1873 2259 2169 2299 Commentaria

1198 2323 1239 2361 in
1264 2324 1490 2364 Canonicas
1514 2326 1554 2363 S.
1580 2322 1722 2362 Jacobi
1743 2327 1780 2362 et
1801 2322 1991 2361 Johannis
2014 2321 2170 2372 Episto-

1202 2384 1262 2425 las
1285 2385 1511 2438 adjungunt
1531 2417 1538 2434 ,
1564 2392 1603 2426 et
1631 2385 1934 2426 Sermonarium
1958 2383 2170 2423 Scholasti-

1199 2460 1289 2486 cum
1315 2451 1350 2486 in
1372 2450 1591 2500 Evangelia
1606 2451 1730 2488 totius
1751 2449 1860 2497 anni,
1877 2453 1916 2486 et
1936 2447 2042 2485 Vitas
2067 2447 2168 2484 San.-

1203 2514 1356 2548 ctorum
1377 2543 1384 2561 ,
1410 2516 1450 2550 et
1478 2511 1714 2550 Tcrnarium
1738 2513 1823 2549 sive
1846 2511 1996 2548 trinum
2017 2508 2166 2545 bonum

1200 2573 1490 2612 Conscientiae.

1256 2634 1629 2673 BONAVENTL'RA
1653 2633 1897 2672 Brioee'cmus.
1918 2631 2077 2670 Ordinis
2100 2633 2169 2670 Mi-

1200 2707 1341 2734 norum
1360 2727 1367 2744 ,
1388 2695 1505 2746 cujus
1520 2694 1711 2746 Reyulam
1728 2724 1735 2742 ,
1755 2697 1840 2732 sive
1865 2694 2057 2732 Not-mam
2080 2693 2166 2731 Mu-

1201 2757 1308 2795 sicae
1332 2756 1508 2805 Planae,
1532 2769 1602 2796 seu
1626 2756 1897 2806 Gregyorianae
1921 2755 2024 2806 apud
2046 2754 2168 2794 Wad-

1201 2820 1366 2869 dingum
1392 2818 1506 2857 video
1528 2820 1750 2857 memorari.
1771 2818 1884 2869 Apud
1903 2817 2166 2857 Possevinum

1201 2892 1407 2932 perperam
1428 2892 1638 2920 excusum:
1657 2879 2036 2930 Requlamjlusicae
2047 2878 2166 2931 plane

1200 2942 1364 2993 cliyessit
1377 2974 1385 2989 ‚
1404 2954 1495 2981 nam
1513 2942 1680 2982 debebat
1702 2954 1792 2981 esse
1807 2942 1984 2982 Musicae
2003 2940 2163 2993 planae.

1256 3005 1662 3043 BONAYENTURAE
1711 3016 1730 3043 e
1769 3004 1910 3050 Gallio,
1954 3003 2078 3042 italus
2115 3016 2137 3042 e
2156 3034 2166 3047 ,

1199 3066 1421 3113 Waddinjgo
1436 3066 1540 3117 apud
1562 3068 1754 3114 Cangium
1779 3071 2024 3105 memoratus
2040 3097 2049 3114 ,
2066 3067 2163 3106 nihil

1200 3128 1304 3167 aliud
1323 3127 1370 3165 de
1385 3140 1430 3166 co
1455 3129 1649 3167 referente.
1671 3159 1678 3173 ,
1696 3140 1816 3179 quam
1841 3129 2050 3167 Tractatus
2067 3139 2164 3166 non-

1201 3190 1330 3228 nullos
1361 3192 1560 3229 variarum
1596 3202 1729 3229 rerum
1769 3191 2000 3240 reliquisse,
2031 3193 2162 3242 quiin

1203 3252 1440 3291 Bibliotheca
1459 3254 1809 3292 Franciscanorum
1825 3254 2018 3291 Bononiae
2033 3264 2164 3291 assera

1202 3319 1356 3354 vantur.
1375 3315 1453 3354 Nec
1471 3316 1581 3365 plura
1601 3316 1794 3356 licuricus
1809 3316 1997 3356 Willotus
2014 3345 2022 3365 ,
2040 3317 2161 3356 Frau-
