2500 4009
384 202 436 242 ω
838 189 841 191 ’
1136 197 1603 250 ᾼιΕΧΛΝΒΕΒ

384 274 498 323 cipue
541 272 781 312 illustratum
823 270 1119 310 commentariis
1160 271 1345 311 Andreae

389 332 620 385 Tiraquelli,
640 332 818 382 Lugduni
837 332 938 371 4586
964 332 1025 370 sol.
1043 337 1083 371 et
1097 333 1343 372 Francofurti

389 396 489 434 4594
513 395 572 433 sol.
595 394 738 443 quibus
762 393 846 432 loca
866 398 1049 433 veterum
1080 395 1342 445 Scriptorum,

386 468 434 494 ex
455 456 599 505 quibus
622 455 777 505 singula
795 453 1021 494 Alexander
1034 455 1268 507 depromsit,
1287 457 1345 494 in-

387 508 581 554 dicantur:
607 515 802 554 accedunt
826 516 975 556 scholia
991 517 1173 570 Dionysii
1205 519 1345 558 Gotho-

383 574 508 626 sredi,
532 574 810 628 Christophori
831 575 966 617 Coleri
991 582 1031 616 et
1060 578 1219 618 Nicolai
1241 581 1346 619 Mer-

386 635 488 684 ceri,
512 647 653 675 recusa
672 638 792 676 etiam
809 649 901 677 cum
925 640 1194 690 Tiraquellicis
1209 644 1246 681 in
1264 643 1345 682 edi-

385 698 491 735 tione
531 697 653 737 nitida
691 699 1289 754 Lugdunifssatavorumfist673,
1321 707 1345 743 8

386 757 542 798 duobus
569 760 857 800 Voluminibus.
888 762 1018 801 Etiam
1048 764 1194 803 Gallice
1239 767 1345 804 versi

387 818 472 858 dies
491 820 664 870 geniales
681 832 703 860 a
726 822 924 861 Bernardo
945 823 993 862 de
1017 825 1052 863 la
1075 825 1222 874 Roche,
1243 831 1346 865 teste

389 882 416 919 F
420 883 597 919 rancisco
611 883 862 922 Crucimanio
887 885 924 922 in
940 885 1180 925 Bibliotheca
1201 887 1347 926 Gallica

387 945 472 984 pag.
493 934 567 973 476
583 939 621 972 et
639 937 774 974 Latine
793 938 879 975 sine
894 940 1188 977 commentariis
1204 941 1346 979 iterum

387 994 481 1032 editi
505 996 661 1033 Parisiis
684 998 786 1035 4532
811 1002 851 1036 et
872 998 1100 1049 frequenter
1119 1004 1205 1038 tum
1227 1002 1264 1039 in
1285 1012 1349 1040 ea-

387 1054 476 1093 dem
510 1056 636 1105 Urbe,
662 1062 748 1096 tum
769 1059 979 1107 Coloniae,
1002 1060 1203 1110 Lugduni,
1228 1063 1349 1101 Fran-

387 1117 527 1155 cofurti
544 1147 553 1165 ,
577 1119 804 1159 Hannoviae
822 1149 830 1169 ,
851 1125 895 1159 ut
907 1121 955 1159 ab
979 1121 1238 1161 Ilendreichio
1260 1135 1349 1175 pag.

390 1178 465 1216 406
489 1183 551 1216 est
589 1185 848 1228 annotatum,
874 1180 945 1219 sed
969 1182 1078 1221 nulla
1101 1186 1201 1232 ssest,
1227 1195 1347 1235 quam

390 1238 453 1276 ille
479 1244 694 1289 memorat,
715 1241 833 1279 editio
864 1242 1205 1294 Norimbergensis
1232 1244 1349 1284 Anno

390 1300 504 1337 ⁴484.
525 1300 832 1341 Dissertationes
854 1314 949 1341 vero
966 1307 1144 1354 quatuor
1166 1305 1213 1345 cle
1227 1305 1349 1347 rebus

389 1358 638 1401 admirandis
661 1373 833 1402 excusae
864 1365 1010 1404 Romae
1034 1367 1120 1405 sine
1144 1369 1236 1407 anni
1257 1373 1350 1408 nota

391 1421 428 1458 in
462 1426 603 1470 quarto
633 1434 712 1461 non
750 1424 830 1464 fere
858 1425 933 1464 alia
965 1428 1196 1478 continent,
1227 1440 1348 1478 quam

305 1483 307 1488 ⁴
390 1492 491 1532 quae
515 1483 554 1520 in
577 1482 718 1522 diebus
739 1485 960 1535 genialibus
979 1488 1180 1527 succincte
1204 1491 1347 1540 scripta

390 1543 579 1594 leguntur
601 1543 648 1583 de
683 1545 868 1594 somniis,
894 1549 933 1585 et
961 1547 1008 1586 de
1043 1548 1215 1587 Iuniano
1244 1550 1349 1600 Majo

392 1605 456 1644 lib.
482 1606 510 1643 Ι.
531 1616 564 1644 c.
589 1607 644 1644 XI
664 1611 706 1645 et
728 1606 775 1646 de
796 1606 1037 1647 umbrarum
1059 1610 1201 1661 fiyuris
1231 1611 1294 1649 lib.
1318 1613 1349 1651 V

392 1676 477 1716 cap.
502 1668 646 1716 XXIII,
667 1668 764 1707 Vide
780 1669 999 1709 Leonhardi
1019 1672 1220 1711 Nicodemi
1243 1672 1353 1711 addi-

394 1732 569 1767 tamenta
591 1728 639 1768 ad
656 1729 936 1770 Bibliothecam
952 1733 1097 1771 Nicolai
1117 1735 1239 1784 Toppi
1254 1735 1355 1773 Nea-

393 1789 607 1840 politanam
630 1802 716 1842 pag.
743 1793 767 1830 5
795 1803 878 1842 seq.
899 1794 1073 1832 Diarium
1096 1795 1353 1834 Eruditorum

396 1851 530 1890 ltaliae
554 1856 647 1890 tom.
673 1854 774 1901 XX,
796 1865 882 1905 pag.
908 1854 984 1893 427
1014 1866 1097 1906 seq.
1121 1859 1216 1894 tom.
1241 1858 1354 1906 XXI,

396 1913 484 1950 369.
520 1914 640 1952 Baelii
674 1915 870 1964 Lexicon,
908 1917 1101 1955 Joannem
1135 1918 1354 1968 Baptistam

396 1975 641 2013 Recanatum
665 1976 704 2014 in
739 1977 1094 2017 Observationibus
1128 1979 1284 2018 Critieis
1306 1979 1355 2019 ad

341 2078 344 2081 Δ
397 2035 591 2085 Poggiana
598 2065 611 2084 ‚
627 2037 884 2076 Laurentium
900 2038 1196 2090 Crassumtom.
1207 2041 1234 2078 Ι.
1245 2041 1354 2092 Elog.

397 2107 485 2146 pag.
507 2096 530 2134 7
560 2096 625 2134 ubi
648 2099 767 2136 etiam
804 2100 962 2137 Iconem
991 2100 1205 2139 Alexandri
1234 2101 1356 2151 hujus

399 2167 489 2195 aere
505 2156 745 2208 descriptam
761 2160 1354 2210 reperies,JacobumGaddium

398 2217 447 2256 de
477 2218 741 2268 Scriptoribus
765 2231 840 2258 non
871 2221 1164 2261 Ecclesiasticis
1184 2228 1290 2263 tomo
1313 2226 1356 2273 I,

398 2289 485 2329 pag.
524 2279 586 2318 25.
625 2281 909 2331 Hieronymum
951 2282 1153 2323 Ghilinum
1189 2289 1296 2324 tomo
1326 2287 1354 2324 l.

399 2339 559 2379 Theatri
578 2341 833 2381 Eruditorum
857 2344 1038 2383 Virorum
1061 2356 1148 2396 pag.
1169 2347 1204 2394 6,
1226 2347 1269 2385 D.
1292 2348 1360 2385 Jo-

397 2412 542 2440 annem
564 2402 784 2442 Fabricium
813 2405 1171 2446 Helmstadiensem
1195 2408 1359 2447 Theolo-

397 2474 492 2514 gum
513 2465 554 2502 T.
580 2465 642 2503 VI.
664 2465 927 2505 Bibliothecae
955 2478 1040 2518 pag.
1062 2469 1140 2508 245
1160 2469 1223 2508 ubi
1245 2481 1357 2520 prae-

398 2530 460 2563 ter
483 2537 566 2565 rem
598 2526 824 2566 Alexander
858 2533 993 2568 noster
1021 2530 1191 2571 traditur
1233 2533 1354 2572 fuisse

398 2589 693 2628 Protonotarius
730 2591 840 2641 regni
876 2592 1139 2643 Neapolitani,
1177 2593 1216 2632 id
1247 2595 1354 2633 enim

397 2661 540 2689 verum
564 2650 613 2690 de
632 2650 798 2691 Antonio
834 2651 1095 2704 Aleaeandro,
1119 2667 1239 2707 quem
1262 2661 1355 2696 ante·

396 2713 508 2751 illum
527 2714 768 2754 Pancirollus
792 2716 852 2764 II,
877 2716 953 2756 422
981 2716 1031 2756 de
1053 2718 1170 2757 claris
1206 2719 1355 2769 Legum

398 2774 706 2825 interpretibus,
740 2788 884 2828 magna
921 2779 1092 2817 nominis
1128 2780 1354 2819 celebritate

396 2835 556 2886 Neapoli
579 2836 762 2876 docuisse
795 2843 836 2877 et
857 2844 995 2890 postea
1027 2841 1145 2890 Regio
1183 2841 1354 2880 Consilio

397 2896 833 2938 Vice—-Protonotarium
857 2901 1076 2951 praefuisse
1099 2906 1283 2942 testatur.

449 2956 762 3000 ALEXANDER
795 2961 842 3000 de
876 2960 1157 3012 Alexandria,
1194 2963 1354 3003 Ordinis

397 3020 589 3060 Minorum
613 3022 817 3062 Generalis
838 3022 912 3062 An.
939 3025 1042 3064 4343
1066 3029 1106 3064 et
1132 3025 1247 3064 4344.
1281 3027 1356 3065 Ro-

400 3092 485 3119 mae
509 3087 703 3133 mortuus,
723 3084 822 3134 Ejus
842 3091 1064 3126 memorant
1087 3087 1289 3126 Postillam
1313 3087 1354 3126 in

399 3140 583 3193 Esaiam,
600 3143 944 3197 Ecclesiasticum,
969 3148 1000 3184 T
997 3146 1128 3186 obiam
1136 3179 1148 3198 ,
1172 3148 1353 3200 Evanqe-

401 3200 497 3239 lium
511 3204 698 3246 Johannis
714 3212 753 3245 et
769 3207 966 3259 Epistolas
975 3208 1103 3248 Pauli.
1122 3210 1352 3260 Questiones

399 3262 537 3303 varias
561 3270 600 3303 et
623 3267 922 3315 Quodlibeticas.
945 3271 992 3311 In
1009 3271 1246 3323 Massistram
1265 3281 1352 3314 sen-

1417 269 1629 308 tentiarum
1649 273 1689 309 et
1712 270 1751 308 in
1771 267 1943 309 eundem
1963 278 2159 309 summam
2181 269 2379 322 quaestio-

1415 341 1511 369 num
1531 331 1845 371 Bonaventurae.
1870 332 1915 371 In
1931 329 2154 371 Aristotelis
2172 329 2378 383 Metaphy-

1415 391 1541 431 sicam
1555 423 1567 441 ,
1592 397 1633 431 et
1656 390 1779 431 libros
1797 391 1844 431 de
1866 391 2003 430 anima
2036 396 2111 431 etc.
2132 392 2230 432 Vide
2255 391 2378 432 Wad-

1415 453 1704 505 dingumpag.7
1713 452 2032 502 etAnnalesejus
2041 452 2194 493 adAn.l
2205 453 2247 493 34
2259 453 2281 492 3
2292 463 2375 503 seq.

1468 514 1781 555 ALEXANDER
1808 513 1855 553 de
1882 512 2064 562 Ancilla,
2089 513 2180 552 vide
2209 524 2303 552 mox
2329 512 2380 553 de

1416 574 1582 615 Antella.

1471 635 1784 676 ALEXANDER
1797 633 1950 685 Anytus
1966 663 1975 684 ,
1991 619 2083 674 vid‘e
2097 635 2137 674 s.
2153 632 2380 685 Amasim,

1421 695 1723 737 Cantaartensis
1736 726 1747 744 ,
1767 693 2021 735 Essebiensis
2037 725 2046 734 .
2066 694 2190 735 Hales
2207 699 2283 734 etc.

1470 757 1782 797 ALEXANDER
1807 756 1855 796 de
1885 755 2065 806 Antella‚
2094 758 2221 798 JCtus
2237 786 2246 807 ,
2265 768 2315 797 ex
2335 757 2381 796 il-

1420 819 1533 858 lustri
1557 818 1875 858 Florentinoru'm
1896 818 2042 857 familia
2061 816 2284 858 Antellensi
2301 847 2309 868 ,
2328 818 2379 862 de

1419 891 1498 931 qua
1515 880 1705 931 Ughellus
1721 884 1828 919 tomo
1843 881 1872 919 1.
1892 880 2027 919 Italiae
2043 880 2186 920 Sacrae
2198 891 2285 932 pag.
2303 881 2379 920 450

1420 942 1486 981 ubi
1510 941 1558 980 de
1596 941 1771 992 Philippo
1803 940 2050 990 Antellensi,
2073 943 2267 993 Episcopo
2294 941 2377 980 Flo-

1421 1004 1599 1053 reatino,
1620 1005 1687 1054 qui
1711 1002 1788 1042 An.
1811 1003 1906 1043 4364
1937 1003 2042 1043 diem
2061 1004 2176 1053 obiit,
2191 1007 2232 1042 et
2249 1002 2382 1042 Julius

1420 1065 1537 1115 Niger
1552 1066 1590 1104 in
1610 1067 1780 1104 Historia
1796 1065 2042 1116 Scriptorum
2061 1064 2380 1104 Florentinorum

1421 1125 1526 1165 edita
1549 1126 1683 1165 Italice
1706 1138 1793 1177 pag.
1829 1127 1892 1166 45.
1930 1126 2165 1167 Lambeeius
2187 1129 2295 1164 tomo
2321 1124 2382 1173 11,

1420 1198 1506 1237 pag.
1528 1188 1605 1227 835
1625 1188 1746 1228 refert
1770 1188 1808 1226 in
1832 1186 2075 1226 Bibliotheca
2097 1186 2291 1227 Caesarea
2313 1196 2385 1224 ex·-

1422 1252 1527 1287 stare
1541 1249 1618 1288 MS.
1633 1247 1864 1288 Aleoeandri
1876 1247 1923 1288 de
1937 1245 2094 1287 Ancilla
2108 1246 2158 1286 de
2172 1246 2382 1295 Florentia,

1421 1310 1679 1349 Decretorum
1698 1311 1877 1349 Doctoris
1907 1313 2124 1349 tractatum
2147 1307 2195 1348 de
2220 1318 2386 1360 permu-

1422 1370 1566 1410 tatione
1592 1369 1879 1422 Beneficioram
1892 1369 2281 1420 Ecclesiasticoram,
2297 1370 2385 1410 sive

1421 1433 1707 1484 Repetitionem
1729 1434 1771 1473 C.
1795 1432 1913 1472 Licet.
1954 1432 2004 1471 de
2024 1443 2161 1471 rerum
2181 1435 2385 1482 permuta-

1423 1494 1527 1532 tione
1548 1495 1585 1532 in
1611 1495 1721 1533 Sext.
1757 1493 1981 1533 absolutam
2000 1491 2076 1532 An.
2113 1492 2216 1532 4355
2247 1491 2311 1531 die
2335 1493 2378 1531 44

1422 1554 1657 1593 Novembris
1680 1555 1718 1592 in
1740 1554 1872 1594 studio
1887 1553 2083 1593 Paduano.
2112 1552 2234 1592 Addit
2248 1556 2384 1592 autem

1425 1616 1496 1654 sibi
1517 1615 1690 1655 eundem
1710 1616 1817 1656 hunc
1835 1615 1963 1655 videri
1978 1626 2071 1654 cum
2089 1612 2324 1654 Alemandro
2338 1613 2388 1654 de

1424 1676 1569 1716 Antillo
1588 1708 1596 1728 ,
1618 1689 1738 1728 quem
1760 1679 1935 1716 Joannes
1962 1676 2134 1716 Jacobus
2161 1677 2314 1716 Frisius
2342 1677 2382 1715 in

1426 1739 1666 1778 Bibliotheca
1691 1739 1906 1779 universali
1928 1739 2050 1778 refert
2077 1738 2286 1789 scripsisse
2313 1738 2390 1777 Re-

1427 1801 1658 1850 petitionem
1687 1802 1732 1842 C.
1777 1799 1887 1850 Tibi,
1925 1799 2007 1853 qui.
2035 1801 2093 1840 De
2121 1799 2315 1851 Rescript.
2345 1800 2388 1839 in

1428 1862 1562 1901 Sexto.

1482 1923 1503 1947 *
1532 1924 1769 1963 Coniectura
1791 1923 2008 1973 Lambecii,
2031 1921 2082 1962 de
2113 1933 2192 1973 qua
2224 1921 2289 1961 hic
2315 1923 2389 1962 Fa-

1428 1985 1591 2034 bricius,
1615 1985 1774 2024 veritati
1806 1985 2007 2033 congruit3
2029 1995 2122 2023 nam
2142 1984 2180 2022 in
2203 1983 2385 2022 Biblioth.

1429 2046 1552 2084 Felini
1588 2057 1626 2084 n.
1667 2046 1743 2084 309
1767 2048 1830 2084 est
1863 2045 1962 2083 liber
1994 2046 2218 2096 impressus
2235 2044 2388 2095 absque

1429 2106 1512 2145 loco
1530 2110 1571 2144 et
1598 2117 1720 2154 anno,
1746 2106 1785 2143 in
1822 2116 1900 2155 quo
1934 2105 2062 2154 legas:
2085 2103 2318 2144 Aleaeandri
2341 2103 2390 2143 de

1426 2165 1581 2205 Antella
1595 2166 1641 2205 de
1657 2165 1859 2205 Florentia
1876 2165 2023 2218 repetio
2043 2167 2084 2205 in
2099 2177 2185 2217 cap.
2208 2163 2303 2214 Tibi,
2320 2165 2395 2217 qni

1426 2228 1501 2267 Est
1523 2229 1641 2279 igitur
1661 2227 1764 2266 idem
1787 2239 1833 2267 ac
1849 2228 2101 2267 Florentinus
2119 2228 2264 2266 Doctor
2282 2228 2392 2266 eius-

1427 2288 1519 2327 dem
1550 2290 1736 2338 nominis,
1760 2289 1896 2341 quide
1916 2290 2206 2340 permutatione
2235 2287 2393 2328 Benefi-

1429 2350 1578 2388 ciorum
1603 2351 1761 2401 scripsit

1481 2411 1503 2433 *
1525 2410 1643 2451 Aliud
1666 2412 1844 2451 Doctoris
1867 2412 1987 2451 huius
2009 2422 2110 2464 opus
2132 2412 2212 2451 MS.
2252 2414 2390 2450 servat

1427 2472 1520 2512 Cod.
1559 2473 1784 2512 Felinianus
1807 2472 1846 2512 n.
1880 2473 1978 2519 223,
2002 2484 2146 2524 nempe
2173 2470 2389 2512 Alexandri

1426 2534 1475 2573 de
1489 2534 1623 2574 Antila
1641 2534 1860 2574 additiones
1878 2533 1933 2574 ad
1955 2537 2174 2574 tractatum
2189 2531 2393 2572 Friderici

1425 2597 1482 2637 De
1497 2596 1610 2637 Senis
1625 2596 1672 2635 de
1689 2607 1830 2635 rerum
1846 2595 2152 2648 permutatione.
2173 2595 2246 2646 (Ex
2261 2598 2290 2633 t.
2309 2594 2386 2642 VI.)

1480 2659 1578 2699 ALE
1586 2657 1792 2699 XANDER
1803 2655 2130 2710 Aquicinetensis,
2145 2657 2244 2696 infra
2265 2654 2295 2695 A
2304 2654 2384 2695 leat.

1426 2719 1614 2761 Atrebas.

1479 2780 1790 2822 ALEXANDER
1805 2780 1851 2820 de
1864 2779 2061 2829 Arbitris,
2077 2778 2235 2820 Ordinis
2247 2777 2383 2816 Minor.

1425 2842 1540 2893 cujus
1561 2843 1685 2882 fertur
1706 2840 1965 2880 Enchiridion
1981 2838 2280 2893 Confessorum,
2302 2837 2386 2877 edi-

1425 2909 1511 2943 tum
1529 2905 1669 2943 Venet.
1688 2902 1763 2943 An.
1790 2904 1905 2943 4522.

1478 2964 1789 3004 ALEXANDER
1800 2962 1996 3012 Ariostus,
2005 2961 2164 3002 Ordinis
2176 2961 2382 3009 Minorum,

1425 3025 1542 3077 cujus
1578 3025 1798 3074 Minorz'ca,
1823 3026 1908 3063 sive
1941 3022 2193 3063 Enchiridion
2221 3020 2270 3060 de
2301 3021 2386 3060 ani-

1426 3098 1581 3126 marum
1609 3084 1783 3124 curanda
1821 3084 1948 3123 salute
1968 3088 2007 3122 et
2030 3083 2078 3122 de
2110 3083 2383 3134 praerogativa

1424 3151 1605 3189 Fratrum
1613 3147 1804 3186 Minorum
1815 3143 1956 3196 prodiit
1966 3145 2142 3184 Venetiis
2159 3146 2227 3184 454
2239 3144 2274 3183 3.
2284 3142 2382 3183 Vide

1424 3209 1697 3250 Possevinum.

1477 3271 1497 3295 ³*
1522 3271 1578 3311 De
1601 3268 1733 3311 usuris
1756 3278 1854 3320 opus
1879 3268 2115 3319 impressum
2142 3268 2281 3307 inccrt.
2296 3266 2381 3306 loco
