2500 3841
873 193 1391 233 coiuMomANo
1468 180 1470 182 ’
2068 199 2120 238 75

107 270 276 304 Gramina,
301 274 366 303 rufi,
391 264 517 300 stellae,
541 265 661 303 pisces,
685 271 825 303 angues,
850 269 883 295 et
909 266 1044 302 arsiae,

105 321 146 349 Et
169 315 306 356 lapides,
331 316 474 350 montes,
499 312 680 350 convalles,
704 317 807 351 terra,
831 313 994 346 dracones

104 369 249 405 Linguae
272 368 394 396 cuncta
418 363 539 400 forent,
557 364 697 393 minime
720 362 916 403 deprpmere
942 367 1078 404 possent

103 418 194 453 Quae
218 415 262 445 sit
282 413 334 444 vel
356 417 483 452 quanta
506 414 607 451 Virgo
633 414 761 451 Regina
785 415 906 451 Maria,

105 467 196 502 Quae
218 468 275 494 tua
297 464 340 494 sit
364 464 470 502 pietas
494 470 555 494 nec
580 462 689 493 littera
705 486 714 500 ,
740 472 801 495 nec
824 462 918 494 dabit
942 466 1046 494 actas.

162 521 370 573 Philippus
395 521 670 560 COMINAEUS
690 521 832 559 nobilis
856 523 1076 560 Historicus

109 596 245 623 rerum
270 585 310 621 in
335 583 460 622 Gallia
485 588 691 633 gestarum
731 583 979 634 temporibus
1004 585 1080 622 Lu—

111 646 240 684 dovici
263 646 332 684 XI.
356 645 500 695 Regis,
525 645 635 683 libris
659 647 709 684 X.
734 646 782 684 ab
805 645 880 684 An.
907 646 1008 684 4464
1030 645 1079 684 ad

110 706 213 747 4483
233 712 273 746 et
296 707 345 746 de
369 707 471 745 bello
510 707 770 758 Neapolitano
794 719 866 759 per
889 708 1077 747 Carolum

108 770 210 809 VIII.
235 773 424 820 suscepto
448 769 558 807 libris
575 770 618 808 V.
640 771 729 820 Ipse
754 771 996 809 Cominaeus
1011 770 1078 819 qui

110 831 262 882 Angelo
287 831 457 880 Cattho,
484 831 700 870 Viennensi
730 833 954 882 Episcopo,
980 832 1080 869 invi—

111 897 223 932 tante
247 895 425 932 animum
451 892 500 932 ad
526 893 783 932 scribendum
810 894 987 945 appulit,
1012 893 1081 931 de-

114 956 278 995 functus
293 960 356 995 est
379 956 452 994 An.
481 957 596 996 4509.
622 956 772 994 Gallice
797 955 961 1006 quidem
987 955 1082 993 scri-

114 1019 194 1068 psit
217 1023 258 1056 et
281 1022 371 1069 post
395 1019 548 1057 obitum
572 1017 660 1068 ejus
687 1018 850 1057 demum
877 1018 1008 1055 lucem
1025 1018 1083 1053 vi-

115 1079 173 1117 dit
207 1084 395 1130 postuma
433 1081 568 1131 proles
598 1080 673 1119 An.
701 1081 831 1127 4523,
857 1079 920 1117 fol.
948 1078 1017 1117 sed
1044 1080 1081 1116 in

115 1152 232 1192 opere
256 1142 305 1180 de
329 1143 534 1181 Historicis
559 1143 710 1181 Latinis
734 1153 756 1180 a
782 1142 922 1180 Vossio
946 1152 983 1191 p.
1007 1141 1082 1179 642

120 1215 205 1253 seq.
230 1204 481 1253 celebratur,
506 1205 599 1255 quia
622 1205 760 1241 Latine
789 1203 890 1241 bene
921 1203 1086 1252 loquen-

118 1270 199 1304 tem
225 1266 420 1305 habemus
445 1268 664 1316 interprete
689 1265 870 1304 Johanne
888 1264 1085 1314 Sleidano,

117 1327 234 1378 cujus
256 1329 429 1367 versioni
456 1331 593 1379 utpote
630 1327 803 1365 liberiori
829 1328 949 1365 etiam
975 1338 1088 1377 prae—

125 1390 251 1429 fertur
273 1402 294 1429 a
319 1390 559 1440 quibusdam
583 1390 705 1428 altera
730 1390 916 1439 Casparis
940 1389 1088 1428 Barthii

119 1452 282 1503 vulgata
311 1453 560 1491 Francofurti
588 1452 690 1491 4649
708 1482 718 1499 ‚
744 1451 780 1488 8.
806 1451 952 1489 Exstat
990 1463 1088 1501 quo-

118 1526 196 1564 que
220 1525 364 1552 versus
388 1515 535 1561 Italice,
552 1514 729 1564 Anglice,
745 1513 968 1564 Hispaniae,
989 1514 1087 1552 Ger-

120 1578 287 1626 manice,
305 1577 462 1627 Belgice
487 1580 528 1615 et
552 1578 591 1614 in
616 1576 859 1615 Bibliotheca
874 1577 1086 1627 Rostgaar-

120 1638 236 1677 diana
265 1650 352 1689 pag.
378 1639 466 1678 502.
491 1640 639 1677 Danice
663 1639 741 1677 MS.
763 1639 820 1676 De
843 1638 1086 1677 editionibus

118 1704 277 1751 praeter
290 1700 480 1739 Jacobum
507 1701 542 1739 le
567 1702 676 1750 Long
700 1701 739 1738 in
763 1700 1007 1739 Bibliotheca
1024 1702 1085 1739 Hi-

123 1764 360 1801 storicorum
385 1763 533 1801 Galliae
558 1774 668 1802 num.
688 1762 792 1800 7444
814 1766 854 1800 et
877 1764 1090 1813 praecipue

122 1825 228 1863 7494
253 1825 525 1864 consulendus
554 1826 596 1863 B.
621 1824 835 1863 Hubnerus
872 1829 1011 1862 noster
1049 1826 1088 1862 in

119 1886 360 1925 Bibliotheca
386 1887 580 1925 Historica
603 1886 896 1937 Hamburgensi
921 1886 1088 1925 Centur.

121 1950 171 1996 3,
200 1960 288 2000 pag.
319 1947 409 1988 273.
442 1960 527 1999 seq.

176 2012 234 2049 De
250 2011 584 2050 COMMODIAIN’O
603 2012 656 2050 ita
673 2010 905 2050 Gennadius
922 2011 970 2049 de
989 2012 1093 2050 Scri-

125 2073 278 2111 toribus
307 2073 603 2112 Ecclesiasticis
632 2085 716 2124 cap.
751 2075 812 2112 45.
845 2073 1094 2112 Commodia-

128 2146 209 2182 nus,
228 2136 261 2184 a)
287 2134 381 2174 dum
404 2135 507 2173 inter
536 2134 767 2174 saeculares
797 2134 952 2173 litteras
976 2135 1094 2173 etiam

128 2200 288 2236 nostras
314 2196 427 2248 Zeyit,
451 2197 695 2236 occasionem
719 2197 871 2250 accepit
885 2197 989 2248 fidei.
1016 2197 1095 2235 Fa-

128 2262 215 2298 ctus
239 2259 374 2311 itaque
401 2259 658 2299 Christianus
673 2291 684 2309 ,
717 2263 755 2298 et
780 2258 915 2298 volens
939 2259 1096 2310 aliquid

127 2321 352 2361 studiorum
381 2333 549 2360 suorum
578 2321 758 2360 muneris
787 2322 934 2373 offerre
965 2322 1095 2362 CHri-

129 2387 187 2421 sto
206 2412 214 2431 ,
237 2394 334 2421 suae
353 2382 499 2422 salutis
520 2383 702 2433 auctori,
722 2383 888 2435 scripsit
903 2383 1098 2422 mediocri

131 2454 312 2482 sermone
327 2475 337 2493 ,
353 2444 474 2495 quasi
485 2456 608 2483 versu
623 2445 768 2484 librum
786 2445 1002 2483 adversum
1024 2447 1096 2483 Pa-

130 2516 267 2555 ganos.
291 2505 345 2543 Et
365 2505 461 2557 quia
479 2518 630 2557 parum
654 2510 886 2544 nostrarum
906 2505 1097 2556 attiqerat

131 2564 358 2605 litterarum
373 2599 384 2616 ,
405 2567 533 2618 mayis
555 2567 714 2606 illorum
738 2567 945 2606 destruere
964 2569 1094 2619 potuit

129 2626 340 2678 cloymata,
371 2640 495 2679 quam
522 2633 661 2668 nostra
687 2629 865 2680 firmare.
896 2630 1008 2676 Quod
1040 2632 1095 2669 ait

132 2690 254 2741 quasi
277 2702 402 2730 versu
433 2692 671 2741 scripsisse,
703 2692 881 2741 inspecto
912 2691 1095 2731 Commo-

131 2750 239 2789 diani
264 2752 362 2790 libro
388 2753 499 2791 facile
520 2753 768 2803 intelligitur.
791 2753 864 2791 Est
884 2754 1029 2804 quippe
1055 2756 1093 2792 in

132 2815 280 2853 LXXX
304 2816 432 2865 capita
454 2816 539 2854 sive
563 2813 843 2853 instructiones
859 2845 870 2863 ‚
895 2819 940 2852 ut
963 2817 1095 2866 appel-

131 2877 189 2915 lat
212 2876 392 2925 divisuS,
417 2888 587 2926 quarum
618 2877 797 2927 singulae
827 2888 896 2926 per
929 2877 1096 2916 acrosti-

133 2938 286 2978 chidem
307 2941 392 2978 sive
412 2939 566 2977 litteras
589 2949 780 2977 versuum
808 2939 955 2988 primas
971 2939 1005 2988 b')
1026 2951 1095 2978 vo-

188 3072 221 3112 a)
245 3071 504 3104 commodianus
531 3073 601 3112 ipse
626 3073 658 3103 in
683 3071 786 3111 praes.

227 3123 304 3162 Εῃο
327 3122 496 3153 similiter
520 3122 639 3152 erravi
662 3125 818 3161 tempore
842 3121 952 3152 multo

226 3172 329 3203 Fana
348 3170 837 3212 prosequendo,-parentibns
858 3170 986 3201 insciis
1005 3170 1097 3210 ipsis

227 3220 370 3251 Absenti
386 3229 439 3251 me
458 3221 602 3252 tandem
621 3221 715 3258 inde,
731 3220 877 3260 leyendo
895 3220 936 3249 ‹le
953 3219 1053 3259 Leye.

187 3269 223 3307 b)
251 3272 288 3301 ln
313 3271 433 3302 ultimo
457 3272 586 3310 capite,
616 3270 814 3302 acrostichis
834 3278 900 3300 non
917 3273 954 3299 ut
973 3271 1006 3300 in
1025 3268 1099 3299 aliis

127 3325 146 3348 a
170 3319 277 3357 primo
300 3318 340 3352 ad
365 3320 544 3358 ultimum,
568 3320 624 3351 sed
649 3328 666 3351 a
692 3323 862 3359 postremo
887 3317 927 3349 ad
952 3319 1098 3357 primum

1147 265 1335 304 cabulum
1368 264 1527 315 aliquod
1561 265 1767 304 referunt:
1807 277 1955 306 versus
1984 273 2119 306 autem

1150 329 1201 366 ita
1223 332 1318 366 sunt
1338 328 1582 378 comparati,
1609 332 1655 365 ut
1680 339 1873 367 numerus
1898 329 2120 368 hexametri

1149 391 1339 429 carminis
1366 394 1575 439 utcunque
1603 395 1812 437 servetur,
1837 392 2018 442 neglecta
2042 392 2124 441 syl-

1151 452 1331 490 labarum
1367 453 1621 501 quantitate,
1660 454 1763 491 sicut
1792 453 1829 490 in
1862 453 2016 491 Psalmo
2045 458 2126 491 tro-

1152 514 1289 552 chaico
1317 514 1356 552 S.
1384 513 1603 564 Augustini
1625 519 1763 553 contra
1783 519 1936 565 partem
1957 517 2124 562 Donati,

1155 577 1222 625 qui
1253 575 1344 625 ejus
1369 576 1529 624 scriptis
1554 581 1692 614 contra
1711 577 1911 615 Donatum
1935 582 2030 615 tom.
2056 577 2126 616 IX.

1159 637 1342 688 Operum
1381 638 1678 686 praemittitur:
1718 639 1782 676 vel
1822 640 1925 677 sicut
1965 640 2002 676 in
2041 639 2128 677 aliis

1156 699 1262 750 apud
1303 698 1500 736 illustrem
1533 698 1758 748 Scipionem
1798 700 1996 750 Maffejum
2029 701 2125 739 diss.

1161 760 1371 812 (subjecta
1403 758 1490 808 ejus
1521 760 1709 798 historiae
1740 761 2041 811 diplomaticae)
2070 775 2132 803 so-

1151 834 1234 875 pra
1259 821 1275 859 i
1294 820 1409 860 versi
1425 820 1579 858 ritmici
1596 833 1682 871 pag.
1708 823 1783 860 486
1809 834 1920 874 seqq.
1942 830 1981 862 et
2004 826 2040 862 in
2063 825 2132 863 he-

1156 884 1356 922 xametris
1388 882 1522 921 Codici
1554 884 1862 922 Latino-Biblico
1900 889 2133 935 praemissis

1157 946 1263 983 circa
1281 944 1445 983 Annum
1468 945 1624 983 CHristi
1644 944 1720 983 750
1743 956 1764 983 a
1785 945 1973 997 Gregorio
1995 949 2133 987 Cardi—

1159 1007 1239 1045 nali
1260 1006 1364 1057 apud
1381 1008 1543 1045 Justum
1560 1008 1829 1046 Fontaninum
1854 1009 1891 1046 in
1914 1010 2131 1060 appendice

1161 1068 1209 1107 ad
1234 1069 1390 1108 discum
1413 1074 1651 1120 argenteum
1676 1071 1861 1109 votivum
1883 1083 1969 1122 pag.
1993 1073 2042 1109 86
2066 1074 2132 1111 vel

1160 1136 1205 1170 ut
1227 1132 1266 1169 in
1286 1132 1532 1170 carminibus
1552 1132 1725 1182 politicis
1749 1134 1924 1172 recentis
1944 1134 2132 1173 Graeciae

1162 1194 1263 1233 solet
1294 1196 1401 1244 fieri,
1431 1195 1496 1233 vel
1527 1195 1644 1244 quale
1675 1206 1838 1233 carmen
1870 1196 2132 1234 hexametron

1161 1257 1358 1296 Graecum
1383 1269 1432 1295 ex
1459 1258 1649 1296 Psalterio
1674 1258 1753 1296 MS.
1776 1258 2027 1297 Murbacensi
2052 1258 2135 1296 edi—

1163 1318 1220 1356 dit
1249 1319 1537 1358 celeberrimus
1563 1320 1868 1359 Montfauconus
1904 1322 1942 1358 in
1977 1321 2135 1359 Palaeo-

1162 1381 1325 1431 graphia
1350 1381 1501 1420 Graeca
1526 1393 1612 1432 pag.
1640 1382 1734 1421 220.

1216 1444 1367 1482 Floruit
1391 1444 1455 1482 hic
1480 1445 1673 1494 scriptor,
1696 1446 1728 1482 si
1751 1444 2002 1483 Gennadium
2023 1445 2135 1484 audi-

1163 1517 1256 1544 mus
1275 1536 1282 1554 ,
1304 1511 1393 1556 post
1414 1507 1668 1545 Lactantium
1687 1538 1694 1554 ,
1717 1508 1771 1545 ait
1792 1508 1899 1545 enim
1928 1506 2134 1546 Tertullia-

1161 1579 1256 1606 num
1282 1571 1320 1607 et
1340 1569 1591 1607 Lactantzum
1614 1571 1652 1606 et
1671 1568 1841 1620 Papiam
1867 1575 2052 1610 auctores
2075 1583 2135 1609 se-

1160 1634 1307 1669 cutum.
1332 1630 1388 1670 Ac
1413 1643 1509 1670 sane
1534 1633 1694 1682 Papiam
1720 1634 1932 1683 sequitur,
1958 1634 2133 1684 probans

1161 1692 1305 1743 dogma
1324 1693 1373 1732 de
1395 1694 1503 1732 mille
1524 1696 1642 1733 annis
1660 1724 1667 1743 ,
1690 1706 1724 1734 c.
1746 1696 1817 1734 ult.
1837 1697 2132 1735 Tertullianum

1165 1766 1260 1793 vero
1285 1756 1324 1793 in
1350 1757 1517 1806 multis,
1543 1768 1646 1807 quae
1676 1757 1725 1795 de
1756 1758 1947 1797 Gentium
1971 1760 2054 1797 Diis
2078 1759 2136 1796 di-

1164 1822 1315 1867 sputat.
1345 1819 1401 1857 De
1425 1820 1630 1857 Lactantio
1662 1820 1826 1869 quidem
1855 1821 2017 1867 dubito,
2043 1822 2137 1859 licet

1163 1879 1369 1917 Gennadio
1394 1879 1467 1918 hac
1492 1881 1530 1917 in
1555 1885 1668 1931 parte
1691 1881 1935 1933 suffragatus
1959 1884 2133 1933 primum

1163 1946 1226 1979 est
1250 1942 1370 1980 etiam
1392 1943 1586 1992 Rigaltius
1611 1944 1730 1993 (nam
1754 1945 1791 1981 in
1812 1946 1920 1982 curis
1945 1944 2134 1983 secundis

1165 2002 1214 2041 ad
1246 2004 1428 2041 instruct.
1459 2005 1521 2043 33.
1552 2004 1645 2043 huic
1684 2007 1908 2044 sententiae
1939 2008 2022 2056 ipse
2054 2018 2133 2044 non

1168 2066 1342 2103 multum
1373 2067 1564 2115 tribuit),
1596 2069 1662 2117 qui
1695 2068 1894 2118 Sylvestri
1930 2069 2133 2106 Pontificis

1168 2129 1414 2165 mentionem
1440 2128 1524 2166 fieri
1548 2130 1738 2168 Instruct.
1762 2131 1823 2168 33.
1846 2143 1883 2168 v.
1911 2132 1934 2169 5
1958 2142 2035 2168 non
2061 2130 2135 2168 du-

1168 2190 1334 2238 bitavit,
1358 2191 1410 2228 ita
1442 2191 1548 2229 enim
1585 2191 1697 2230 illum
1729 2204 1894 2231 versum
1920 2193 2039 2242 legit:
2072 2193 2137 2230 In-

1167 2255 1270 2290 trate
1293 2250 1464 2291 stabulis
1488 2253 1688 2305 Sylvestri
1707 2254 1761 2293 ad
1783 2256 1816 2304 a)
1836 2265 2033 2306 praesepe
2060 2257 2137 2293 Pa-

1166 2316 1298 2355 storis.
1339 2317 1484 2355 Confer
1522 2317 1672 2355 Barthii
1710 2317 1927 2356 Adversar.
1959 2319 2056 2356 LIII.
2098 2319 2133 2356 5.

1167 2379 1316 2417 Verum
1337 2379 1381 2416 H.
1405 2378 1638 2417 Dodwellus
1657 2379 1703 2417 V.
1726 2380 1769 2418 C.
1792 2380 1829 2416 in
1854 2379 2136 2418 dissertatione

1168 2441 1217 2478 de
1247 2440 1521 2479 Commodiani
1557 2445 1715 2489 aetate,
1754 2453 1875 2491 quam
1912 2441 2135 2479 Annalibus

1168 2501 1406 2552 Vellejanis,
1428 2503 1708 2547 Quintilianeis
1729 2508 1768 2541 et
1790 2504 1982 2541 Statianis
2006 2503 2133 2540 Oxon.

1171 2565 1298 2613 4698,
1328 2565 1363 2601 8.
1395 2563 1592 2613 subjecit,
1631 2576 1723 2602 cum
1752 2576 1802 2602 ex
1832 2568 1914 2601 toto
1944 2564 2136 2613 opusculo

1169 2627 1425 2664 observasset
1450 2625 1542 2664 illud
1576 2626 1735 2664 saeculo
1759 2626 1876 2663 tertio
1902 2629 1942 2663 et
1966 2626 2136 2675 flagran-

1169 2689 1276 2726 tibus
1296 2687 1427 2726 adhuc
1445 2687 1651 2725 Ecclesiae
1669 2687 2016 2736 persecutionibus
2040 2689 2137 2725 scri—

1170 2755 1282 2800 ptum
1308 2761 1397 2787 esse
1418 2780 1425 2799 ,
1446 2750 1657 2800 praecipue
1681 2759 1774 2787 cum
1799 2753 1938 2786 auctor
1962 2749 2045 2798 ipse
2070 2750 2133 2786 ln-

1169 2816 1310 2850 struct.
1335 2811 1409 2858 VI,
1435 2821 1557 2849 versu
1582 2812 1603 2848 6
1642 2821 1767 2848 annos
1793 2814 1949 2848 tantum
1982 2810 2131 2849 duceu—

1169 2879 1230 2912 tos
1259 2885 1280 2911 a
1311 2874 1473 2911 CHristo
1513 2877 1721 2911 numeret:
1759 2872 1814 2909 Et
1840 2871 1878 2910 si
1899 2871 2131 2922 parvulitas

1168 2935 1225 2974 sic
1248 2936 1391 2983 sensit,
1414 2947 1488 2973 cur
1507 2934 1624 2973 anm's
1644 2933 1822 2973 (lucentis
1842 2933 1978 2986 fuistis
2003 2933 2132 2986 infan-

1169 3002 1248 3047 tes,
1278 2996 1472 3049 numquid
1499 3001 1536 3036 et
1563 3008 1718 3049 semper
1747 2996 1858 3035 eritis
1875 2996 1895 3033 P
1932 2997 2128 3048 Deinceps

1161 3175 1292 3198 versum
1314 3166 1452 3204 legenda
1470 3165 1569 3197 refert
1590 3164 1690 3196 verba
1709 3178 1715 3195 :
1736 3165 2015 3197 Commodianus
2033 3174 2133 3197 men-

1162 3218 1263 3247 dicus
1289 3215 1449 3247 Cllristi.

1222 3266 1255 3305 a)
1278 3266 1440 3304 sylvester
1462 3267 1644 3306 Episcopus
1667 3267 1837 3297 Romanus
1870 3265 1932 3296 suit
1969 3265 2011 3296 ab
2035 3268 2132 3296 Anno

1161 3317 1286 3347 cllristi
1311 3314 1371 3346 514
1395 3314 1435 3345 ad
1458 3315 1537 3347 535.
