2500 4009
422 244 498 285 325

427 314 769 363 niano-Belgicus,
805 310 890 345 sive.
926 306 975 342 (lc
1012 294 1168 355 origine,⁴
1190 308 1232 342 et
1260 304 1385 353 gestis

425 379 655 417 Carolornm
681 371 806 417 Maeni
825 399 832 408 .
858 368 1030 407 Audacis
1054 371 1094 404 et
1117 365 1280 412 Quinti,
1295 364 1388 402 alio-

431 449 598 487 rumque
624 435 860 483 Principum.
882 430 1015 469 Colon.
1043 429 1156 468 4058.
1182 429 1218 465 8.

485 500 633 538 Relatio
662 496 710 533 dc
741 499 872 532 statua
903 494 1106 542 equestri,
1132 488 1275 529 Carolo
1303 490 1388 527 Ma-

429 573 501 607 ono
524 554 724 596 Ecclesiae
744 558 941 594 Romanae
970 552 1143 601 l'inslici,
1170 553 1207 589 in
1233 552 1387 602 porticu

427 606 603 660 ¹Yatieani
625 621 750 670 posita
772 620 917 656 Romae
937 627 959 653 a
978 616 1184 655 Clemente
1200 615 1255 653 XI
1272 615 1388 663 Papa.

430 685 545 722 sonis
585 683 686 721 4725
723 681 785 720 sol.
824 678 1008 729 (ltaliee)
1053 676 1151 715 Acta
1188 675 1385 714 Eruditor.

431 749 543 784 Anno
570 746 668 784 ⁴727
701 756 786 794 pau.
812 741 904 780 247.

482 807 652 847 Simonis
673 805 839 855 Ruffl'erz'
854 804 1022 843 Carolus
1042 804 1208 853 Magnus
1230 804 1388 851 polima-

430 876 467 908 te
494 871 638 908 Italico.
664 871 773 907 ltom.
802 868 917 906 46:¹35.
944 866 1006 904 42.

484 930 763 983 ΓΙινιέἰορΙιονί
773 928 920 968 Adurni
933 925 1099 979 Ruperti
1109 926 1243 965 Oratio
1257 923 1388 962 XXIII

426 1006 528 1044 qutw
564 999 623 1032 est
656 994 703 1030 de
734 992 871 1030 Carolo
905 992 1069 1039 Magno,
1106 992 1151 1026 ut
1183 983 1392 1025 Barcholdi

427 1055 651 1094 Becmanm'.
677 1057 796 1104 Marp,
818 1054 934 1092 4643.
961 1053 995 1089 4.
1020 1055 1095 1088 ete.

477 1117 641 1155 loannis
667 1114 906 1166 Christfridi
925 1111 1138 1164 Sayittarii
1159 1110 1386 1148 dissertatio

425 1181 474 1218 de
497 1180 632 1217 Carolo
657 1181 819 1228 Magno,
842 1179 878 1214 in
901 1178 989 1226 ejus
1012 1173 1286 1213 selectioribus
1309 1170 1388 1209 dis-

426 1241 733 1287 sertationibus,
763 1239 881 1278 editis
909 1237 1146 1287 Altenburgi
1178 1234 1294 1274 4670.
1328 1234 1387 1272 Li-

426 1306 534 1354 psiae
562 1305 677 1342 4695.
704 1303 738 1340 4.

480 1365 635 1404 Nfeolm'
647 1364 816 1404 schaten
833 1364 919 1402 Soc.
934 1364 1012 1400 Jes.
1027 1361 1076 1400 de
1097 1361 1179 1398 vita
1195 1358 1321 1398 Caroli
1336 1359 1384 1396 Μ.

426 1428 671 1466 Franeofurti
694 1428 794 1466 4700
813 1456 821 1473 ,
845 1426 879 1463 4.
904 1424 1096 1474 Ejusdem
1121 1421 1289 1460 Carolus
1309 1421 1387 1458 Ma—

424 1501 527 1541 gnus
543 1488 979 1528 Romano-catholicus.
1002 1485 1192 1524 Neubusii
1215 1480 1328 1522 4677.
1350 1482 1387 1519 4.

479 1551 647 1590 Arnoldi
668 1549 890 1602 Schleuferi
910 1550 999 1587 Vita
1028 1552 1160 1597 togata
1185 1545 1313 1584 Caroli
1337 1544 1386 1582 M.

425 1615 603 1653 Fabriani
630 1614 856 1659 Saxonum,
882 1613 968 1649 sive
992 1612 1157 1649 Bremac
1182 1608 1307 1654 4590,
1334 1607 1368 1644 4.

480 1674 650 1715 Carolus
673 1673 836 1714 Samuel
856 1669 1212 1722 Sclmrzsleischius
1236 1670 1273 1706 in
1299 1668 1388 1706 fun-

425 1738 624 1776 damentis
654 1738 837 1774 historiae
868 1735 1046 1779 mediae,
1073 1733 1220 1782 scripto
1250 1734 1388 1780 postu-

427 1812 490 1838 mo
516 1800 676 1845 vuluato
703 1797 1002 1845 Selineebergae
1028 1794 1158 1842 4728,
1183 1794 1218 1829 8.

479 1859 666 1898 Gw‘lelmi
682 1856 837 1899 Stuclsit'
851 1889 859 1906 ,
875 1857 1051 1905 Tigurini
1070 1885 1078 1903 ,
1097 1854 1264 1893 Carolus
1280 1853 1328 1891 M.
1351 1852 1388 1889 in

423 1924 590 1961 Heni-ico
615 1923 677 1960 IV.
701 1921 848 1959 Galliae
879 1920 983 1969 Rege
1013 1916 1232 1955 redivivus.
1256 1913 1390 1964 Tiguri

426 1986 556 2033 4592,
582 1985 709 2030 4642,
737 1983 771 2020 4.

481 2046 644 2083 llenrieae'
669 2044 811 2082 Thevin
831 2042 1168 2092 Aquisgranensis
1191 2040 1277 2077 Soc.
1303 2039 1382 2075 Jcs.

426 2109 506 2144 vita
525 2108 649 2145 Caroli
667 2108 714 2144 M.
730 2105 977 2142 Germanice.
995 2103 1176 2140 Coloniae
1191 2103 1203 2139 4
1216 2101 1305 2147 658,
1324 2100 1385 2137 42.

485 2167 680 2205 Hem-icus
706 2165 933 2203 Giinllierus
957 2161 1241 2200 Tlmlemarius.
1266 2170 1386 2210 supra

428 2231 465 2266 in
493 2229 523 2266 F
526 2227 676 2265 rehey-0.

485 2289 641 2327 octavii
659 2285 900 2325 Tronsnrelli
914 2317 922 2332 ,
938 2286 1100 2324 Romani
1121 2314 1128 2332 ,
1151 2285 1290 2322 Poetae
1311 2283 1387 2320 Ita-

429 2354 450 2390 li
472 2382 477 2398 ,
509 2353 623 2402 Papia
648 2362 668 2388 a
693 2349 832 2388 Carolo
855 2350 901 2387 M.
927 2351 1169 2398 recuperata.
1193 2346 1298 2384 MSS.
1326 2344 1385 2381 Li-

427 2415 483 2451 bri
508 2415 550 2451 lI.
570 2416 739 2450 tantum.
759 2411 854 2449 Vide
871 2410 1041 2448 liritlirvi
1067 2411 1183 2455 lmag.
1204 2407 1383 2445 xxxvl.

424 2481 461 2512 et
497 2475 685 2513 Mandosii
716 2472 996 2511 Bibliotheeam
1030 2472 1245 2509 Romanam
1271 2473 1298 2506 t.
1325 2468 1383 2516 II,

425 2550 509 2589 pag.
535 2538 624 2574 2¹40.

477 2601 580 2637 Fasti
605 2598 774 2637 Carolini
795 2608 843 2634 ex
865 2597 985 2634 MStis
1006 2594 1228 2633 Annalibus
1247 2592 1382 2630 Wost-

423 2661 757 2712 plialo—Itlienanis
786 2658 951 2696 Ilenrici
982 2654 1142 2695 Turclcii
1177 2656 1265 2694 Soc.
1298 2657 1377 2693 Jes.

423 2723 564 2761 edente
589 2721 767 2760 Conrado
796 2719 1006 2759 Bartholdo
1036 2718 1237 2765 Bebrens,
1261 2717 1380 2756 Medi-

422 2797 478 2823 co.
498 2785 671 2822 Francos.
692 2782 792 2822 4707
811 2813 818 2827 .,
843 2784 876 2820 4.
899 2787 1018 2831 atque
1040 2782 1143 2818 inter
1162 2781 1376 2830 scriptores

424 2859 551 2884 rernm
578 2847 901 2883 Germanicarum
927 2845 1111 2893 vulgatos
1140 2844 1289 2881 Joannc
1314 2843 1380 2880 Mi-

422 2909 555 2945 eliai'ls·
582 2909 787 2945 Ileineeeio
811 2912 849 2943 vt
873 2907 1024 2943 Joanne
1049 2917 1068 2943 a
1094 2906 1259 2955 Georgio
1280 2906 1380 2944 Leu-

421 2970 583 3008 ekf‹·l‹lo.
615 2969 858 3006 Francosnrti
886 2968 1013 3016 4707,
1039 2968 1100 3005 sol.

477 3032 659 3068 Petruccz‘
695 3029 895 3077 (haldini,
936 3031 1144 3067 t-'lorentini
1165 3059 1172 3077 ,
1211 3030 1297 3067 Vita
1336 3029 1373 3066 di

422 3093 555 3130 Carolo
579 3095 726 3138 Magno.
760 3092 908 3130 Londra
938 3094 949 3130 1
963 3094 1061 3140 ἷῠ81,
1093 3093 1245 3142 primus
1278 3092 1374 3130 liber

423 3154 551 3189 italice
571 3166 635 3191 ex(
649 3166 745 3192 usus
771 3155 891 3192 fuisse
918 3155 1041 3192 fertur
1073 3156 1108 3191 in
1133 3154 1284 3200 Apulia.
1311 3155 1373 3192 Vi-

422 3214 468 3249 de
495 3216 662 3253 hiarium
690 3216 943 3255 liruditoruin
971 3218 1102 3256 Italiae
1124 3219 1166 3256 T.
1191 3218 1369 3257 XXVIII.

422 3285 505 3323 pay-r,
528 3278 614 3313 3599.

472 3336 658 3385 leaeyolim·
675 3339 826 3389 l'eri'ui,
843 3341 1057 3378 Florentini
1079 3342 1166 3380 Car-l
1175 3341 1297 3389 iados,
1319 3340 1368 3380 de

1196 231 1541 271 CAROLUS
1590 233 1642 272 M.

1459 305 1584 354 gestis
1604 304 1730 343 Caroli
1750 305 1798 344 M.
1818 304 1904 343 libri
1925 303 2008 343 XV.
2029 303 2216 344 Carmine
2240 305 2414 346 lleroico.

1460 364 1557 403 Vide
1571 365 1720 405 Julium
1733 366 1896 416 Nigrum
1917 365 1966 405 de
1987 367 2244 417 scriptoribus
2258 367 2416 407 Floren-

1460 428 1554 465 tinis
1578 439 1662 478 pag.
1689 428 1757 467 544
1789 433 1829 466 et
1850 430 2024 467 Diarium
2056 429 2311 469 Eruditorum
2338 431 2415 470 lta-

1461 489 1531 528 liae.
1556 491 1676 527 Tomo
1699 491 1851 537 XXVI,
1875 501 1962 541 pag.
1987 490 2074 529 437.

1511 551 1681 590 Joannes
1697 549 2005 602 Christophorus
2016 551 2302 602 Waqenseile'us
2315 553 2412 593 diss,

1460 613 1509 652 dc
1533 614 1840 664 Imperatoribus
1863 615 2074 653 Francicis.

1516 675 1655 715 Caroli
1680 675 1871 726 ll'ayneri
1890 667 2111 716 Clironicon
2135 688 2268 716 rerum
2286 678 2413 717 Caroli

1460 738 1693 777 Germanice
1714 737 1964 789 Magdeburgi
1991 736 2113 785 ⁴579,
2139 738 2174 776 4.
2200 738 2270 778 sed
2293 741 2415 778 etiam

1462 801 1598 839 Latine
1622 801 1713 851 plus
1736 800 1903 849 simplici
1929 800 2016 837 vice
2038 798 2203 838 editum.

1517 862 1709 902 Ernestus
1739 861 1966 902 Casi'mirus
1992 859 2259 900 Wasserbach
2287 863 2327 900 in
2351 875 2418 914 ap-

1461 924 1627 975 pendice
1651 925 1700 963 (le
1725 929 1877 963 statura
1898 923 2090 970 Arminii,
2115 921 2349 962 Wittekindi
2377 929 2418 963 ct

1462 987 1590 1026 Karoli
1614 988 1660 1025 M.
1686 987 1734 1026 ad
1759 987 1908 1025 calcem
1934 984 2135 1023 dissertat.
2156 984 2206 1024 de
2225 989 2357 1026 statua
2377 987 2422 1025 il-

1460 1049 1574 1088 lustri
1606 1049 1806 1088 llarminii.
1831 1049 2017 1096 Lemgov.
2046 1046 2173 1094 4698,
2198 1047 2234 1085 8.
2258 1049 2421 1087 Neocori

1459 1112 1554 1150 Bibl.
1581 1122 1774 1149 novorum
1800 1109 1989 1148 librorum
2009 1106 2054 1147 Α.
2077 1109 2204 1158 4698,
2225 1120 2310 1160 pag.
2329 1109 2417 1149 475.

1515 1172 1738 1213 Christiani
1769 1170 1908 1212 Wez'sii
1933 1170 1981 1209 ad
2005 1181 2052 1209 ea
2075 1181 2177 1220 quae
2200 1170 2250 1210 de
2273 1171 2418 1211 Carolo

1458 1236 1506 1274 M.
1531 1234 1722 1273 Claudius
1753 1233 1929 1273 Fauchet
1957 1237 1994 1271 et
2025 1232 2228 1271 Jobannes
2257 1233 2306 1272 de
2331 1234 2421 1272 Ser-

1460 1308 1524 1335 res
1545 1296 1763 1347 prodidere.
1785 1295 2097 1334 Weisscnfelsae
2117 1296 2203 1334 sive
2223 1296 2423 1347 Leucope-

1458 1363 1542 1397 trae
1569 1358 1696 1408 4674,
1722 1359 1756 1396 4.

1514 1420 1534 1444 ⁴⁸*
1558 1419 1692 1459 Codex
1717 1420 1779 1458 ille
1807 1419 2014 1459 Carolinus
2043 1430 2163 1469 quem
2187 1419 2421 1461 Lambecius

1460 1487 1645 1521 exactum
1664 1482 1710 1521 ad
1730 1483 1807 1521 MS.
1824 1481 2273 1522 Cod.Vindobonensem
2290 1493 2334 1522 se
2351 1485 2423 1522 ite-

1461 1556 1549 1583 rum
1568 1545 1812 1583 emissurum
1833 1543 2054 1595 spopondit,
2074 1545 2204 1595 reipsa
2225 1546 2332 1596 typis
2351 1557 2420 1584 ex-

1461 1617 1625 1657 pressus
1646 1607 1737 1653 fuit,
1759 1607 1828 1645 sed
1851 1607 1984 1644 nescio
2003 1617 2081 1656 quo
2100 1616 2197 1645 casu
2216 1608 2420 1646 rarissima

1461 1669 1546 1707 eius
1570 1668 1753 1707 editionis
1777 1669 1979 1707 volumina
2001 1669 2039 1706 in
2065 1667 2267 1718 publicum
2293 1669 2421 1719 prodi-

1461 1741 1503 1768 re
1533 1731 1726 1780 permissa
1757 1735 1864 1769 sunt.
1889 1731 1950 1769 Ex
1987 1741 2067 1768 uno
2102 1733 2236 1768 tamen
2261 1731 2418 1770 illorum

1462 1791 1593 1840 aliquo
1613 1793 1850 1831 Muratorius
1874 1790 2147 1830 extrahendus
2175 1793 2331 1830 curavit
2352 1803 2422 1832 va-

1467 1857 1617 1890 riantes
1634 1882 1641 1901 ,
1660 1864 1761 1902 quas
1783 1854 1846 1891 ille
1866 1852 1974 1891 dedit
1996 1854 2033 1890 in
2056 1863 2158 1891 nova
2186 1853 2332 1898 codicis
2350 1853 2425 1893 hu-

1465 1915 1527 1952 ius
1550 1914 1720 1953 editione
1745 1917 1783 1953 in
1808 1919 1902 1953 tom.
1928 1915 1994 1954 111.
2023 1918 2123 1966 part..
2150 1915 2197 1953 11.
2220 1916 2308 1954 Rer.
2333 1916 2417 1955 Ital.

1460 1988 1545 2026 pag.
1585 1977 1646 2016 73.
1687 1982 1761 2016 etc.

1512 2039 1574 2087 (67
1588 2039 1679 2078 Cod.
1697 2040 1864 2078 Carolini
1894 2039 2012 2078 editio
2048 2039 2331 2090 locupletiorin
2357 2051 2418 2090 op.

1460 2100 1582 2138 Cai'et.
1601 2100 1743 2139 Cenm'c'
1753 2102 2004 2139 Monumenca
2018 2101 2305 2140 Dom2·nac2'om's
2319 2103 2420 2140 Pon-

1459 2160 1612 2210 tifiei'ae.
1639 2163 1782 2200 Romae
1807 2162 1920 2201 4700.
1948 2162 1999 2211 4.)

1512 2224 1574 2270 (68
1592 2223 1770 2273 Gar-cpoli
1788 2225 1809 2270 1(
1817 2223 2007 2272 ὶίνοΙωηο)
2022 2222 2052 2261 il
2070 2222 2190 2263 Cario
2205 2224 2256 2263 M.
2273 2236 2416 2264 ovvero

1460 2281 1499 2320 Ια
1525 2283 1667 2323 Cleiesa
1696 2283 1903 2323 vendicata
1929 2295 2078 2335 poema.
2108 2286 2229 2324 Roma
2259 2286 2418 2325 Corbel-

1459 2345 1540 2383 lotii
1578 2347 1687 2385 1000.
1731 2347 1789 2384 42.
1828 2346 1880 2384 2?
1909 2345 2098 2384 edizione.
2119 2369 2172 2376 —
2194 2350 2415 2399 Bonaparto

1459 2408 1629 2455 (Lucien)
1655 2408 1800 2447 Charle
1824 2409 1963 2459 Magne
1988 2410 2142 2447 Poeme.
2159 2410 2280 2449 Rome
2298 2412 2412 2451 4844.

1461 2469 1494 2506 4.
1521 2481 1557 2508 v.
1584 2471 1637 2519 2.)

1511 2530 1742 2571 CAROLUS
1761 2531 1959 2571 CALVUS
1973 2563 1983 2580 ‚
2002 2531 2190 2571 Ludovici
2208 2534 2262 2572 Pii
2279 2533 2412 2584 Filius,

1456 2594 1581 2633 Caroli
1611 2596 1736 2646 Magni
1768 2605 1917 2645 nepos,
1948 2594 2120 2634 Lotharii
2156 2599 2197 2633 et
2226 2595 2413 2635 Ludovici

1456 2656 1599 2704 frater,
1621 2657 1669 2694 ab
1692 2656 1807 2695 Anno
1831 2657 1920 2694 840.
1939 2655 2204 2695 Occidentalis
2227 2657 2412 2698 Franciae

1453 2719 1561 2765 Rex,
1591 2729 1636 2756 ac
1673 2718 1748 2757 An.
1780 2718 1868 2756 878.
1904 2728 1987 2768 seq.
2018 2718 2261 2768 Imperator,
2295 2718 2411 2769 cujus

1454 2780 1609 2818 foedera
1633 2784 1672 2817 et
1695 2780 1925 2831 capitularia
1950 2783 1989 2817 et
2013 2790 2105 2818 cum
2136 2779 2254 2818 fratrc
2283 2781 2411 2820 Ludo-

1453 2843 1539 2880 vieo
1559 2842 1820 2890 Germanico,
1844 2846 1884 2879 et
1903 2841 2169 2891 singularibus
2192 2843 2316 2892 ipsius
2340 2853 2410 2882 au-

1454 2906 1586 2955 spiciis
1616 2905 1862 2955 promulgata
1893 2904 2013 2942 refert
2040 2904 2213 2942 Joannes
2242 2903 2408 2943 Frideri—

1451 2979 1522 3005 cus
1547 2968 1805 3017 Pfefflngerus
1829 2966 2000 3004 VitrIarii
2025 2965 2208 3004 illustrati
2232 2969 2338 3003 tomo
2362 2965 2404 3015 Ι,

1449 3041 1533 3080 pag.
1560 3030 1621 3068 ³39.
1647 3040 1729 3077 seq.
1757 3029 1914 3065 Praeter
1936 3039 1981 3066 ea
2005 3038 2107 3077 quae
2137 3028 2174 3064 in
2203 3026 2405 3076 Capitula—

1447 3092 1556 3130 ribus
1572 3093 1808 3129 Francorum
1820 3089 2107 3127 Sirmondianis
2122 3092 2162 3125 et
2177 3088 2402 3126 Baluzianis

1447 3154 1558 3192 obvia
1580 3157 1700 3197 sunt,
1726 3153 1981 3201 Praeceptum
2003 3161 2072 3199 pro
2095 3148 2259 3187 Sicfrido
2279 3149 2402 3189 edidit

1447 3217 1632 3255 Baluzius
1653 3217 1690 3253 in
1708 3213 1924 3265 appendice
1943 3211 1989 3250 ad
2006 3213 2172 3250 Marcam
2190 3212 2297 3262 llisp.
2312 3225 2397 3265 pag.
2438 3218 2442 3222 “

1447 3278 1522 3317 778
1547 3278 1619 3317 alia
1641 3288 1726 3328 pag.
1751 3275 1840 3313 782.
1863 3274 1949 3312 784.
1973 3272 2061 3312 785.
2084 3273 2171 3311 786.
2193 3272 2283 3311 787.
2307 3274 2396 3315 789.

1444 3340 1532 3380 701.
1558 3340 1646 3378 792.
1672 3338 1760 3376 793.
1785 3337 1872 3375 794.
1900 3335 1988 3374 795.
2013 3336 2067 3374 Dc
2092 3340 2300 3386 praecepto
2322 3339 2399 3378 (30-
