2500 4009
424 254 501 291 392

424 324 596 360 Manutio
629 331 724 358 usus
753 322 811 354 est
839 319 1118 364 praeceptore⁷
1143 304 1263 362 quem
1294 313 1384 350 vide

426 386 481 421 sis
506 383 568 420 lib.
596 383 620 418 l.
649 380 770 428 l-Ipist.
797 377 858 412 w.

485 442 675 481 l‘E'l'm'S
722 436 877 476 MARIA
923 436 1170 475 contarenus
1217 436 1386 485 scriptor

423 500 654 552 (lanipendii
677 499 824 537 Politici
843 527 851 544 ,
873 502 913 536 et
934 498 1031 535 artis
1056 498 1263 543 militaris,
1283 508 1384 546 quae

426 559 590 611 utraque
621 560 798 611 prodiere
836 559 969 596 ltaliee
999 558 1177 601 Venetiis
1214 559 1308 597 1601
1345 563 1385 596 et

431 625 527 664 1602
558 627 726 671 utraque
765 621 879 659 obvia
912 621 948 657 in
980 619 1221 658 Bibliotheca
1249 619 1387 658 Bodle-

427 690 522 723 iana.

479 745 629 784 SIMON
657 745 686 784 C
690 747 929 790 wilermus,
956 744 1190 781 Procurator
1220 743 1258 780 S.
1290 744 1387 781 Mar-

421 811 453 844 ri
475 837 482 855 ,
509 804 724 844 defunctus
747 806 862 843 Anno
885 805 986 843 1633
1008 804 1124 854 eujus
1148 805 1297 854 aliquot
1321 815 1390 841 vo-

426 870 572 907 lumina
594 867 971 905 commentariorum
993 865 1041 903 de
1063 866 1324 915 legationibus
1340 865 1388 903 ab

423 934 506 980 ipso
529 941 620 968 cum
643 928 758 966 laude
779 927 894 965 obitis
916 927 1020 977 apud
1040 928 1216 965 Venetos
1237 928 1385 964 servari

428 996 537 1029 notat
558 991 728 1029 Iacobus
744 990 948 1039 Philippus
964 989 1230 1026 Thomasinus
1251 989 1288 1024 in
1313 988 1390 1025 elo-

425 1055 499 1100 giis
520 1051 803 1102 posterioribus
821 1050 894 1088 An.
914 1051 1014 1089 1644
1031 1079 1039 1096 ‚
1057 1049 1173 1087 editis
1191 1060 1277 1098 pag.
1297 1048 1387 1086 282.

476 1114 609 1152 'sumi
628 1114 677 1150 &S
704 1113 974 1158 Gontarenus,
999 1122 1118 1160 quem
1142 1110 1190 1147 de
1214 1110 1388 1147 humana

426 1175 710 1224 tranquillitate
736 1173 945 1222 scripsisse
965 1203 972 1220 ,
999 1172 1094 1209 libro
1116 1172 1294 1209 Venetiis
1312 1170 1386 1209 An.

431 1238 558 1275 1572.
583 1236 712 1280 editO.
737 1246 785 1272 ex
812 1234 999 1282 Koenigio
1023 1232 1153 1269 didici.

481 1296 786 1335 VINCENTIL'S
808 1295 1056 1333 Commo-enus
1078 1295 1228 1331 Mureto
1250 1294 1287 1331 in
1313 1293 1390 1331 elo-

427 1361 589 1409 quentia
611 1358 796 1407 Magistro
818 1367 917 1395 usus
936 1385 943 1403 ‚
959 1355 1214 1394 humaniores
1236 1355 1389 1393 litteras

424 1421 556 1458 «locuit
578 1419 725 1456 Patavii
745 1449 752 1466 ,
777 1423 817 1455 et
841 1417 961 1455 rebus
989 1416 1175 1454 humanis
1199 1415 1390 1453 valedixit

424 1483 498 1519 An.
536 1481 650 1519 1617.
682 1479 729 1517 de
765 1490 843 1528 quo
883 1478 1149 1516 Thomasinus
1177 1478 1214 1514 in
1253 1477 1389 1527 elogiis

425 1542 714 1592 posterioribus
742 1551 829 1591 pag.
856 1540 945 1578 179.
968 1540 1162 1577 Martinus
1192 1538 1390 1577 Ilanckius

422 1604 520 1642 libro
546 1605 569 1641 2
596 1603 644 1641 de
670 1604 936 1640 Romanarum
968 1611 1100 1638 rerum
1133 1600 1390 1650 scriptoribus

422 1678 506 1716 cap.
531 1666 578 1702 42
599 1694 606 1710 ,
624 1676 710 1714 pag.
736 1662 804 1701 171
831 1673 938 1711 ,seq.
959 1666 998 1699 et
1019 1661 1201 1699 Nicolaus
1221 1662 1389 1700 Comne-

423 1739 499 1765 nus
525 1725 755 1776 Papadopoli
788 1725 825 1760 in
853 1724 1022 1761 Historia
1042 1723 1251 1772 Gymnasii
1279 1723 1390 1759 Pata-

423 1790 505 1826 vini
529 1799 614 1838 pag.
643 1787 732 1824 348.
764 1787 830 1824 Ilie
863 1790 949 1832 est,
975 1785 1039 1833 qui
1072 1788 1228 1833 praeter
1251 1781 1388 1822 varia-

421 1862 513 1887 rum
539 1848 745 1886 lectionum
776 1845 952 1892 librum,
985 1845 1160 1883 Venetiis
1192 1845 1320 1891 1606,
1352 1844 1385 1881 1.

428 1911 579 1948 editum
605 1909 787 1957 vulgavit
817 1906 993 1945 eruditos
1022 1905 1067 1944 cle
1096 1917 1141 1943 re
1167 1903 1388 1956 frumenta-

425 1972 488 2009 1·ιά
518 1976 556 2009 et
586 1970 632 2008 (le
663 1969 831 2008 nn‘litarz·
859 1971 1128 2007 Romanorum
1167 1965 1385 2017 stz'pendw,

425 2035 757 2079 commentarios.
783 2033 821 2068 in
847 2030 994 2079 quibus
1019 2030 1195 2079 Lipsium
1225 2040 1302 2066 non
1329 2038 1389 2065 ra—

431 2106 472 2131 ro
497 2094 652 2143 supplet
679 2098 719 2130 et
743 2091 941 2129 emendat.
969 2090 1116 2128 Ibidem
1140 2090 1240 2127 1609
1260 2117 1267 2135 ,
1291 2089 1324 2125 [ι.
1349 2092 1389 2125 et

428 2157 466 2191 in
492 2155 682 2191 Thesauri
707 2153 918 2190 Graeviani
945 2155 1038 2188 tom.
1061 2151 1145 2188 VIII
1171 2153 1211 2185 et
1231 2150 1280 2187 X.
1305 2148 1389 2186 Vir-

426 2213 514 2263 yilii
541 2213 715 2250 laudatio
745 2214 818 2250 An.
852 2213 952 2249 4:393
982 2211 1058 2249 MS.
1099 2210 1246 2248 Patavii
1286 2213 1388 2246 teste

431 2276 671 2313 'thomasino
702 2286 787 2324 pag.
821 2273 881 2311 77.

485 2335 676 2374 llobertus
706 2335 933 2381 (ΣΟΧΤΟΝ,
966 2334 1092 2381 infra,
1122 2332 1336 2371 COUTON.

485 2398 730 2435 (Jorlililt's
750 2397 958 2443 Magister,
981 2396 1148 2444 scriptor
1167 2405 1305 2431 rerum
1332 2391 1390 2430 Va·-

432 2459 679 2496 renonum-mn
710 2468 785 2495 non
816 2469 865 2494 ex
895 2457 968 2494 alio
1000 2461 1118 2494 notus
1149 2455 1241 2493 mihi
1268 2466 1387 2504 quam

433 2534 480 2559 ex
511 2522 671 2566 (lang-vio.

485 2584 503 2603 ⁴
532 2582 740 2620 Muratorio
771 2585 874 2618 teste,
907 2581 943 2618 in
975 2581 1215 2630 praefatione
1240 2577 1287 2617 ad
1314 2578 1388 2616 fra-

433 2648 594 2688 gmenta
629 2643 821 2680 Historiae
860 2643 1089 2679 Vieentinae
1115 2641 1291 2679 Consorti
1315 2640 1389 2677 Pu-

436 2707 517 2742 licis
539 2706 625 2742 Ber.
652 2705 734 2742 Ital.
758 2705 899 2753 Script.
925 2707 1018 2740 tom.
1045 2703 1148 2741 XIII.
1170 2713 1256 2752 pag.
1284 2701 1386 2739 4235

436 2767 485 2804 illi
511 2778 649 2804 omnes
673 2767 818 2815 quibus
838 2765 994 2815 Ceperii
1019 2764 1140 2802 huius
1164 2774 1307 2801 nomen
1332 2763 1388 2798 in-

437 2831 574 2865 notuit.
592 2828 737 2865 ‹lehc-nt
763 2827 796 2864 id
822 2828 961 2864 Joanni
984 2826 1186 2875 Baptistae
1207 2823 1385 2872 Pajarino

435 2891 500 2938 qui
527 2890 733 2927 llistoriam
760 2889 1007 2926 Vicentinam
1030 2886 1228 2923 scribebat
1247 2896 1387 2923 verna-

434 2952 520 2987 cule
544 2951 708 2988 Saeculo
733 2951 815 2988 XV.
848 2949 913 2986 llle
953 2949 1058 2985 enim
1098 2947 1312 2997 profecisse
1342 2956 1384 2983 se

438 3013 580 3048 latetur
610 3023 664 3048 ea:
692 3010 881 3059 ,tlaqistro
915 3008 1080 3059 Coperio
1110 3006 1386 3058 antiquissimo

438 3084 571 3109 rerum
608 3072 898 3110 l'icente'narum
926 3070 1131 3120 scriptore.

490 3134 827 3179 (LUPINCERIJS,
855 3133 978 3180 infra,
1002 3131 1291 3170 GL'ILELMUS
1321 3131 1391 3171 Co-

438 3193 635 3240 [aimerus.

1229 244 1606 284 (IOI‘ERIL'S

1459 326 1523 352 res
1555 316 1777 365 interpolati
1812 320 1853 354 et
1885 316 1931 355 ad
1970 316 2065 355 illud
2102 320 2260 366 tempus
2293 318 2418 355 conti·

1461 376 1571 414 nuati
1596 375 1644 414 ab
1667 375 1887 416 ANTOMO
1906 376 2208 427 Snakenhurqio
2225 378 2415 416 Monacho

1459 435 1688 486 Corbejensi
1713 442 1752 475 et
1776 437 1917 476 deinde
1941 438 2206 477 Ilersfeldensi
2230 437 2417 477 defuncto

1459 496 1534 536 An.
1561 497 1675 536 1476.
1701 498 1797 538 Vide.
1828 499 1992 538 illustris
2016 501 2220 538 Leibnitzii
2243 500 2419 550 prolego-

1460 570 1576 598 mena
1623 559 1671 598 ad
1714 563 1867 599 tomum
1914 561 2134 600 secundum
2178 562 2417 611 scriptorum

1461 622 1846 660 Brunsvineensium
1873 633 1980 660 num.
2006 623 2128 661 XXV.
2159 624 2315 661 Primus
2339 621 2421 660 An-

1461 682 1571 719 nales
1598 682 1683 720 illos
1707 683 1888 732 vulgavit
1908 682 2163 722 Christianus
2183 685 2419 722 Franciscus

1462 743 1614 780 Paulini
1646 744 1682 779 in
1714 754 1847 781 rerum
1877 748 1917 780 et
1945 744 2228 792 antiquitatum
2257 744 2422 783 Germa-

1462 804 1639 841 nicarum
1666 807 1946 853 syntagmate,
1971 805 2147 842 Francos.
2172 805 2273 843 1698
2294 834 2302 851 ,
2326 806 2360 843 [ι.
2381 809 2420 843 et

1461 868 1548 912 post
1573 875 1664 901 eum
1690 863 1876 901 laudatus
1898 863 2116 903 Leibnitius
2139 869 2233 903 tom.
2255 867 2312 915 ΙΙ,
2332 878 2418 917 pag.

1462 924 1658 962 2296—3119.

1513 985 1630 1023 Aliud
1658 983 1879 1024 Chronicon
1903 983 2021 1023 breve
2043 983 2281 1036 CorbeJ‘ense
2304 986 2353 1024 ab
2375 985 2420 1025 A.

1463 1047 1539 1084 822
1559 1048 1644 1084 sive
1661 1047 2004 1084 enumerationem
2021 1045 2219 1085 Abbatum
2238 1047 2423 1086 fratrum-

1462 1119 1539 1157 que
1570 1119 1698 1158 usque
1728 1108 1776 1146 ad
1807 1107 2083 1146 Wickboldum
2106 1106 2324 1156 Abbatem,
2354 1110 2421 1159 qui

1462 1168 1536 1206 An.
1563 1169 1666 1208 1117
1694 1168 1934 1219 expeditioni
1966 1173 2102 1207 eontra
2132 1169 2296 1216 Slavos‚
2321 1170 2423 1209 Obo-

1464 1231 1578 1267 tritos
1599 1235 1638 1267 et
1662 1231 1832 1268 Luticios
1854 1230 2055 1276 interfuit,
2072 1230 2222 1268 editum
2243 1241 2334 1270 cum
2355 1242 2424 1269 no-

1463 1291 1513 1328 tis
1534 1291 1582 1328 ab
1602 1292 1768 1328 Ilenrico
1790 1290 1994 1329 Meibomio
2014 1295 2110 1329 tom.
2131 1292 2146 1330 I
2164 1322 2173 1342 ‚
2188 1303 2224 1342 p.
2244 1291 2420 1331 753-755

1463 1351 1686 1401 subjunctis
1711 1353 1815 1389 notis
1844 1363 1929 1401 pag.
1955 1349 2059 1400 758,
2085 1362 2168 1402 seq.
2197 1356 2238 1390 et
2267 1353 2420 1391 Litania

1462 1415 1586 1451 veteri
1613 1412 1839 1462 Corbejensi
1864 1424 1949 1463 pag.
1975 1411 2066 1452 762.

1516 1476 1660 1513 Petrus
1684 1474 1730 1513 cle.
1754 1474 2027 1523 CORBOLIO,
2052 1486 2101 1514 ex
2126 1475 2322 1515 Canonico
2350 1477 2420 1514 Pa-

1463 1538 1616 1574 risiensi
1643 1538 1944 1575 Cameracensis
1971 1538 2195 1587 Episcopus
2217 1541 2257 1576 et
2281 1537 2423 1576 deinde

1463 1599 1511 1637 ab
1531 1598 1645 1636 Anno
1668 1597 1768 1637 1200
1789 1597 1836 1636 ad
1863 1598 1979 1638 1222.
2000 1597 2333 1649 Archiepiscopus
2358 1599 2427 1638 Se-

1463 1661 1664 1697 nonensis.
1702 1661 1861 1699 Praeter
1897 1661 2102 1699 Summam
2141 1659 2426 1709 Quaestionum

1467 1720 1809 1772 Theoloyicarum,
1836 1733 1957 1771 quam
1987 1722 2066 1760 MS.
2095 1723 2246 1760 evolvit
2270 1723 2425 1760 Launo-

1457 1781 1551 1831 jus,
1582 1784 1741 1833 scripsit
1772 1782 2118 1822 Commentarium
2153 1782 2193 1820 in
2220 1782 2425 1831 Psalmos,

1462 1842 1558 1881 Vide
1582 1855 1683 1892 quae
1708 1844 1892 1883 Oudinus
1916 1848 2011 1882 tom.
2037 1845 2116 1895 ΙΙΙ,
2139 1855 2225 1895 pag.
2252 1844 2314 1882 33.
2340 1854 2424 1894 seq.

1461 1916 1510 1943 ex
1535 1905 1852 1944 sammarthanis
1875 1909 1969 1944 tom.
1996 1906 2023 1944 Ι.
2053 1905 2201 1944 Galliae
2232 1904 2429 1945 Christia-

1463 1977 1535 2004 nae
1558 1977 1645 2016 pag.
1669 1967 1746 2005 635
1770 1970 1809 2004 et
1834 1967 1980 2006 Bulaeo
2004 1970 2098 2004 tom.
2125 1967 2174 2006 IV
2198 1970 2238 2004 et
2257 1966 2301 2005 V.
2329 1966 2423 2004 hist.

1461 2026 1697 2065 Academiae
1727 2028 1962 2066 Parisiensis
1992 2039 2082 2078 pag.
2111 2028 2200 2067 106.
2229 2028 2287 2066 Ex
2320 2028 2428 2066 Hen—

1462 2088 1530 2125 rici
1559 2087 1834 2126 Gandavensis
1864 2099 1948 2138 cap.
1981 2089 2031 2126 33
2069 2088 2118 2126 de
2154 2087 2420 2138 Scriptoribus

1460 2148 1612 2186 Eccles.
1644 2147 1744 2185 adde
1773 2148 1944 2186 eundem
1976 2149 2272 2188 Corboliensem
2303 2150 2423 2187 etiam

1464 2211 1585 2245 totum
1600 2207 1827 2259 Apostolum
1848 2209 2090 2260 eoeposuz'sse
2110 2207 2294 2248 subiliter
2313 2212 2351 2247 et
2367 2220 2429 2247 co-

1457 2270 1594 2320 piose,
1619 2270 1812 2321 appositis
1832 2272 1902 2310 SS.
1929 2272 2101 2309 Petrum
2123 2270 2324 2310 sententiis
2339 2302 2350 2319 ,
2377 2270 2429 2309 lo-

1463 2331 1518 2369 eis
1547 2330 1715 2381 se'ngyulz's
1745 2326 2079 2370 convenientibus.

1516 2391 1647 2430 AElz'us
1670 2393 1814 2431 Jum'us
1840 2394 1873 2441 a)
1901 2393 2128 2440 CORDUS,
2153 2393 2220 2442 qui
2252 2393 2428 2431 Maximi-

1463 2464 1603 2492 norum
1628 2458 1667 2491 et
1689 2454 1976 2493 Gordianorum
2001 2454 2272 2504 temporibus,
2291 2454 2428 2504 singu-

1463 2515 1530 2553 lari
1570 2515 1686 2552 homo
1724 2516 1881 2564 ingenio
1917 2526 1995 2553 non
2031 2516 2105 2553 nisi
2145 2515 2425 2554 obscuriorum

1463 2577 1744 2625 Imperatorem
1764 2577 1869 2614 vitas
1890 2576 2048 2615 tradere
2065 2580 2105 2613 et
2120 2576 2157 2613 in
2179 2575 2245 2613 his
2271 2577 2424 2614 minuta

1462 2649 1506 2676 ac
1537 2638 1674 2676 frivola
1698 2638 1745 2676 ad
1773 2638 1955 2676 fabellam
1995 2648 2123 2687 usque
2158 2637 2347 2687 persequi
2387 2640 2427 2673 et
2499 2655 2500 2661 =

1461 2700 1688 2748 voluptates
1717 2699 1958 2738 domesticas
1993 2698 2230 2748 intimasque
2253 2709 2316 2736 res
2354 2697 2427 2736 du-
2498 2705 2500 2710 ·

1461 2761 1518 2798 xit
1548 2772 1690 2810 operae
1722 2762 1931 2811 praetium.
1955 2759 2053 2799 Vide
2089 2771 2192 2810 quae
2219 2770 2306 2810 pag.
2335 2757 2423 2798 179.

1462 2823 1627 2860 Vossius
1656 2834 1704 2861 ex
1739 2823 1829 2860 Julii
1853 2821 2061 2872 Capitolini
2086 2821 2310 2860 Maximinis
2338 2831 2423 2871 cap.

1463 2883 1508 2931 -1,
1539 2884 1580 2930 6,
1608 2884 1669 2923 12.
1694 2882 2074 2933 Maximinojuniore
2098 2893 2182 2933 cap.
2206 2883 2241 2930 1,
2266 2882 2311 2929 2,
2336 2883 2372 2930 3,
2388 2883 2424 2930 5,

1460 2944 1670 2983 Gordianis
1691 2942 2240 2993 εορ.,2,12,1-1.17,19,
2259 2942 2301 2981 21
2327 2971 2336 2990 ,
2357 2943 2424 2991 22,

1459 3006 1526 3053 26,
1551 3007 1592 3044 31
1619 3036 1626 3054 ,
1652 3006 1714 3043 33.
1738 3006 1949 3043 Maximino
1973 3009 2013 3042 et
2046 3004 2207 3042 Balbino
2243 3013 2327 3052 cap.
2370 3003 2419 3051 Ιι,

1464 3067 1524 3105 12.
1542 3067 1773 3105 Recentiore
1790 3067 1979 3104 memoria
1995 3065 2218 3103 celebratur
2229 3062 2425 3102 Eurz'cz‘us

1523 3179 1556 3218 a)
1580 3182 1624 3209 De
1652 3176 1827 3210 crematio
1846 3176 1977 3206 CORDO
1996 3173 2175 3205 Annalium
2200 3173 2365 3212 scriptore
2384 3174 2435 3206 dl-

1465 3232 1556 3259 ctum
1580 3227 1620 3258 ad
1645 3229 1759 3257 Dionis
1795 3233 1868 3265 pag.
1903 3223 1975 3253 610.
2001 3226 2033 3253 et
2061 3224 2093 3253 in
2118 3221 2320 3254 Bibliotheca
2343 3225 2434 3254 Lali-

495 3253 664 3290 ,innuis-s
686 3255 923 3293 (IORBEJAE
939 3256 1155 3292 saxonicae
1172 3254 1323 3303 antiqui
1346 3253 1394 3290 ab

443 3313 514 3347 λιι.
540 3315 614 3350 8133
642 3326 765 3362 usque
787 3315 833 3351 ad
858 3314 951 3353 1171
980 3320 1069 3364 post
1094 3316 1241 3365 primos
1265 3319 1398 3353 aucto-

1471 3285 1524 3307 na.
1551 3280 1596 3307 De
1622 3277 1754 3308 CORDO
1777 3275 1876 3306 Poeta
1902 3273 2022 3304 vitioso
2038 3294 2046 3309 ,
2069 3270 2109 3301 ad
2135 3271 2286 3304 Juvenal.
2308 3273 2362 3303 sat
2402 3272 2431 3311 1,

1466 3335 1548 3357 vers.
1572 3328 1602 3356 ²2.
