2500 4009
399 201 451 242 78
851 198 854 199 ⁷
1166 205 1611 258 AMBROSlUS

401 273 641 322 Trithemio‚
662 275 772 314 Sixto
794 275 960 314 Senensi
985 275 1174 326 aliisque,
1197 277 1265 328 qui
1290 277 1358 316 ho-

399 347 488 375 rum
520 338 696 387 vestigiis
731 338 943 385 insistunt,
968 337 1219 377 Ambrosium
1252 339 1358 378 hunc

398 399 583 438 confundi
599 412 688 439 eum
705 399 968 439 AUTPERTO
985 398 1135 439 Abbate
1152 400 1361 441 Cusinensi

397 461 446 498 ab
464 461 578 500 Anno
602 462 676 499 834
700 461 749 499 ad
773 461 873 509 837,
893 462 942 501 de
961 475 1039 514 quo
1060 465 1200 503 Petrus
1224 465 1358 503 Diaco-

399 534 474 562 nus
504 517 586 573 cap.
615 524 663 562 43
684 528 724 561 et
748 523 795 562 ad
820 535 912 563 eum
936 525 992 563 Jo.
1029 527 1207 577 Baptista
1226 527 1356 566 Marus

397 596 481 634 pag.
501 584 575 623 472
594 585 645 634 sq.
667 585 730 624 vel
747 596 838 624 cum
852 586 926 625 alio
940 588 1058 626 etiam
1071 586 1225 638 juniore
1236 589 1354 639 hujus

397 647 576 685 nominis.
601 646 662 686 Ad
690 646 929 687 Autbertum
955 650 1235 689 Cassinensem
1255 651 1355 689 refe-

394 713 487 748 runt
510 710 738 748 Sermonem
757 709 798 749 in
819 711 1100 750 assumtionem
1122 712 1278 752 Mariae
1298 715 1355 751 in-

392 776 453 809 ter
475 770 786 823 Augustini-anos
821 773 870 812 de
904 775 1087 824 Sanctis,
1108 780 1147 814 et
1176 777 1214 813 in
1239 776 1355 814 Com-

391 833 515 872 befisii
532 834 774 875 Bibliotheca
789 836 1084 876 Concionatoria
1102 851 1109 876 ε
1127 838 1353 877 Sermonem

391 895 438 934 de
462 896 742 948 Purificatione
770 898 813 937 B.
851 898 1008 938 Mariae.
1047 899 1242 951 Vi'ryinis,
1266 902 1351 939 sive

391 957 438 997 de
457 957 616 998 lectione
638 959 848 1012 Evanyelii
865 963 956 1000 Luc.
979 963 1011 1001 11
1033 962 1083 1001 22
1104 973 1185 1013 seq.
1210 962 1258 1002 ad
1274 963 1352 1002 cal-

390 1031 476 1059 cem
500 1033 663 1073 operum
685 1024 723 1062 S.
746 1023 944 1062 Ambrosii
968 1024 1060 1063 edit.
1082 1026 1200 1064 Paris.
1223 1026 1350 1073 46427

391 1083 493 1123 4665
514 1088 588 1123 etc..
609 1089 649 1124 et
672 1086 710 1123 in
731 1086 863 1125 Veteri
883 1087 1124 1134 Homiliario,
1140 1099 1258 1138 quem
1277 1088 1351 1127 sub

389 1145 545 1185 Alcuini
569 1148 725 1186 nomine
745 1148 866 1187 edidit
886 1149 1071 1188 Baluzius
1086 1154 1177 1188 tom.
1200 1151 1227 1188 Ι.
1244 1151 1348 1189 Misc.

389 1220 475 1259 pag.
501 1209 577 1247 382
601 1214 687 1248 tum
710 1211 918 1250 Sermones
948 1210 988 1249 in
1013 1210 1169 1250 laudem
1191 1212 1230 1251 S.
1251 1213 1352 1251 Mat-

391 1269 493 1309 thiae
508 1270 684 1322 Apostoli
703 1268 952 1325 aliorumque
974 1275 1226 1313 Sanctorum:
1243 1278 1284 1312 et
1305 1274 1352 1314 de

388 1332 602 1372 Nativitate
616 1334 833 1381 Mariaeaet
848 1335 889 1374 in
903 1334 1048 1388 festum
1064 1336 1236 1375 omnium
1253 1338 1353 1376 San-

388 1399 557 1445 ctorum,
574 1397 799 1436 Sermonem
818 1397 864 1436 de
880 1397 1094 1451 cupiditate
1115 1429 1122 1448 ,
1140 1399 1352 1439 habentem

389 1459 682 1510 Scripturarum
707 1462 933 1500 testimonia
965 1462 1162 1511 octoginta
1180 1492 1188 1510 ,
1209 1464 1276 1512 qui
1297 1464 1354 1500 in-

391 1522 500 1572 cipit:
522 1522 761 1562 Sanctorum
792 1522 1024 1562 Ecclesia-m.
1057 1524 1289 1563 Sermonem
1314 1524 1354 1563 in

390 1581 631 1623 dedicatione
649 1584 861 1625 Ecclesiae.
884 1586 1109 1625 Orationem
1134 1590 1271 1625 contra
1293 1597 1353 1626 se-

384 1645 488 1697 pties
510 1650 654 1698 septem
677 1647 788 1687 vitia.
810 1649 1016 1688 Homiliam
1042 1648 1083 1686 in
1104 1649 1236 1689 Marci
1252 1651 1306 1688 ΙΧ
1326 1650 1352 1690 2

389 1719 468 1760 seq.
493 1713 567 1748 etc.
594 1709 771 1760 Denique
796 1711 939 1750 librum
962 1710 1009 1749 (le
1031 1710 1213 1761 conflictu
1241 1711 1354 1750 vitio-

389 1782 482 1809 rum
502 1773 539 1809 et
556 1771 749 1810 virtutum
765 1773 866 1811 inter
886 1774 923 1812 S.
944 1772 1140 1811 Ambrosii
1160 1777 1200 1811 et
1219 1772 1352 1825 Augu-

389 1835 482 1872 stini
506 1835 551 1883 a)
573 1834 700 1886 Opera
723 1836 880 1886 saepius
901 1835 1064 1874 editum.

443 1894 725 1935 AMBROSIUS
743 1896 792 1945 b)
817 1898 1114 1946 Traversarius,
1135 1902 1255 1938 natus
1272 1910 1349 1937 non

389 1957 523 2008 procul
552 1958 745 1997 Florentia
769 1959 807 1997 in
832 1959 944 2010 opido
979 1961 1119 1999 Portici
1145 1961 1348 2011 (Portico)

388 2020 689 2068 Romandiolae,
715 2021 800 2058 sive
828 2021 1040 2060 Flaminiae
1063 2021 1136 2060 An.
1164 2021 1264 2062 4376
1294 2023 1352 2061 di-

392 2082 568 2132 scipulus
603 2083 764 2120 Joannis
801 2084 973 2131 Ferreti,
1009 2083 1275 2122 Ravennatis:
1310 2089 1350 2122 et

391 2143 621 2181 Emanuelis
657 2143 917 2193 Chrysolorae
954 2144 1186 2193 Byzantini,
1215 2149 1350 2195 postea

394 2205 499 2243 Prior
534 2205 663 2243 Eremi
704 2203 1044 2254 Camalclulensis,
1079 2210 1118 2244 et
1154 2207 1202 2245 ab
1237 2205 1351 2245 Anno

394 2268 487 2305 4431
520 2268 641 2305 totius
665 2267 822 2306 Ordinis
850 2268 1072 2316 GeneraliS,
1097 2268 1288 2318 probitate
1313 2273 1352 2305 et

391 2328 566 2367 doctrina
588 2329 782 2378 inclytus,
799 2329 916 2379 cujus
940 2334 1065 2368 morte
1085 2329 1217 2369 audita
1237 2342 1350 2380 quae,

392 2395 435 2429 ut
455 2392 508 2429 ait
536 2390 735 2430 Arnoldus
766 2392 881 2429 Wion
911 2396 1016 2429 tomo
1046 2393 1072 2430 I.
1104 2393 1211 2439 Ligni
1241 2393 1351 2431 Vitae

391 2465 476 2504 pag.
507 2454 574 2500 38,
601 2465 678 2492 non
712 2455 796 2491 sine
826 2455 967 2492 veneni
998 2455 1219 2504 suspicione
1249 2466 1350 2493 anno

392 2517 504 2555 4439.
527 2517 744 2555 Florentiae
765 2516 809 2555 24
840 2516 1019 2556 Octobris
1039 2516 1199 2566 accidit⁷
1223 2517 1353 2565 Euge-

392 2580 480 2616 nius
496 2578 543 2616 IV
560 2579 742 2616 lacrimas
757 2579 959 2617 continere
976 2589 1053 2615 non
1070 2578 1225 2626 valens,
1244 2578 1352 2616 iden-

393 2639 512 2678 tidem
531 2640 803 2689 ingeminavit:
821 2638 1091 2690 Ambrosifili,
1110 2639 1200 2691 quis
1211 2644 1244 2679 te
1259 2640 1356 2679 milii

392 2701 559 2753 eriJmit,
584 2701 671 2753 quis
705 2701 904 2741 Ecclesiae
933 2704 1079 2741 Lumen
1101 2702 1197 2741 adeo
1221 2703 1353 2741 intem-

386 2764 537 2813 pestive
567 2763 770 2803 eoetinaeit?
799 2764 1144 2803 camaldulensem
1173 2777 1351 2804 eremum

390 2836 477 2863 aere
497 2825 663 2864 describi
687 2828 842 2865 curavit
859 2827 1030 2865 Joannes
1049 2826 1294 2865 Mabillonius
1312 2827 1349 2864 in

391 2887 528 2926 itinere
558 2888 690 2926 Italico
718 2899 804 2938 pag.
826 2888 913 2936 400,
944 2888 1009 2927 ubi
1038 2887 1290 2927 Ambrosium
1312 2890 1348 2926 in

390 2948 564 2986 Oratorio
595 2950 679 2986 sine
710 2949 836 3000 lapide
861 2953 901 2987 et
930 2949 1045 2989 titulo
1074 2950 1275 3000 sepultum
1293 2949 1352 3000 ja—

392 3020 479 3047 cere
496 3010 731 3061 indignatur.
751 3012 989 3051 Defunctum
1007 3013 1190 3052 Oratione
1201 3012 1349 3052 funebri

393 3078 625 3119 prosecutus
650 3078 711 3112 est
736 3073 952 3124 discipulus
976 3073 1062 3125 ejus
1100 3076 1239 3125 Pogius
1269 3075 1353 3114 1³10-

449 3184 482 3222 a)
506 3189 596 3219 Tom.
619 3190 658 3218 Vl
677 3189 756 3220 edit.
775 3191 879 3220 Amst.
898 3196 972 3228 pag.
988 3188 1061 3220 699.

450 3234 485 3271 b)
511 3236 661 3268 Giornale
679 3238 729 3269 de‘
743 3240 901 3270 Letterati
930 3239 961 3270 d'
976 3239 1071 3270 ltalia
1094 3242 1174 3271 tom.
1194 3242 1234 3271 lx
1249 3265 1259 3280 ,
1280 3247 1353 3280 pag.

394 3281 465 3363 3593.
485 3285 564 3315 Acta
581 3286 800 3321 Eruditorum
817 3292 897 3321 tom.
915 3290 999 3322 vill.
1025 3289 1250 3330 supplementi
1276 3297 1350 3330 pag.

416 3342 466 3364 οἱ).

1428 279 1607 318 rentinus
1634 284 1736 320 teste.
1765 282 1900 322 Vossio
1929 282 1978 322 de
2006 284 2207 324 Historicis
2236 286 2384 326 Latinis

1429 351 1513 390 pag.
1532 341 1619 391 556,
1637 353 1756 393 quam
1777 348 1910 384 tamen
1931 346 2033 384 inter
2055 346 2261 388 Orationes
2280 349 2386 401 Pogii

1429 401 1554 441 editas
1570 414 1645 442 non
1661 407 1822 456 reperio.
1844 406 1955 446 Vitae
1970 407 2057 458 ejus
2073 411 2293 451 narratione
2307 410 2388 451 Au—

1429 465 1614 514 gustinus
1649 467 1900 506 Florentinus
1935 469 2078 509 librum
2111 473 2273 511 tertium
2301 475 2386 513 sive

1428 527 1614 567 ultimum
1634 530 1893 568 Historiarum
1922 541 2084 570 suarum
2113 533 2388 574 camaldulen-

1428 589 1529 628 sium
1560 590 1779 639 conclusit,
1809 590 2004 631 editarum
2033 592 2250 633 Florentiae
2284 595 2386 636 4575

1429 646 1495 688 4.‘⁰
1511 650 1638 690 Aliam
1655 651 1892 691 Edmundus
1906 653 2080 693 Martene
2095 654 2275 705 praefixit
2283 660 2388 695 tomo

1428 713 1544 751 tertio
1554 712 1744 752 Veterum
1752 715 2109 765 Monumentorum,
2120 717 2277 756 Parisiis
2286 719 2300 758 4
2310 717 2388 759 724

1428 775 1489 813 fol.
1500 775 1539 812 in
1552 786 1630 824 quo
1647 775 1864 815 Clarissimi
1874 775 2040 817 Abbatis
2056 778 2168 818 Petri
2180 779 2388 830 Cannetic)

1426 840 1684 887 praevertens
1703 839 1965 890 propositum,
1982 844 2138 891 praeter
2161 839 2284 881 libros
2296 841 2391 894 Epi-

1425 897 1618 937 scolarum
1648 899 1843 939 Ambrosii
1861 905 1935 952 ,·et
1963 912 2048 954 pag.
2078 901 2155 941 706
2184 904 2388 956 prologum

1424 961 1621 1001 Michaelis
1659 962 1836 1002 Monachi
1862 962 1910 1002 ad
1948 964 2136 1004 Cosmum
2172 966 2388 1018 Medicam,

1423 1024 1610 1074 Epistolis
1627 1025 1701 1063 illis
1710 1026 1962 1076 praemissas,
1981 1025 2142 1066 exhibet
2150 1028 2269 1067 etiam
2280 1040 2390 1079 prae-

1427 1085 1590 1124 fationes
1618 1086 1813 1126 Ambrosii
1837 1088 1876 1126 in
1905 1088 2054 1127 Graeca
2078 1089 2225 1140 scripta
2253 1091 2389 1130 Latine

1425 1147 1473 1186 ab
1499 1149 1581 1198 ipso
1606 1149 1796 1188 translata
1812 1181 1822 1199 ,
1844 1154 1891 1189 ut
1915 1150 1955 1188 in
1978 1148 2205 1190 Palladium
2228 1150 2275 1191 de
2306 1151 2391 1192 Vita

1425 1210 1464 1249 S.
1500 1208 1791 1261 Clcrysostomi,
1815 1224 1900 1263 pag.
1934 1212 2022 1251 693.
2051 1211 2322 1265 Chrysostomi
2346 1212 2390 1253 li-

1427 1269 1518 1311 bros
1547 1272 1614 1310 III
1633 1272 1680 1311 de
1712 1273 1966 1313 Providentia
1993 1274 2042 1314 ad
2062 1275 2274 1329 Stagirium
2301 1288 2388 1328 pag.

1427 1334 1503 1374 695
1526 1339 1566 1373 et
1588 1334 1784 1376 adversus
1807 1335 1912 1376 vitae
1929 1337 2172 1377 Monasticae
2187 1337 2391 1389 vitupera-

1428 1399 1531 1436 tores
1552 1409 1637 1448 pag.
1657 1398 1745 1437 697.
1765 1399 1955 1438 Joannem
1976 1399 2195 1440 Climacum
2210 1412 2296 1452 pag.
2313 1401 2388 1439 699

1427 1459 1466 1497 S.
1491 1459 1685 1498 Basz'lium
1705 1459 1752 1499 de
1770 1473 1870 1500 vera
1888 1461 2116 1513 viryinitate
2134 1474 2221 1514 pag.
2239 1461 2328 1502 700.
2348 1464 2388 1503 S.

1428 1520 1650 1572 Eplzraemi
1666 1523 1748 1562 VII.
1770 1522 1965 1563 Homilias
1985 1535 2071 1575 pag.
2096 1523 2173 1564 702
2193 1528 2235 1564 et
2255 1523 2392 1575 Dioqe-

1426 1594 1514 1621 nem
1528 1584 1730 1624 Laertium
1745 1597 1830 1637 pag.
1848 1585 1935 1625 704.
1952 1587 2019 1625 His
2035 1585 2176 1625 deinde
2190 1586 2390 1637 Epistolas

1429 1646 1624 1696 quasdam
1644 1649 1819 1686 virorum
1844 1648 2049 1687 doctorum
2073 1648 2121 1687 ad
2137 1647 2389 1689 Ambrosium

1427 1707 1635 1758 subjunxit
1658 1721 1745 1760 pag.
1766 1709 1948 1750 707-728
1968 1714 2008 1749 et
2022 1709 2216 1749 Ambrosii
2238 1710 2393 1762 Episto-

1427 1768 1505 1808 lam
1519 1770 1573 1809 ad
1586 1772 1784 1810 Bronium
1798 1773 1938 1812 ICtum
1958 1772 2006 1811 de
2022 1772 2131 1812 obitu
2149 1772 2293 1812 Nicolai
2308 1773 2393 1812 Flo-

1425 1833 1568 1871 rentini
1590 1845 1676 1884 pag.
1700 1833 1790 1873 737.
1810 1835 1938 1874 Vertit
1957 1834 2075 1874 etiam
2092 1835 2228 1874 Latine
2247 1837 2392 1887 scripta

1427 1893 1627 1947 Dionysiii
1638 1895 1900 1948 Areopaye‘tae
1909 1896 2015 1936 edita
2034 1897 2191 1948 saepius
2207 1901 2296 1948 post
2310 1897 2392 1936 edi-

1429 1957 1576 1995 tionem
1613 1959 1732 1997 Paris.
1772 1959 1885 1999 4498.
1916 1960 1955 1998 S.
1993 1956 2256 1997 Athanasium
2299 1970 2387 1997 con-

1423 2021 1489 2055 tra
1536 2018 1693 2067 Gentes,
1744 2018 2012 2071 Clirysostomi
2055 2019 2096 2057 in
2139 2019 2389 2071 Mamaeum,

1424 2083 1461 2117 et
1501 2079 1584 2118 alia
1615 2080 1807 2132 opuscula
1848 2080 2001 2120 diversi
2039 2081 2266 2132 aryumenu·
2279 2111 2287 2132 ‚
2316 2083 2385 2122 So—

1419 2140 1582 2191 phronii
1623 2146 1661 2180 ec
1696 2141 2040 2183 JoannisMosehi
2068 2147 2234 2194 pratum
2269 2143 2387 2195 spiri-

1431 2201 1536 2241 tuale
1557 2216 1567 2240 :
1614 2203 1830 2243 Eusebium
1876 2203 1923 2243 de
1977 2208 2147 2256 tempore
2194 2207 2389 2246 Resurre-

1425 2266 1562 2305 ononis
1587 2266 1806 2306 CHRISTI.
1832 2266 1956 2307 Vitam
1995 2266 2180 2318 Greyorii
2208 2267 2385 2307 Nazian-

1427 2327 1535 2376 zenz',
1559 2329 1746 2367 loannem
1782 2330 2070 2368 Damascenum
2108 2333 2148 2367 et
2186 2327 2387 2369 Andream
2438 2344 2440 2346 ·

1427 2391 1653 2430 Cretensem
1681 2390 1727 2429 de
1757 2390 1987 2430 dormitione
2026 2392 2070 2429 B.
2113 2390 2306 2442 Virqinis,
2347 2397 2387 2431 et

1425 2451 1618 2492 Manuelis
1657 2452 1821 2493 Calecae
1856 2452 1981 2493 libros
2007 2454 2066 2493 IV
2098 2452 2145 2492 (le
2182 2452 2390 2493 erroribus

1426 2514 1668 2553 Graecorum
1683 2547 1693 2564 ,
1728 2515 1776 2554 de
1799 2516 1943 2566 quibus
1968 2515 2138 2567 singulis
2161 2515 2241 2554 dixi
2266 2516 2304 2554 in
2324 2516 2387 2555 Bi-

1425 2577 1615 2616 bliotheca
1638 2578 1785 2617 Graeca
1830 2579 1914 2617 suis
1938 2579 2051 2625 locis,
2082 2581 2127 2617 ut
2168 2577 2217 2616 de
2247 2577 2387 2618 Caleca

1426 2643 1530 2677 tomo
1563 2641 1598 2678 X
1640 2651 1725 2691 pag.
1766 2641 1853 2680 424.
1879 2641 2111 2691 Magnopere
2145 2639 2387 2679 laudandum

1425 2699 1619 2739 Ambrosii
1635 2701 1829 2749 studium,
1847 2703 1939 2741 licet
1958 2714 2042 2741 rem
2061 2713 2135 2741 acu
2152 2703 2189 2740 in
2206 2702 2387 2741 omnibus

1426 2774 1502 2801 non
1523 2765 1668 2815 tetigit,
1689 2768 1735 2803 ut
1754 2764 1850 2803 adeo
1875 2765 1987 2816 loligo
2012 2776 2120 2804 mera
2144 2764 2260 2803 fuerit
2290 2764 2388 2801 invi-

1424 2825 1647 2876 ‹liae,quam
1657 2826 1896 2878 Philelphus,
1913 2827 1965 2866 illi
1979 2826 2236 2877 quantumvis
2250 2825 2386 2873 amico⁷

1424 2891 1503 2925 tam
1546 2888 1683 2927 acerbe
1720 2887 1936 2927 detrahens
1974 2890 2013 2926 in
2050 2888 2202 2938 Satyris
2230 2887 2313 2925 suis
2346 2891 2385 2924 et

1423 2949 1610 2999 Epistolis
1647 2949 1809 3001 prodere
1854 2962 1932 2988 non
1965 2949 2173 2988 dubitavit:
2198 2951 2316 2997 atque
2348 2949 2381 2986 si

1425 3013 1583 3051 lovium
1607 3011 1808 3060 audimus,
1848 3012 1920 3050 fuit
1942 3010 2173 3050 Ambrosius
2201 3009 2263 3047 hic
2290 3009 2381 3058 vir,

1426 3073 1529 3125 quod
1549 3085 1645 3112 raro
1669 3072 1811 3121 evenit,
1837 3072 1921 3113 sine
1936 3071 2017 3112 oris
2033 3070 2195 3111 tristitia
2208 3074 2382 3120 sanetus,

1482 3288 1524 3327 c)
1551 3287 1703 3321 Cion-nale
1729 3286 1778 3320 de'
1795 3285 1949 3319 Lettcrati
1971 3283 2003 3316 d'
2021 3284 2116 3318 ltalia
2139 3286 2218 3316 tom.
2239 3284 2279 3315 lx
2306 3291 2383 3323 pag.

1419 3336 1490 3369 ⁶201.
