2500 4009
398 245 477 285 298

401 317 529 366 capite
553 316 683 358 sexto,
701 316 828 356 neque
853 303 925 341 alia
944 302 980 339 in
1004 299 1202 350 praesenti
1220 296 1356 347 habeo,

404 387 505 426 quae
538 375 652 412 dietis
675 368 816 408 addam
840 375 960 415 quam
985 360 1263 402 Calendarium
1284 358 1359 397 An.

407 437 559 478 Cllristi
596 433 671 471 :3334
706 425 1034 471 chmbecianum,
1059 435 1109 461 ex
1138 421 1225 472 ejus
1254 425 1361 458 tomo

409 501 568 548 quarto,
588 498 623 531 et
641 489 798 530 Graevii
822 492 928 525 tomo
949 485 1049 524 viii.
1071 495 1150 523 una
1169 494 1261 522 cum
1288 483 1365 520 ico-

410 550 725 596 nibus‘rocusum
741 554 899 588 exstare
907 548 1026 586 etiam
1038 548 1075 584 in
1088 545 1365 596 supplemento

410 615 670 666 Antiquitatis
687 613 906 650 illustratae
922 608 1168 647 celeberrimi
1185 607 1265 645 Viri
1277 607 1368 643 Ber-

412 677 522 717 nardi
551 676 600 715 de
636 674 912 714 Montfaucon:
952 672 1235 720 Fragmentum
1274 677 1368 706 vero

413 738 799 779 Commentariorum
815 765 825 782 ‚
864 743 964 783 quos
1003 733 1040 769 in
1083 731 1177 770 illud
1216 730 1373 782 paravit

412 803 678 850 hieronymus
701 795 922 854 Alcandeq,
948 796 985 832 in
1010 793 1174 844 Philippi
1199 804 1222 831 a
1246 794 1371 831 Turre

414 861 686 901 monumentis
722 858 878 897 Veteris
913 856 1022 894 Antii
1059 867 1145 906 pag.
1180 854 1257 893 222
1287 864 1370 903 seq.

415 929 522 962 tomo
554 923 654 961 Vlll.
689 921 884 959 Thesauri
919 919 1051 957 ltaliae
1088 916 1373 956 Burmanniani

415 990 526 1036 parte
550 984 612 1023 lv.
637 985 841 1029 Inteerum
867 992 1025 1032 quoque
1052 979 1147 1019 illud
1184 977 1376 1018 Calenda-

418 1049 541 1089 rium,
564 1046 633 1084 sed
659 1047 744 1083 sine
771 1044 963 1091 iconibus,
984 1054 1033 1080 ex
1050 1041 1191 1080 Codice
1215 1040 1376 1079 ,loannis

419 1109 653 1159 Cuspiniani
695 1107 803 1145 dedit
839 1104 1045 1145 Conradus
1079 1103 1302 1152 Janningus
1336 1102 1374 1139 ln

419 1171 531 1209 Actis
556 1170 792 1208 Sanctorum
825 1172 930 1205 tomo
951 1166 1031 1204 Vll.
1063 1165 1168 1202 Junii
1190 1174 1277 1214 pag.
1301 1163 1377 1202 478

421 1244 500 1270 una
524 1243 614 1269 cuni
639 1231 713 1268 alio
733 1228 966 1268 Calendario
986 1228 1149 1276 antiquo
1170 1224 1383 1264 Ptolemaei

422 1293 551 1344 Sylvii·
570 1292 643 1331 An.
667 1292 821 1330 Cllristi
848 1290 923 1328 its
951 1289 998 1327 ad
1022 1288 1265 1327 Eucherium
1290 1287 1382 1337 Epi-

424 1365 588 1405 scopum
607 1384 614 1401 ,
640 1366 689 1392 ex
711 1352 853 1392 Codice
872 1352 1007 1400 MSto,
1033 1351 1099 1399 qui
1125 1348 1230 1399 apud
1252 1350 1384 1387 Jesui-

424 1421 487 1453 tas
510 1415 766 1465 Antwerpiae
791 1416 988 1451 servatur.
1013 1413 1169 1449 Partem
1196 1410 1384 1460 vulgave-

425 1482 486 1516 rat
501 1478 674 1515 Joannes
688 1474 902 1514 Bollandus
916 1473 1157 1523 praefatione
1168 1471 1215 1509 ad
1231 1476 1383 1510 tomum

426 1539 456 1577 1.
489 1539 663 1577 Januarii
692 1549 778 1587 pag.
812 1536 946 1574 XLIV.
977 1534 1041 1572 ubi
1065 1533 1114 1571 de
1143 1533 1386 1572 Calendariis

429 1600 548 1639 medii
576 1601 664 1638 aevi
693 1598 930 1637 Christianis
948 1595 1102 1634 erudite
1123 1595 1294 1633 disserit.
1313 1596 1388 1634 Ca-

428 1661 652 1700 lendarium
684 1657 991 1705 Ambrosz'anae,
1027 1661 1067 1695 et
1093 1657 1263 1695 alterum
1287 1656 1389 1695 Sito-

433 1724 575 1761 nianae
603 1722 865 1761 Bibliothecae
889 1719 1040 1766 (Caroli
1070 1719 1221 1766 Sitoni,
1244 1718 1388 1757 Medio-

431 1786 624 1832 lanensis)
644 1784 765 1822 edidit
782 1783 1009 1833 praeclarus
1031 1780 1268 1819 Muratorius
1290 1784 1386 1817 tom.

430 1848 464 1885 ΙΙ
489 1848 724 1897 scriptorum
747 1845 879 1882 ltaliae
896 1845 1008 1881 Parte
1029 1843 1061 1880 ll
1081 1871 1088 1885 ,
1109 1853 1196 1892 pag.
1220 1840 1322 1879 4027
1346 1845 1386 1878 et

430 1909 546 1946 4035.
573 1909 638 1946 llis
661 1906 832 1956 denique
847 1904 999 1944 accedit
1019 1904 1285 1953 fragmentum
1312 1903 1389 1940 Ka-

429 1969 592 2007 lendarii
624 1970 773 2007 veteris
796 1979 816 2006 a
841 1965 1029 2005 Kalendis
1052 1965 1143 2004 Julii
1171 1964 1221 2003 ad
1244 1964 1389 2003 Kalen-

429 2031 501 2069 das
523 2032 752 2077 JanuariaS,
774 2028 879 2078 quod
905 2030 942 2065 in
967 2027 1258 2077 Prolegomenis
1281 2030 1387 2064 tomo

431 2092 608 2131 secundo
622 2091 819 2130 Anastasii
836 2090 883 2128 de
904 2090 1004 2126 Vitis
1024 2088 1257 2126 Pontificum
1279 2099 1390 2137 prae-

435 2154 526 2191 fixis
548 2153 656 2190 dedit
689 2153 732 2191 V.
771 2153 813 2190 C.
850 2151 1087 2188 Franciscus
1121 2148 1388 2197 Blanchinus‚

434 2215 699 2261 Veronensis,
718 2214 862 2251 Romae
889 2211 991 2250 ⁴725
1020 2210 1082 2248 fol.
1107 2209 1388 2248 Calendarium

435 2276 624 2314 Breviarii
647 2275 809 2313 Romani
830 2277 962 2311 exstat
984 2273 1102 2310 etiam
1126 2273 1163 2308 in
1188 2272 1390 2311 Bartholo-

436 2338 535 2374 maei
567 2337 736 2374 Gavanti
774 2335 977 2373 Thesauro
1013 2334 1163 2372 rituum
1201 2337 1297 2371 tom.
1328 2334 1387 2382 ll,

434 2410 521 2450 pag.
541 2399 582 2438 2¹
596 2400 632 2441 2.

488 2460 704 2499 Gzcallerns
717 2459 965 2499 CALENIUS
980 2470 1028 2497 ex
1045 2458 1227 2497 Cambria
1239 2459 1392 2496 Britan-

433 2534 533 2570 nus,
558 2522 870 2560 ArchidiaconuS
899 2522 1138 2559 oxoniensis
1175 2522 1278 2559 circa
1309 2520 1391 2558 An-

434 2596 529 2622 num
562 2584 675 2623 4120.
711 2588 846 2633 postea
880 2585 998 2620 etiam
1035 2580 1143 2631 justa
1178 2583 1390 2620 nonnullos

432 2645 534 2695 apud
573 2646 732 2683 Baleum
758 2645 789 2682 11
816 2644 876 2682 65,
914 2644 1208 2681 Excestriensis
1231 2644 1392 2694 Episco-

432 2719 530 2757 pus,
559 2709 656 2755 (non
685 2711 727 2745 ut
750 2706 853 2757 apud
887 2706 1072 2744 Vossium
1111 2706 1387 2755 Oxoniensis.)

433 2768 614 2819 Gulfrt'do
632 2768 950 2807 Monemuthensi
969 2771 1106 2806 auctor
1127 2768 1218 2816 fuit,
1241 2771 1283 2806 ut
1306 2768 1390 2805 Bri-

431 2831 679 2868 tannicarum
702 2841 839 2879 regum
858 2829 1061 2867 historiam
1081 2858 1088 2875 ,
1108 2840 1228 2878 quam
1248 2840 1297 2867 ex
1316 2828 1390 2866 Ar-

435 2893 578 2929 morica
595 2892 666 2941 ipsi
684 2892 871 2940 scriptam
889 2891 1019 2940 lingua
1037 2891 1262 2928 Britannica
1276 2890 1390 2928 obtu-

435 2952 501 3000 lit,
528 2954 662 2990 Latine
700 2956 890 2990 verteret:
925 2952 1029 3002 quod
1064 2952 1263 2990 Galfridus
1299 2952 1390 2990 fecit

433 3019 667 3063 persecutus
682 3025 745 3052 res
761 3025 779 3051 a
798 3015 955 3051 Britone
977 3025 1103 3063 usque
1120 3014 1167 3052 ad
1186 3013 1393 3053 Cadwala-

434 3075 546 3112 druin
567 3105 574 3122 ,
592 3077 658 3125 qui
679 3076 794 3114 Anno
815 3076 966 3113 Cili-isti
993 3075 1068 3113 676
1094 3077 1196 3114 Patri
1220 3074 1391 3114 Cadwa-

434 3135 511 3171 lino
532 3139 736 3174 successit.
752 3138 848 3175 Huic
864 3137 1036 3175 (jalfrldo
1052 3138 1272 3176 auctarium
1293 3148 1390 3187 qua-

436 3194 730 3238 ‹lrinj-wntorurn
756 3210 949 3237 annorum
976 3212 998 3236 a
1021 3200 1180 3237 Calenio
1209 3198 1387 3237 additum

436 3265 512 3290 ¹¹0¹!
536 3258 742 3305 ineleganti
767 3271 949 3297 sermone
971 3265 1080 3298 notat
1105 3273 1153 3299 ex
1183 3259 1390 3310 Ranulpho

436 3316 500 3363 qui
525 3315 573 3353 de
603 3319 750 3367 legibus
784 3320 945 3370 Angliae
969 3323 1072 3361 circa
1103 3321 1263 3362 Annum
1290 3323 1391 3362 4234)

1208 221 1594 266 CALENlUs

1428 293 1613 343 scripsit,
1639 289 1742 329 idem
1777 287 1921 327 Baleus
1943 289 1984 324 et
2011 295 2060 322 ex
2098 284 2216 323 Baleo
2238 283 2397 323 Pitseus

1434 366 1521 406 pag.
1547 354 1635 393 498.
1653 351 1729 391 Sed
1755 350 1804 388 de
1825 346 2076 388 GALFRIDO
2093 346 2191 384 inira
2205 357 2278 385 suo
2292 346 2397 394 loco,

1435 421 1476 455 et
1504 415 1554 454 de
1590 412 1770 453 PONTIO
1813 409 1972 450 Virunt'o
1989 440 1999 457 ,
2035 409 2103 459 qui
2141 418 2213 446 sex
2247 408 2399 458 priores

1438 476 1600 517 Galfridi
1619 476 1740 514 libros
1757 503 1765 522 ,
1788 473 1948 511 omissis
1967 481 2069 521 quae
2094 469 2271 508 fabulosa
2288 467 2401 507 vide-

1439 541 1605 587 bantur,
1629 537 1780 587 redegit
1798 536 1834 573 in
1866 531 2144 583 compendium
2169 532 2207 569 in
2233 531 2400 581 gratiam

1440 601 1638 641 Badoerae
1659 629 1667 647 ,
1691 598 1936 637 clarissimae
1960 595 2201 633 Venetorum
2233 592 2402 631 familiae

1443 666 1466 703 a
1487 661 1724 702 Britannicis
1747 659 1840 696 olim
1864 653 2078 701 oriundae,
2102 657 2148 692 ut
2166 653 2268 690 bene
2291 655 2403 691 nota-

1445 730 1531 764 tum
1549 721 1754 762 Lambecio
1770 724 1865 757 tom.
1883 718 1934 765 ll,
1952 727 2038 766 pag.
2059 713 2148 753 479.
2163 713 2403 763 Galfridum,

1446 786 1711 832 pontiumque
1739 791 1831 819 cum
1856 779 1942 817 aliis
1977 787 2113 815 rerum
2149 774 2405 826 Anglicarum

1447 845 1705 898 scriptoribus
1729 842 1914 892 vulgatos
1933 838 2016 890 jam
2045 838 2264 877 memoravi
2286 848 2406 889 supra

1475 920 1534 960 ag.
1558 906 1622 945 97.

1447 921 1472 960 p
1501 966 1738 1008 Ambrosius
1759 963 2041 1005 CALEPINUS
2084 961 2217 1001 dictus
2236 972 2259 1000 a
2281 962 2409 1012 patria

1450 1027 1765 1082 Calepio,0ppido
1782 1028 1820 1064 in
1838 1023 2225 1066 Cenomanisltaliae
2239 1023 2411 1063 habente

1451 1104 1594 1133 nomen
1613 1091 1822 1130 abonitate
1839 1088 1936 1137 vini,
1952 1087 2057 1137 quod
2082 1081 2208 1123 καλὸν
2228 1081 2345 1124 πίνειν
2362 1086 2412 1134 a).

1452 1155 1768 1205 Augustinianus
1790 1151 1892 1189 vixit
1919 1149 2118 1199 Bergomi,
2156 1147 2223 1187 ubi
2258 1152 2414 1199 octoge-
2464 1185 2472 1190 ,

1453 1219 1561 1256 nario
1586 1214 1709 1265 major
1726 1217 1789 1251 est
1812 1216 1997 1251 mortuus
2019 1210 2091 1250 An.
2109 1210 2231 1260 4540,
2249 1210 2298 1249 30
2315 1210 2412 1249 Nov.

1453 1278 1598 1318 Perotti
1621 1281 1662 1315 et
1686 1275 1905 1314 multorum
1929 1273 2096 1311 aliorum
2120 1272 2332 1324 proficiens
2357 1273 2416 1310 in-

1456 1337 1890 1386 dustria,utilissimum
1906 1334 2082 1374 laborem
2098 1335 2286 1372 insumsit
2305 1334 2417 1373 ador-

1457 1399 1587 1439 nando
1616 1396 1862 1436 Dicte'onario
1886 1395 2049 1435 Latinae
2088 1394 2271 1446 linquae,
2300 1395 2418 1446 cujus

1457 1463 1583 1513 prima
1606 1460 1679 1499 An.
1723 1459 1824 1498 4505
1853 1458 2030 1497 secunda
2068 1458 2187 1497 editio
2216 1460 2418 1509 recognita

1458 1524 1506 1562 ab
1529 1526 1689 1561 auctore
1710 1522 1739 1560 V
1744 1525 1848 1559 enet.
1868 1521 1968 1560 4509
1994 1520 2058 1558 fol.
2079 1520 2196 1558 tertia
2219 1524 2260 1558 et
2275 1524 2418 1570 quarta

1459 1585 1702 1624 parisienses
1721 1594 1742 1622 a
1762 1582 1882 1621 Badio
1901 1581 2094 1620 Ascensio
2119 1581 2221 1620 4540
2246 1585 2286 1620 et
2302 1582 2418 1621 4525.

1459 1645 1518 1686 Ab
1541 1658 1586 1685 eo
1609 1650 1787 1696 tempore
1811 1645 1853 1693 b)
1878 1644 1999 1682 variis
2023 1643 2062 1680 in
2091 1643 2189 1681 locis
2211 1646 2252 1682 et
2276 1644 2420 1685 multo-

1460 1719 1550 1746 rum
1573 1708 1749 1745 virorum
1773 1705 1979 1744 doctorum
2001 1703 2196 1743 industria
2211 1705 2264 1743 ita
2279 1717 2423 1757 purga—

1460 1773 1564 1817 tum,
1588 1769 1891 1818 locupletatum,
1919 1766 2243 1817 interpolatumq3
2264 1771 2339 1816 est,
2356 1779 2424 1818 pe-

1460 1830 1572 1869 rinde
1597 1834 1640 1869 ut
1664 1834 1801 1880 postea
1823 1828 1956 1867 Basilii
1979 1828 2093 1866 Fabri
2117 1827 2335 1868 thesaurus
2352 1830 2425 1868 La-

1461 1894 1567 1930 tinae
1589 1892 1762 1942 linguae,
1787 1894 1830 1929 ut
1856 1890 2070 1940 Calepinus
2107 1890 2140 1928 si
2160 1888 2243 1940 jam
2277 1890 2424 1930 rediret

1461 1965 1561 2005 opus
1584 1965 1704 1992 suum
1725 1964 1801 1991 non
1827 1955 2059 2003 agnosceret
2084 1953 2236 2002 utique,
2260 1952 2332 1991 sed
2350 1953 2423 1991 mi-

1462 2021 1629 2055 raretur.
1649 2016 1808 2054 Parisiis
1831 2012 2005 2052 Jacobus
2022 2012 2247 2064 Montanus,
2266 2016 2423 2066 primus

1463 2077 1639 2116 Graecas
1675 2087 1796 2115 voces
1830 2074 1991 2114 addidit.
2029 2074 2075 2113 A.
2114 2077 2216 2115 4539
2241 2077 2420 2116 Basileae

1466 2137 1675 2178 Conrndus
1701 2138 1916 2185 Gesnerus‚
1937 2147 1960 2175 a
1983 2147 2062 2186 quo
2091 2136 2327 2186 adjunctum
2363 2139 2423 2176 vi-

1464 2212 1614 2251 rorum,
1638 2201 1813 2239 locorum
1829 2230 1839 2248 ,
1862 2209 1996 2237 rerum
2017 2199 2288 2237 onomasticon
2304 2200 2420 2239 4568.

1461 2264 1636 2302 Venetae
1655 2262 1816 2300 editioni
1840 2259 1888 2299 A.
1912 2260 2014 2299 4545
2037 2259 2170 2298 addita
2190 2259 2335 2299 Italica
2353 2273 2423 2301 vo-

1462 2324 1600 2363 cabula
1624 2328 1664 2362 et
1688 2323 1860 2372 Graeca,
1884 2325 1924 2361 et
1961 2320 2162 2360 secundae
2183 2321 2287 2372 apud
2318 2323 2425 2361 Pau-

1466 2385 1547 2424 lum
1568 2385 1790 2424 illanntinm
1812 2384 1927 2424 Anno
1951 2383 2188 2422 4583.Νονο
2210 2385 2424 2434 recognitio

1465 2461 1584 2500 quain
1607 2448 1753 2487 Joannz'
1770 2445 1998 2486 Passeratio
2021 2448 2179 2496 praeter
2198 2455 2284 2484 rem
2304 2447 2337 2495 c)
2360 2449 2425 2497 ty-

1463 2511 1651 2562 pographi
1666 2511 1912 2560 adscripsere
1933 2507 2057 2558 4570,
2074 2508 2170 2547 4584
2194 2510 2315 2558 atque
2332 2508 2424 2548 inde

1464 2573 1649 2611 Genevae
1675 2573 1776 2612 4609
1799 2572 1920 2610 Paris.
1944 2568 2044 2610 4637
2064 2569 2127 2608 fol.

1517 2689 1551 2730 a)
1575 2692 1737 2721 Gesnerus
1761 2691 1796 2722 in
1821 2689 2052 2725 Onomastum,
2069 2686 2111 2718 ad
2128 2686 2255 2720 calcem
2272 2687 2426 2729 Calepini

1457 2740 1537 2772 edit.
1559 2740 1769 2772 Basileensis.
1792 2739 1938 2778 Cangius
1956 2736 2060 2777 praes.
2083 2735 2125 2768 ad
2147 2736 2347 2776 glossarium
2365 2739 2429 2769 La-

1458 2791 1567 2820 tinum
1589 2791 1618 2829 S.
1636 2792 1702 2822 Lil.
1726 2789 1869 2828 Angelus
1885 2786 2016 2819 noceria
2030 2786 2141 2818 indice
2155 2789 2333 2818 auctorum
2348 2790 2429 2818 ante

1458 2840 1683 2871 commentar.
1705 2838 1746 2870 de
1771 2837 1855 2869 Bibl.
1883 2838 2066 2874 Vaticana,
2093 2837 2188 2867 Rom.
2222 2834 2323 2875 1591,
2345 2835 2364 2867 4
2391 2840 2425 2868 et

1456 2889 1599 2921 Jacobus
1622 2892 1790 2928 Duportus
1813 2896 1891 2927 pag.
1915 2886 1975 2918 152
1999 2888 2204 2926 poematum.

1518 2938 1553 2978 b)
1576 2938 1712 2969 Carolus
1746 2937 1867 2977 ioseph
1895 2936 2090 2968 imbonatus
2126 2935 2283 2968 Biblioth.
2307 2937 2427 2967 Latino

1458 2988 1555 3020 llebr.
1580 2997 1612 3028 p.
1633 2988 1707 3020 505.
1729 2987 1931 3025 Erythraeus
1959 2984 2172 3026 pinacothcc.
2197 2986 2240 3014 111
2264 2993 2339 3025 pag.
2356 2985 2431 3016 202.

1460 3038 1663 3069 Bibliotheca
1689 3038 1875 3076 Aprosiana
1898 3043 1973 3075 pag.
1996 3034 2058 3065 604
2077 3041 2148 3073 seq.
2170 3033 2314 3072 adolphi
2333 3033 2429 3065 Clar-

1458 3088 1573 3118 mundi
1595 3089 1684 3119 vitae
1702 3088 1851 3118 virorum
1872 3084 2049 3116 doctorum
2062 3107 2073 3121 ,
2089 3082 2200 3114 editae
2217 3084 2430 3123 Germanice,

1456 3140 1546 3168 tomo
1570 3138 1678 3176 primo
1701 3144 1777 3175 pag.
1799 3134 1874 3165 219.
2156 3154 2162 3159 .

1518 3187 1550 3226 e)
1573 3190 1669 3218 Joan.
1691 3187 1854 3216 ilenricus
1875 3182 2050 3214 nocclerus
2071 3182 2110 3214 de
2130 3183 2258 3214 Lexicis
2275 3184 2430 3222 Graecis,

1458 3240 1490 3267 et
1511 3238 1545 3267 in
1568 3235 1816 3274 Bibliographia
1838 3234 1962 3264 critica
2000 3239 2077 3272 pag.
2110 3231 2164 3262 96.
2189 3231 2431 3273 Bibliothequc

1458 3287 1624 3317 ancienne
1648 3289 1681 3316 et
1704 3283 1862 3315 moderno
1899 3286 1989 3315 tome
2027 3280 2086 3313 vii
2122 3290 2200 3323 pag.
2233 3280 2309 3314 518.
2338 3282 2432 3315 Obiit

1464 3336 1668 3367 Passeratius
1693 3337 1728 3366 Α.
1754 3332 1844 3365 1602.
