2500 3841
964 207 990 243 t·
1019 209 1028 247 l
1053 210 1080 246 Τ
1105 211 1131 247 λ

60 281 311 326 videbuntur,
329 284 371 318 ut
387 281 490 316 totos
503 277 588 315 sine
605 278 910 323 intermissione,
929 278 1012 316 dies

59 346 152 375 eum
193 328 243 372 in*
276 332 384 372 libris
427 331 562 378 fuisse,
610 330 752 368 litteris
790 330 1011 381 studiisque

60 397 222 440 prorsus
266 386 425 432 vixisse,
461 388 501 422 et
543 384 580 420 in
617 383 866 422 bibliothecis
899 387 1010 435 quasi

57 439 358 482 tabernaculum
385 437 600 476 collocasse
630 435 843 476 dicendum
863 438 926 476 sit,
945 439 1012 476 Se.-

55 504 128 535 cus
151 497 284 532 tamen
309 490 449 542 oppido
475 490 559 536 fuit,
578 489 696 540 idque
727 491 1009 540 propemodum

55 546 268 598 singulare.
283 547 380 585 Nam
400 543 786 595 praeterquamquod
809 545 1012 594 Regularis

55 600 224 640 instituti
241 598 394 650 legibus
404 602 444 635 et
461 598 712 648 praescriptis
729 608 948 648 numquam
970 598 1011 636 il-

54 653 136 694 lum
166 653 357 696 defuisse,
381 650 476 690 dum
500 651 602 688 inter
626 661 720 689 suos
753 652 863 698 vixit,
888 655 1010 690 testa-

53 707 254 746 tissimum
276 710 351 752 est,
373 705 575 742 neminem
595 709 800 754 praeterea
837 703 1007 743 vidisses

18 795 29 801 ,
51 760 186 808 alium,
216 760 284 810 qui
313 763 354 797 et
381 757 536 796 civibus
574 762 614 795 et
657 758 836 796 externis
880 767 922 795 se
969 759 1004 795 in

0 787 20 914 ξ
50 814 157 852 omni
188 814 271 851 vita
301 811 512 851 faciliorem
548 811 765 860 praeberet.
798 811 907 849 illius
939 822 1007 850 cu-

0 953 15 986 ἓ

0 992 9 1011 Κ

0 691 22 762 ,⁴¹7³
0 654 26 680 η(
5 614 25 644 ..ᾗ
0 434 16 603 0.·v‹1':ss-

0 907 2 915 ,
50 866 228 906 biculum
251 865 353 906 haud
379 864 593 903 difficulter
617 864 776 914 patebat
808 864 1005 910 omnibus»,

0 919 30 958 (ἢ
52 924 219 959 vocatus
247 919 322 958 alio
351 919 518 957 comiter
542 917 692 966 aderat,
712 917 778 966 qui
800 927 893 955 eum
915 928 1006 956 enn-

9 1006 18 1010 .
49 973 230 1012 sulerent
253 974 379 1023 (erant
395 976 529 1010 autem
547 969 873 1021 frequentissimi)
900 970 1005 1020 ipsos

0 1027 231 1077 &excipere
270 1036 490 1076 numquam
528 1024 749 1070 recusabat,
784 1024 836 1060 ita
869 1026 912 1061 ut
941 1022 1003 1061 vel

11 1087 14 1090 ·
49 1079 277 1119 inchoatum
301 1080 454 1130 apicem
481 1078 517 1116 in
543 1076 750 1116 scribendo
775 1075 879 1115 haud
908 1086 1005 1126 gra-

50 1138 155 1173 vate.
172 1133 440 1184 relinqueret3
473 1142 548 1170 non
580 1130 729 1168 feriatis
766 1128 916 1174 solum,
961 1133 1004 1167 ut

51 1187 172 1225 moris
214 1192 309 1234 est,
348 1185 418 1224 sed
463 1183 626 1233 reliquis
672 1183 791 1221 etiam
837 1181 1004 1229 diebus,

47 1239 116 1290 qui
132 1238 180 1279 ad
196 1241 352 1279 animae
366 1238 476 1278 labes
493 1235 719 1275 Christiano
740 1235 817 1274 ritu
842 1236 1005 1285 expian-

14 1317 28 1330 .,
47 1293 121 1331 dos
150 1292 400 1341 accederent,
430 1291 646 1340 requisitus
677 1290 714 1327 in
745 1288 894 1339 templo
934 1299 1003 1327 au-

46 1345 204 1396 diebat3
247 1345 479 1386 catecheses
524 1343 573 1381 ibi
619 1347 658 1380 et
699 1343 911 1381 conciones
954 1342 1002 1380 ad

50 1399 239 1450 populum
270 1408 460 1450 persaepe
490 1395 673 1435 habebat.
703 1397 788 1436 Huc
818 1406 911 1434 vero
941 1407 1005 1435 ac-

6 1479 9 1482 <
47 1452 166 1501 cedit,
194 1457 316 1503 atque
344 1449 451 1490 istud
484 1451 736 1500 potissimum
765 1448 884 1487 debet
913 1449 1005 1487 ania

0 1527 14 1548 i·
49 1505 259 1552 madverti,
277 1504 381 1555 quod
403 1504 510 1556 illius
525 1514 656 1553 opera,
674 1514 793 1553 quam
823 1502 1002 1541 sedulam

0 1583 2 1586 -
46 1569 92 1598 ac
120 1559 346 1610 perutilem,
375 1562 415 1596 et
445 1568 538 1609 prae
566 1561 677 1595 tanta
722 1556 893 1594 bominis
937 1555 1002 1593 do-

0 1646 1 1650 ,
45 1613 170 1651 ctrina
199 1623 245 1651 ac
273 1611 465 1662 sapientia
497 1610 569 1648 sibi
587 1621 688 1660 pene
717 1611 836 1647 etiam
870 1619 1004 1647 neces-

15 1687 21 1703 s
46 1665 188 1704 sariam
221 1671 427 1713 noverant,
459 1666 518 1703 usi
547 1668 644 1702 sunt
677 1663 838 1702 assidue
868 1662 1002 1701 Guim-

47 1719 146 1765 siue,
175 1718 409 1759 Colloredus
434 1723 474 1756 et
505 1718 636 1756 Palma
667 1718 733 1766 qui
766 1717 802 1754 in
837 1717 1003 1755 Lucensi

0 1783 7 1804 ·-
42 1772 394 1823 Archiepiscopatu
424 1770 742 1810 administrando
772 1770 871 1808 alter
887 1770 998 1808 alteri

45 1830 340 1865 successerunt.
371 1825 632 1874 Quacumque
662 1825 766 1862 enim
799 1825 836 1860 in
884 1824 995 1861 Dioe-

42 1889 182 1918 ceseos
211 1879 291 1917 fere
334 1877 499 1928 singulis
530 1877 696 1926 negotiis
737 1875 995 1927 expediendis

41 1936 309 1978 accurrerent,
345 1942 416 1971 seu
459 1931 506 1970 ad
545 1931 695 1969 minora
747 1929 994 1977 Sacerdotia,

44 1995 115 2024 seu
145 1984 192 2024 ad
211 1985 387 2031 clericos,
417 1995 489 2024 seu
518 1982 564 2021 ad
585 1994 715 2022 mores
735 1988 855 2034 atque
879 1982 995 2021 disci-

43 2037 190 2088 plinam
239 2040 496 2088 pertinerent,
526 2038 572 2074 iis
604 2047 762 2087 semper
798 2038 993 2076 Mansium

42 2092 236 2130 interesse
281 2091 488 2132 volebant.
525 2101 597 2129 seu
635 2092 764 2141 potius
796 2101 994 2140 praeesse,

44 2148 84 2183 et
110 2145 197 2185 eius
226 2145 424 2184 sententia
455 2144 518 2194 vel
547 2144 729 2193 opinione
760 2143 891 2183 audita
922 2142 995 2183 du-

0 2200 13 2248 ξ1
41 2197 177 2237 bitatio
219 2199 349 2237 omnis
391 2203 460 2237 aut
486 2198 758 2236 controversia
787 2198 873 2236 sine
914 2197 994 2236 ullo

0 2249 21 2292 i?
42 2252 187 2291 erroris
217 2257 327 2292 metu
350 2251 573 2290 tollebatur.
596 2250 697 2290 lllud
722 2251 841 2301 igitur
868 2250 994 2289 multo

0 2293 15 2336 ’ss
44 2305 170 2355 magis
199 2306 344 2346 mirum
375 2310 457 2344 tam
487 2305 609 2345 variis
638 2306 746 2343 curis
774 2303 994 2343 distentum

0 2386 2 2392 .
42 2357 362 2410 distractumque
391 2358 594 2398 hominem
626 2363 682 2396 tot
711 2362 752 2397 et
781 2363 862 2397 tam
887 2369 996 2408 egre-

0 2411 101 2461 ligia
124 2416 171 2450 et
198 2411 384 2452 salutaria
415 2411 463 2451 ad
499 2412 712 2462 Religionis
754 2410 995 2462 praesidium

0 2462 24 2492 *³
40 2473 95 2503 ac
115 2463 252 2514 decus,
281 2470 322 2504 et
350 2464 398 2504 ad
430 2465 698 2509 Ecclesiastici
720 2464 870 2503 ordinis
893 2465 997 2504 utili-

0 2551 2 2555 ,
38 2520 164 2556 tatem
188 2523 421 2568 perpetuam
444 2518 653 2568 scripsisse
670 2522 790 2568 atque
811 2517 996 2566 edidisse,

42 2573 88 2608 ut
117 2569 226 2609 nulla
256 2581 434 2621 unquam
459 2571 672 2621 posteritas
696 2582 832 2610 eorum
859 2573 997 2610 imme-

41 2632 128 2660 mor
150 2622 281 2663 futura
302 2625 367 2662 sit.
388 2623 623 2674 scripsisset
646 2635 741 2662 vero
760 2624 878 2663 etiam
905 2625 996 2663 licet

32 2674 117 2726 jam
142 2685 266 2715 senex
290 2681 411 2727 esset,
430 2676 505 2715 alia
530 2686 606 2714 non
634 2678 767 2714 minus
791 2678 994 2726 profutura

4 2735 17 2765 ἰ
36 2733 78 2767 et
105 2728 318 2779 praeclara,
365 2734 485 2780 atque
527 2728 718 2768 edidisset
763 2729 811 2778 (1)
857 2731 929 2768 nisi
972 2740 992 2768 a

4 2780 181 2830 ⁴*litteris
211 2787 250 2821 et
278 2781 423 2822 studiis
467 2793 558 2821 eum
603 2783 714 2820 cives
755 2785 815 2821 sui
859 2794 994 2821 aman·

0 2837 19 2877 “¹3
42 2834 188 2874 tissimi
230 2836 346 2887 plane
372 2839 492 2886 atque
524 2836 685 2874 omnino
712 2834 992 2874 adversantem

5 2891 84 2926 sao
113 2893 405 2940 repugnantem
434 2888 740 2928 abstraxissent.
787 2888 994 2927 Vincentio

39 2941 147 2980 enim
177 2942 326 2990 Torrio‚
345 2942 412 2993 qui
442 2942 684 2981 Lucensium
702 2941 872 2980 antistes
891 2939 994 2979 desi-

39 2998 184 3044 gnatus
214 2995 356 3043 fuerat,
387 3002 642 3047 praepostera
675 2999 803 3033 morte
834 2997 995 3043 erepto,

91 3115 140 3156 (7)
163 3116 424 3151 Diceionarium
446 3120 650 3151 historicum
671 3120 905 3152 Conciliorum
919 3119 997 3151 Gal-

47 3155 98 3204 {ca
121 3158 237 3200 lingua
261 3165 442 3193 exaratum
465 3162 690 3194 constituerat
710 3171 776 3194 non
798 3162 910 3193 solum
936 3162 996 3193 La-

40 3199 118 3247 tine·
133 3201 277 3234 reddere
296 3225 304 3238 ‚
326 3203 384 3234 sed
409 3207 442 3234 et
468 3203 576 3234 multo
599 3204 726 3235 rectius
754 3204 911 3243 digerere
931 3226 938 3237 .
963 3209 995 3235 et

43 3239 289 3275 &dictionibus
313 3245 500 3276 uberrimis
526 3245 749 3285 locupletare.

89 3283 136 3322 (8)
160 3283 319 3317 Testatus
345 3286 407 3318 hoc
434 3287 544 3327 ipsum
570 3286 631 3318 suit
648 3286 800 3318 Venetus
823 3286 996 3327 Typogra-

1960 222 2037 249 xvi‘,

1086 290 1175 318 cum
1207 280 1379 320 Senatus
1411 288 1509 321 inter
1541 294 1619 326 cos,
1659 295 1758 332 quos
1808 285 2032 322 t'acultateri:

1089 333 1204 371 habet
1247 335 1488 381 nominandi,
1533 336 1724 375 mansium
1769 348 1928 387 quoque
1975 339 2034 374 vel

1090 387 1257 425 invitum
1283 390 1562 436 recensuisset,
1583 388 1687 428 hunc
1706 391 1833 439 ipsum
1853 390 2038 429 Clemens

1094 441 1194 478 Xlll.
1224 441 1354 492 elegit,
1393 447 1512 491 atquc
1557 442 1907 494 Archiepiseopum
1954 456 2038 493 pro-

1090 495 1300 532 nuntiavit.
1330 495 1415 541 Quo
1448 495 1532 532 loco
1564 495 1656 533 illud
1689 498 1850 535 minime
1882 496 2034 536 videtur

1088 547 1244 585 silentio
1275 547 1623 597 praetereundum,
1653 549 1755 599 quod
1805 562 1896 588 cum
1932 552 2037 589 Man—

1087 601 1170 639 sius
1203 602 1237 637 in
1270 612 1315 638 eo
1344 605 1465 647 esset,
1497 606 1538 638 ut
1567 612 1697 640 coram
1730 604 1895 641 Summo
1943 605 2035 641 l‘on-

1085 654 1188 692 tiliee
1208 655 1267 693 sui
1290 653 1508 704 periculum
1534 653 1581 690 de
1602 665 1705 692 more
1728 656 1884 703 faceret,
1903 657 2033 696 audita

1086 707 1191 745 illius
1220 711 1283 745 est
1314 707 1707 745 honorificentissima
1733 720 1776 747 ea
1801 721 1889 747 vox:
1912 711 2036 748 Lucu-

1085 759 1230 798 lentum
1242 759 1333 810 jam
1351 758 1537 797 scienciae
1561 758 1840 812 doctrinaeque
1864 766 1952 801 tuae
1979 771 2033 802 le—

1081 812 1308 851 stimonz'um
1332 810 1535 850 habemus.
1565 815 1823 862 Apertissima
1864 818 2035 855 ist-ahaec

1081 865 1316 916 significatio
1361 870 1401 902 et
1446 870 1601 904 tantum
1647 867 1844 906 Pontilicis
1882 870 2033 908 Summi

1081 918 1130 957 de
1148 918 1518 968 MansioJudicium,
1536 919 1623 968 ejus
1640 921 1704 969 qui
1725 921 1869 959 honore
1893 927 2034 961 auctus

1082 972 1167 1017 fuit,
1189 971 1420 1010 honoratam
1452 972 1574 1011 fuisse
1605 973 1836 1022 dignitatem
1863 976 2035 1025 profecto

1081 1024 1301 1063 declarant,
1344 1025 1471 1071 Quam
1517 1037 1608 1064 vero
1660 1025 1868 1076 diligenter
1918 1033 2035 1078 atque

1082 1079 1228 1116 eximie
1280 1090 1420 1117 omnes
1471 1090 1585 1129 aegre
1635 1082 1808 1130 suscepti
1860 1083 2037 1120 muneris

1084 1136 1230 1182 partes,
1253 1132 1489 1183 impleverit,
1513 1134 1578 1183 qui
1604 1143 1698 1172 suos
1723 1135 1760 1170 in
1781 1138 1918 1172 eodem
1952 1146 2037 1173 mu·

1083 1195 1177 1223 nere
1206 1185 1439 1224 decessores
1458 1191 1538 1224 tam
1555 1192 1738 1224 accurate
1768 1187 2035 1238 assiduusque,

1081 1236 1254 1288 juverat,
1287 1239 1380 1277 nihil
1411 1244 1473 1277 est
1502 1251 1573 1278 cur
1599 1240 1747 1288 multis,
1772 1243 1838 1291 qui
1864 1241 1960 1279 haec
1986 1242 2037 1279 le-

1080 1297 1171 1342 gent
1196 1303 1408 1332 moremur.
1425 1293 1551 1339 Quam
1569 1295 1675 1331 enim
1698 1297 1866 1333 maxima
1893 1295 2037 1334 tributa

1082 1345 1133 1383 illi
1167 1345 1219 1384 fui
1250 1345 1435 1394 dignitas,
1464 1348 1606 1385 camin
1633 1348 1819 1397 majorem
1835 1350 2036 1387 commissi

1080 1401 1211 1449 gregis
1243 1399 1468 1446 utilitatem,
1498 1405 1537 1437 et
1569 1400 1766 1449 religionis
1804 1401 2035 1451 dignitatem

1081 1453 1299 1491 contulisse
1333 1453 1441 1491 illum
1473 1452 1568 1492 dum
1614 1455 1727 1500 vixit,
1773 1456 1919 1492 nemini
1965 1455 2036 1494 du-

1085 1505 1192 1544 bium
1224 1506 1307 1544 fuit.
1339 1507 1390 1545 Et
1420 1509 1453 1544 si
1485 1506 1637 1545 devexa
1667 1512 1777 1545 aetas
1807 1519 1850 1545 ac
1890 1509 2033 1546 virium

1083 1560 1333 1598 imbecillitas
1374 1560 1612 1609 gravitatem
1659 1572 1790 1598 rerum
1835 1562 2034 1599 sustinere

1081 1624 1157 1651 non
1189 1623 1305 1663 posse
1338 1613 1558 1662 videbatur,
1591 1614 1710 1651 animi
1750 1619 1881 1652 tamen
1920 1614 2035 1652 ardor

1079 1671 1118 1705 et
1150 1668 1275 1705 virtus
1317 1671 1502 1705 naturam
1546 1666 1837 1717 quodammodo
1883 1667 2038 1705 robora-

1078 1720 1170 1769 bat3
1201 1731 1274 1758 nec
1305 1731 1396 1758 vero
1427 1722 1641 1766 recusavit,
1674 1732 1721 1758 ne
1765 1725 1888 1758 totam
1936 1722 2036 1769 ipse-

1077 1779 1158 1812 met
1188 1784 1377 1822 praesens
1423 1774 1652 1819 Dioecesim,
1700 1785 1801 1823 quae
1844 1774 2034 1812 laboriosa

1069 1826 1282 1867 admodum
1314 1832 1393 1874 est,
1417 1827 1732 1873 studiosissime,
1762 1829 2034 1865 sanctissime-

1069 1894 1145 1932 que
1176 1881 1374 1919 lustraret.

1126 1936 1174 1974 Ut
1207 1945 1276 1985 pro
1321 1934 1527 1983 pastoralis
1556 1935 1668 1972 ollicii
1707 1944 1825 1970 onere
1869 1935 2033 1982 tempori

1068 1995 1108 2028 et
1139 1988 1368 2026 necessitati
1400 1988 1569 2024 serviret
1600 2000 1618 2025 a
1651 1988 1862 2036 scriptione
1881 1992 1920 2023 et
1949 1992 2035 2024 stu-

1068 2043 1143 2081 diis
1173 2043 1305 2092 ipsum
1335 2051 1493 2078 cessare
1523 2042 1706 2090 oportuit,
1736 2040 1957 2078 subcisivas
1982 2046 2035 2077 ta-

1069 2107 1158 2134 men
1191 2095 1412 2144 aliquoties,
1443 2104 1532 2132 cum
1565 2095 1686 2140 licuit,
1724 2093 1853 2137 horas,
1905 2098 1946 2131 ut
1990 2104 2037 2129 ne

1068 2160 1146 2199 quo
1190 2148 1289 2186 forte
1331 2159 1426 2186 casu
1477 2148 1667 2196 grandius
1711 2146 1804 2184 illud
1848 2146 2038 2184 Concilio-

1069 2215 1157 2241 rum
1179 2201 1424 2240 collectionis
1439 2200 1667 2251 opus,quod
1692 2201 1924 2250 praecipuas
1949 2201 2036 2237 eius

1068 2267 1186 2295 curas
1215 2254 1288 2293 sibi
1320 2253 1616 2301 vindicaverat,
1662 2255 1948 2303 intercoeptum
1980 2264 2038 2290 re-

1070 2314 1207 2356 staret,
1239 2309 1284 2345 iis
1313 2318 1415 2357 quae
1447 2307 1596 2357 reliqua
1626 2311 1740 2346 erant
1782 2305 2039 2344 conficiendis

1071 2360 1404 2414 perficiendisque.
1435 2362 1576 2410 raptim
1609 2361 1840 2411 impertivit,
1863 2360 2037 2409 Quapro-

1071 2421 1158 2466 pter
1187 2427 1228 2454 re
1258 2416 1420 2453 tandem
1461 2419 1540 2452 tota
1584 2414 1631 2452 ad
1676 2415 1827 2452 exitum
1875 2413 2037 2451 feliciter

1071 2468 1256 2515 adducta,
1275 2469 1474 2507 volumina
1500 2466 1546 2506 ad
1575 2479 1696 2505 unum
1719 2467 1850 2504 omnia
1874 2475 2036 2515 prorsus

1071 2522 1250 2561 absoluta
1296 2522 1481 2560 Venetias
1512 2522 1604 2558 item
1643 2521 1724 2570 ipse.
1767 2520 2035 2557 transmittere

1070 2574 1323 2613 commodum
1385 2575 1523 2624 potuit,
1570 2577 1612 2611 ut
1655 2577 1771 2610 antea
1823 2581 2036 2621 proposue-

1071 2633 1131 2666 rat
1161 2628 1223 2678 (3l.
1260 2629 1340 2667 Nec
1383 2638 1478 2665 sane
1523 2630 1631 2664 tanta
1676 2627 1712 2663 in
1758 2626 1803 2662 iis
1846 2624 2034 2671 deinceps

1070 2680 1235 2719 edendis
1266 2681 1472 2718 oscitantis
1501 2678 1749 2728 Typographi
1782 2676 2032 2727 negligentia,

1069 2738 1260 2784 quantam
1310 2732 1496 2778 vidimus,
1541 2733 1708 2781 turpiter
1740 2729 2031 2775 intercidisset,

1071 2789 1167 2835 (neo
1196 2787 1292 2826 dum
1322 2786 1428 2823 enim
1471 2789 1560 2834 post
1592 2785 1749 2832 triginta
1779 2787 1818 2820 et
1861 2781 2032 2830 amplius

1070 2852 1198 2880 annos
1233 2843 1376 2879 cuncta
1419 2836 1673 2887 prodierunt)
1717 2837 1748 2872 si
1792 2835 1840 2873 ad
1884 2835 2033 2883 aliquot

1069 2904 1196 2932 annos
1237 2892 1553 2932 studiosissimus
1584 2890 1752 2938 ipsemet
1796 2888 1953 2926 l‘raesul
1992 2892 2032 2925 et

1069 2953 1218 2996 auctor,
1247 2944 1349 2996 quod
1379 2944 1468 2982 boni
1497 2953 1637 2981 omnes
1665 2941 1865 2992 optabant,
1895 2952 2033 2991 super-

1070 2999 1222 3039 fuisset.
1263 2997 1338 3036 Sed
1384 2996 1566 3046 plurimis
1602 2996 1662 3034 sui
1706 2995 1883 3033 muneris
1911 2996 2030 3039 curis,

1070 3120 1157 3159 plius
1181 3119 1354 3151 Antonius
1379 3119 1473 3149 Zatta
1498 3119 1530 3149 in
1554 3127 1612 3150 sua
1631 3119 1670 3150 ad
1687 3118 1936 3150 Ganassonium
1953 3118 2030 3150 eas-

1072 3163 1247 3193 sinensem
1272 3160 1307 3191 S.
1328 3160 1464 3200 Georgii
1489 3161 1658 3192 Abbatem
1683 3161 1831 3200 Epistola
1857 3170 2029 3200 muncupa-

1073 3204 1172 3239 toria,
1197 3211 1276 3233 cum
1304 3203 1389 3233 haec
1412 3203 1569 3242 scripsit:
1591 3203 1823 3234 concilior-mn
1849 3203 2028 3234 Collectio-

1074 3253 1151 3275 uem
1177 3243 1256 3283 jam
1280 3245 1489 3275 omnimodis
1511 3243 1705 3275 absolutam
1727 3245 1772 3274 nd
1795 3253 1846 3275 me
1868 3244 2029 3276 Mansi'us

1076 3286 1286 3318 transmisit.
1304 3288 1388 3318 adeo
1404 3290 1441 3318 ut
1454 3287 1504 3317 nil
1518 3286 1667 3325 amplius
1690 3285 1953 3317 desiderandum
1969 3287 2024 3317 sie.

1774 3344 1835 3365 ’ἓξ
