2500 4009
427 249 503 289 36'4
1129 272 1134 276 .

425 325 533 363 ctus,
558 316 658 365 Papa
681 312 728 350 ab
752 309 864 348 Anno
886 303 1000 345 1188.
1025 303 1110 341 Jan.
1135 300 1158 337 6
1183 298 1232 338 ad
1256 301 1371 340 1191.

427 381 546 431 April.
571 379 612 416 10
631 377 714 413 sive
729 370 853 410 Martii
875 366 1043 413 mensi5‚
1061 367 1103 402 ut
1118 367 1180 401 est
1198 362 1236 400 in
1253 362 1374 401 Chro—

430 446 512 482 niro
537 435 761 478 cassinensi
789 437 881 469 tom.
908 430 952 466 V.
987 425 1178 465 Thesauri
1207 425 1374 463 Murato-

430 505 522 551 riaqi
545 513 628 551 pag.
656 498 740 536 113.
765 489 1042 544 Epistolarzmn
1065 487 1146 526 ῐἾΙ.
1177 487 1215 525 in
1235 486 1376 525 Conci-

430 568 565 604 liorum
588 561 723 603 tomis,
746 557 883 596 ultima
903 557 964 592 est
985 551 1032 590 de
1062 549 1218 590 Ottonis
1235 578 1242 597 ,
1262 549 1377 586 Bam-

428 624 628 671 bereensis
655 619 837 671 Episcopi
872 620 912 655 et
944 616 1248 653 l’omeranorum
1276 608 1379 660 Apo-

429 686 535 729 stoli⁷
572 682 890 724 Canonizutione.
916 676 993 716 Sed
1019 676 1131 724 longe
1156 673 1268 723 plura
1291 669 1378 720 ejus

431 750 594 787 Decreta
622 747 660 784 in
682 745 912 796 pervetusto
939 737 1080 779 Codice
1113 734 1240 773 tribus
1266 731 1379 772 libris

426 811 611 849 distincto
648 806 850 845 evolvisse
875 814 918 841 se
943 803 1114 839 testatur
1155 796 1380 836 Ludovicus

428 873 599 912 Jacobus
614 883 635 909 a
655 870 798 908 Sancto
815 864 951 906 Carolo
970 864 1008 900 in
1025 859 1265 900 Bibliotheca
1284 859 1383 896 Pon-

431 936 548 974 tificia
573 946 659 985 pag.
687 933 748 969 48.

481 995 712 1037 CLEMENS
735 993 796 1031 lv.
823 994 940 1029 antea
964 984 1091 1026 Gurdo
1116 984 1310 1029 Grossus,
1333 981 1383 1019 si-

430 1073 478 1099 ve
506 1056 741 1104 Falcodius,
772 1065 822 1093 ex
856 1051 970 1103 opido
995 1050 1033 1088 S.
1059 1047 1202 1097 AEgidii
1240 1044 1385 1084 Narbo-

432 1124 567 1162 nensis
581 1119 933 1168 Archiepiseopus,
955 1117 1075 1162 atque
1101 1109 1191 1147 inde
1214 1109 1316 1157 Papa
1336 1105 1384 1144 ab

432 1185 544 1224 Anno
570 1183 683 1222 1265.
721 1179 906 1217 Februar.
933 1177 955 1213 6
980 1173 1027 1213 ad
1054 1172 1215 1211 Annum
1255 1169 1384 1217 1268,

432 1248 491 1285 19.
516 1243 723 1283 Novembr.
750 1241 879 1279 Vitam
901 1236 987 1287 ejus
1011 1234 1170 1284 scripsit
1195 1230 1385 1271 Claudius

432 1309 635 1352 Clemens,
658 1305 743 1343 Soc.
769 1304 848 1340 Jes.
871 1299 1052 1350 Lugduni
1077 1296 1198 1342 1623,
1224 1294 1284 1333 12.
1307 1293 1387 1331 llu-

429 1371 495 1420 jus
525 1373 604 1406 tres
640 1363 840 1418 Epe'stolae
877 1364 914 1400 in
945 1361 1063 1399 tomis
1097 1357 1385 1401 conciliorum,

432 1437 471 1470 et
486 1441 631 1482 paucae
647 1427 751 1466 altae
774 1424 877 1476 apud
894 1423 1105 1468 Bzovium,
1123 1416 1384 1469 Raynaldum,

435 1492 721 1541 Waddingum,
747 1489 943 1537 aliosque,
969 1489 1013 1522 ut
1030 1481 1256 1521 Ludovicus
1276 1480 1388 1517 Jaco-

433 1557 506 1594 bus
529 1566 551 1592 a
573 1554 610 1591 S.
634 1551 772 1591 Carolo
797 1560 881 1600 pag.
905 1548 952 1586 49
979 1551 1018 1583 et
1040 1546 1199 1584 Caveus
1220 1541 1301 1591 jam
1318 1552 1388 1578 an·-

434 1620 630 1656 notaruut-.
657 1613 732 1652 Sed
754 1608 952 1662 Epistulas
973 1606 1142 1647 DCCXI.
1169 1605 1281 1655 primi
1301 1601 1389 1640 vul-

435 1682 628 1727 gaverunt
661 1673 900 1715 Edmundus
934 1673 1107 1710 Martene
1143 1671 1183 1706 et
1222 1666 1388 1705 Ursinus

436 1740 593 1781 Durand
619 1741 656 1776 in
682 1737 884 1775 Thesauro
900 1732 1193 1773 Aneedotorum
1211 1732 1306 1766 tom.
1328 1737 1390 1764 se-

436 1803 583 1849 eunde,
608 1801 763 1840 Parisiis
786 1797 912 1846 1717,
934 1796 995 1834 fol.
1019 1806 1068 1832 ex
1090 1792 1232 1832 Codice
1255 1789 1391 1827 Orato-

437 1868 480 1904 rii
505 1864 723 1904 Trecensis.
740 1863 921 1899 Fortasse
939 1868 1016 1895 non
1041 1855 1137 1894 aliae
1163 1864 1235 1891 nec
1254 1852 1389 1903 plures

436 1931 597 1966 exstant
632 1927 670 1962 in
694 1923 838 1964 Codice
863 1918 1126 1960 Bibliothecae
1158 1917 1195 1955 S.
1220 1915 1389 1954 Victoris

438 1989 685 2034 Parisiensis,
711 1997 831 2037 quem
856 1996 905 2021 ex
921 1982 1023 2020 dono
1043 1980 1146 2018 Petri
1175 1979 1222 2017 de
1244 1979 1388 2024 Marea,

439 2049 730 2100 Archiepiscopi
768 2045 1024 2090 Parisiensis,
1050 2044 1087 2079 in
1120 2052 1207 2079 eam
1236 2041 1390 2078 illatum

445 2113 563 2151 refert
586 2110 766 2149 Oudinus
784 2114 876 2145 tom.
897 2107 965 2153 ΙΙΙ,
990 2116 1075 2155 pag.
1095 2104 1168 2140 463
1192 2102 1256 2140 ubi
1273 2103 1391 2139 etiam

444 2186 491 2212 ex
513 2171 698 2210 Ludovici
715 2169 915 2214 Castanei,
929 2166 977 2204 de
995 2166 1031 2203 la
1047 2164 1301 2213 Bochepozay
1321 2163 1395 2200 No-

445 2234 687 2273 menelatura
712 2232 955 2280 Scriptorum
978 2229 1015 2265 S.
1042 2228 1238 2264 Romanae
1258 2224 1394 2262 Eccle-

446 2298 524 2334 siae
548 2293 817 2333 Cardinalium
844 2295 974 2329 narrat
1010 2291 1207 2338 integrum
1237 2286 1395 2336 Episto-

444 2359 569 2396 larum
597 2356 813 2395 Clementis
839 2353 898 2391 lV.
930 2355 1129 2401 regestum
1169 2352 1325 2386 exstare
1348 2347 1391 2385 V.

442 2418 707 2457 voluminibus
734 2417 771 2453 in
796 2413 1034 2453 Bibliotheca
1066 2412 1262 2449 Vaticana.
1288 2410 1394 2447 Inter

443 2481 541 2519 xiv,
567 2478 878 2517 Constitutiones
918 2474 1137 2513 Clementis
1164 2472 1224 2509 lV.
1258 2470 1393 2508 obvias

444 2545 479 2580 in
507 2541 668 2579 bullario
704 2550 844 2588 magno
868 2537 1063 2575 Laurentii
1086 2533 1300 2574 Cherubini
1327 2532 1393 2569 ha-

444 2606 560 2643 betur
593 2603 710 2640 etiam
750 2606 842 2638 tom.
879 2601 918 2648 Ι,
952 2610 1037 2649 pag.
1071 2597 1157 2636 166.
1180 2597 1392 2634 Decretum

444 2668 517 2705 An.
545 2664 641 2704 1267
666 2664 713 2701 de
738 2661 940 2711 IImhoiye,
961 2662 1064 2699 Duce
1082 2659 1275 2706 l'olonica,
1296 2657 1394 2696 San-

437 2731 510 2767 ctis
530 2724 790 2765 adscribenda
809 2729 848 2761 et
874 2724 973 2761 sesto
995 2721 1082 2772 ejus
1099 2720 1310 2759 memoriae
1331 2717 1392 2755 die

445 2790 525 2828 XV.
555 2788 710 2826 Octobr.
734 2786 840 2824 Idem
871 2786 937 2835 qui
963 2789 1098 2835 postea
1123 2782 1307 2822 Clemens
1331 2779 1392 2818 lv.

443 2851 613 2899 (iuliis),
635 2849 962 2898 Archiepiscopus
978 2845 1260 2891 Narbonensis,
1277 2841 1339 2891 cuj
1348 2852 1393 2879 us

445 2916 590 2951 statuta
612 2913 800 2962 leguntur
816 2911 853 2947 in
870 2909 988 2947 tomis
1011 2907 1276 2946 Conciliorum
1300 2903 1394 2942 Lab-

447 2976 529 3019 bei.
554 2973 765 3021 llarduini,
790 2970 911 3009 Coleti
933 2970 981 3008 ad
1005 2969 1167 3008 Annum
1199 2966 1314 3007 1260.
1339 2967 1393 3004 De

445 3035 683 3087 (mimmii
721 3043 768 3071 nr.
808 3034 847 3071 S.
884 3032 1053 3071 AMORE
1092 3029 1396 3071 Collectionibus

445 3098 653 3137 Catholicis
676 3101 715 3135 ct
736 3097 942 3135 Canonicis
967 3094 1039 3133 An.
1066 3094 1179 3133 1266.
1199 3092 1393 3132 Clementi

448 3160 505 3196 l'v'.
530 3160 667 3197 oblatis
702 3157 791 3195 vide
817 3157 1006 3196 Bulaeuin
1034 3158 1069 3194 in
1096 3156 1258 3194 historia
1296 3153 1395 3192 Aca-

450 3220 597 3257 demiae
624 3221 851 3258 l’arisis·nsis
886 3223 979 3257 tom.
1003 3220 1077 3267 ΙΙΙ,
1103 3230 1189 3268 pag.
1226 3216 1314 3255 382.
1340 3217 1393 3253 De

451 3283 603 3329 scriptis
628 3283 671 3318 ml
699 3284 769 3319 Jus
805 3283 927 3319 Civile
964 3281 1260 3333 spectantibus7
1291 3289 1392 3328 quae.

451 3342 637 3379 (Livinenti
667 3345 722 3380 lV.
747 3349 899 3392 praeter
924 3357 1003 3383 rem
1031 3356 1052 3382 a
1078 3344 1212 3381 multis
1247 3341 1392 3379 tributa

1236 229 1581 271 CLEMENS

1445 303 1559 347 sunt,
1579 298 1707 338 dicam
1727 299 1844 349 infra,
1867 299 2022 339 GUlDO
2041 302 2300 349 cognomento
2316 299 2392 338 Pa-

1440 372 1507 412 pa.
1527 360 1664 399 Sermo
1684 362 1721 399 in
1740 361 1980 401 Ludovieum
1998 363 2193 400 Bavarum
2210 372 2288 399 uon
2307 361 2394 401 Cle-

1447 423 1592 461 mentis
1614 424 1676 461 IV.
1697 428 1784 474 est,
1804 423 1873 462 sed
1896 424 2114 464 Clementis
2129 424 2189 463 VI.
2215 428 2260 463 ut
2283 427 2395 462 nota-

1447 486 1506 523 vit
1526 485 1705 524 Labbeus
1727 490 1820 524 tom.
1845 486 1886 532 1,
1911 485 1959 524 de
1983 487 2020 525 S.
2046 487 2091 525 E.
2115 497 2200 536 pag.
2225 486 2318 536 233,

1504 548 1735 587 CLEMENS
1757 548 1801 587 V.
1826 551 1942 586 antea
1977 547 2225 586 Bertrandus
2264 546 2396 595 Gom),

1450 610 1610 659 Gallus,
1629 622 1679 648 ex
1702 609 1981 660 Burdegalensi
2002 609 2307 660 Archiepiscopo
2331 610 2401 647 Pa-

1451 684 1500 723 pa
1519 673 1566 711 ab
1589 672 1704 711 Anno
1729 672 1854 720 1305,
1877 673 1912 711 5.
1937 672 2042 711 Junii
2066 671 2113 710 ad
2138 672 2252 712 1314.
2278 670 2400 721 April.

1453 734 1516 773 20.
1532 735 1588 772 De
1608 733 1681 771 hoe
1696 737 1878 772 accurate
1900 734 2089 772 Baluzius
2112 735 2150 771 in
2168 735 2282 784 Papis
2300 733 2406 772 Ave-

1454 795 1727 841 nionensibus,
1743 795 1896 845 primus
1911 795 2016 833 enim
2033 794 2096 833 hic
2111 795 2316 844 Clemens,
2337 795 2404 845 qui
2420 823 2426 828 .

1454 859 1576 896 Roma
1600 856 1736 895 sedem
1759 855 2006 895 Avenionem
2044 857 2264 896 transtulit.
2296 857 2407 896 Idem

1455 921 1640 959 Baluzius
1677 919 1801 958 vitam
1839 918 2056 958 Clementis
2092 917 2212 968 hujus
2248 919 2409 958 exhibet

1457 983 1644 1032 scriptam
1668 992 1688 1020 a
1711 979 1964 1030 JOHANNE,
1997 981 2195 1020 Canonieo
2219 981 2257 1020 S.
2281 981 2410 1020 Victo-

1456 1045 1534 1093 ris⁷
1559 1041 1841 1083 PTOLEMAEO
1865 1043 2057 1092 Lucensi‚
2080 1041 2240 1080 Ordinis
2258 1042 2412 1081 Praedi-

1457 1111 1652 1155 catorum‚
1669 1102 1974 1144 BERNHARDO
1989 1103 2244 1153 GUlDONIS,
2268 1103 2318 1143 de
2331 1115 2410 1154 quo

1458 1180 1577 1219 supra
1595 1179 1683 1219 pag.
1702 1167 1791 1207 204.
1811 1165 2054 1205 ANONYMO
2078 1166 2244 1215 Veneto,
2268 1176 2413 1204 coaevo

1459 1232 1648 1281 scriptore
1666 1259 1674 1278 ‚
1704 1233 1744 1267 et
1763 1228 1811 1268 ab
1831 1226 2089 1267 AMALARIO
2111 1226 2337 1267 AUGERIO
2367 1227 2415 1265 de

1458 1293 1644 1339 Biterris⁷
1669 1291 1717 1329 de
1742 1301 1819 1341 quo
1858 1301 1979 1341 supra
2012 1301 2098 1341 pag.
2124 1289 2187 1328 76.
2211 1291 2310 1329 Huic
2330 1289 2418 1330 Cle-

1460 1356 1582 1394 menti
1596 1354 1724 1393 dicata
1740 1352 1943 1393 MCOLAI
1958 1353 2276 1391 Botrontinensis
2291 1353 2331 1390 in
2348 1349 2416 1390 ΑΙ-

1459 1418 1573 1456 bania
1587 1418 1769 1468 Episcopi
1785 1417 1921 1455 relatio
1936 1416 1985 1455 de
2004 1417 2144 1455 itinere
2160 1416 2316 1455 Henrici
2331 1415 2413 1454 Vll.

1460 1481 1737 1530 Imperatoris,
1776 1490 1899 1529 quam
1936 1478 2058 1518 edidit
2092 1478 2196 1517 idem
2232 1477 2418 1517 Baluzius

1460 1546 1552 1580 tom.
1571 1543 1624 1592 ΙΙ,
1642 1544 1835 1592 Paparum
1853 1541 2195 1581 Avenionensium
2210 1552 2297 1592 pag.
2316 1539 2417 1579 1143

1462 1616 1570 1655 seqq.
1595 1604 1654 1642 Ab
1691 1604 1764 1642 hoc
1800 1604 2008 1643 Clemente
2045 1602 2173 1642 dictae
2202 1601 2420 1642 CLEMEN-

1462 1667 1613 1717 TINAE,
1638 1667 1722 1705 sive
1747 1664 1846 1704 liber
1869 1664 2059 1717 septimus
2079 1661 2340 1703 decretalium
2364 1662 2421 1701 di-

1462 1731 1575 1768 visus
1595 1730 1634 1767 in
1659 1729 1778 1767 libros
1803 1729 1846 1767 V.
1871 1732 1912 1767 et
1935 1739 1956 1766 a
1980 1738 2211 1767 successore
2241 1727 2423 1766 Clemen-

1464 1792 1514 1829 tis
1530 1792 1681 1829 Joanne
1697 1791 1821 1830 XXII.
1843 1790 2117 1841 promulgatus
2132 1788 2206 1828 An.
2225 1787 2327 1828 1317
2342 1787 2423 1826 edi-

1463 1858 1608 1904 tusque
1630 1853 1806 1892 Basileae
1841 1851 1969 1901 1176,
1999 1852 2061 1890 fol.
2096 1839 2193 1890 cum*
2225 1855 2420 1902 apparatu

1461 1915 1650 1954 Johannz's
1672 1913 1856 1953 Andreae
1880 1914 1992 1962 JCti,
2017 1924 2119 1964 quae
2142 1913 2261 1952 editio
2290 1916 2424 1951 exstat

1464 1979 1502 2016 in
1526 1977 1767 2017 Bibliotheca
1792 1976 1933 2027 templi
1964 1976 2003 2015 S.
2028 1976 2132 2014 Petri
2156 1975 2276 2025 hujus
2294 1974 2422 2024 urbis,

1465 2046 1504 2079 et
1534 2040 1777 2079 describitur
1800 2050 1822 2078 a
1845 2041 1886 2077 Β.
1911 2039 2067 2077 Nicolao
2091 2030 2302 2088 Staphorst
2329 2041 2424 2075 tom.

1466 2103 1535 2150 ΙΙΙ,
1558 2101 1746 2139 historiae
1774 2100 2077 2139 Ecclesiasticae
2113 2099 2424 2149 Hamburgensis

1468 2175 1552 2214 pag.
1573 2163 1664 2210 138,
1690 2173 1749 2211 sq.
1772 2163 1826 2200 De
1846 2162 1932 2200 aliis
1956 2161 2194 2200 editionibus
2211 2161 2306 2200 nihil
2323 2172 2424 2212 opus

1467 2225 1636 2271 referre,
1678 2225 1794 2262 toties
1828 2225 2006 2275 repetitis
2044 2225 2081 2261 in
2106 2225 2213 2262 Juris
2237 2223 2424 2263 Canonici

1466 2298 1650 2337 corpore,
1677 2298 1807 2336 neque
1831 2297 1930 2337 opus
1955 2285 2132 2334 laudare,
2154 2286 2221 2336 qui
2242 2285 2425 2324 Clemen-

1468 2351 1570 2387 tinas
1593 2349 1894 2387 commentariis
1919 2348 2174 2387 illustrarunt
2199 2351 2354 2386 notatos
2378 2347 2426 2386 ab

1468 2412 1536 2459 iis,
1560 2412 1626 2461 qui
1649 2410 1910 2448 Bibliothecas
1926 2409 2127 2449 Juridieas
2152 2410 2281 2449 reales
2303 2413 2344 2448 et
2367 2410 2428 2448 Bi-

1466 2473 1680 2512 bliothecas
1696 2474 1714 2510 ,Ι
1722 2474 1803 2511 uris'
1816 2474 2000 2512 Canonici
2019 2472 2227 2512 tradidere.
2240 2471 2303 2521 (75
2319 2473 2428 2511 Hanc

1466 2541 1597 2574 tamen
1625 2546 1787 2573 noscere
1805 2534 1973 2585 juvabit.
2006 2533 2212 2574 Clementis
2252 2535 2291 2574 V.
2328 2533 2428 2574 Con-

1466 2598 1684 2636 scz‘tutiones
1708 2601 1776 2636 etc.
1797 2597 1898 2636 notis
1919 2595 2174 2649 locupletatae
2189 2599 2258 2634 etc.
2275 2607 2301 2633 a
2314 2595 2425 2634 Hier.

1467 2660 1719 2699 Baldassz'm·0
1752 2662 1793 2699 P.
1823 2659 1967 2699 Aesino
1989 2660 2024 2697 J.
2054 2660 2092 2700 V.
2117 2659 2163 2697 D.
2187 2659 2332 2698 Romae
2360 2669 2425 2708 ap.

1466 2722 1610 2762 Junchc·
1638 2722 1767 2771 4769,
1799 2723 1863 2772 la.)
1908 2723 1952 2761 In
1985 2721 2096 2762 Actis
2125 2721 2287 2761 concilii
2310 2720 2427 2759 Vien-

1469 2787 1604 2825 nensis
1628 2785 1742 2824 Anno
1774 2786 1867 2824 1311
1911 2783 1944 2835 a)
1978 2785 2173 2823 maximae
2204 2783 2310 2822 fuere
2352 2781 2425 2820 hu-

1463 2848 1529 2899 jus
1575 2849 1791 2888 Clementis
1834 2851 1966 2898 partes
1981 2874 1991 2891 ‚
2027 2850 2067 2886 et
2104 2845 2193 2884 inde
2230 2844 2341 2895 plura
2385 2845 2421 2881 iu

1467 2911 1736 2953 Clementinas
1760 2909 1949 2949 derivata.
1988 2910 2094 2948 Inter
2122 2910 2293 2959 quatuor
2324 2907 2424 2947 Con-

1523 3053 1556 3092 a)
1578 3052 1733 3092 Stephani
1757 3051 1884 3082 Baiuzii
1910 3051 2051 3082 historia
2074 3049 2277 3081 Pontificum
2306 3049 2430 3079 Roma-

1461 3111 1581 3134 norum
1598 3127 1607 3140 ,
1633 3103 1691 3142 qui
1720 3103 1753 3132 in
1779 3101 1886 3132 Gallia
1913 3101 2076 3132 sederunt
2097 3099 2138 3130 ab
2160 3101 2255 3129 Anno
2280 3096 2371 3129 1505.
2386 3099 2428 3130 ad

1463 3152 1541 3184 1594
1566 3153 1672 3184 lucem
1708 3151 1796 3182 vidit
1820 3152 1956 3182 Parisiis
1982 3149 2082 3187 1695,
2109 3148 2140 3180 4.
2170 3147 2300 3179 duobus
2324 3147 2428 3180 volu-

1461 3202 1619 3233 minibus.
1648 3200 1799 3232 Clemens
1832 3201 1869 3230 V.
1905 3199 2026 3230 electus
2064 3197 2094 3229 5.
2127 3198 2217 3228 Junii
2242 3199 2302 3227 An.
2333 3195 2426 3228 1505.

1462 3253 1587 3282 perusii
1606 3274 1615 3289 ‚
1639 3255 1667 3281 θ’
1697 3252 1873 3281 coronatus
1900 3248 1988 3287 (hoc
2015 3249 2105 3279 enim
2127 3246 2228 3277 verbo
2247 3247 2425 3286 scriptores

1463 3301 1593 3332 illorum
1629 3303 1814 3338 temporum
1853 3297 2020 3334 utuntur)
2043 3295 2218 3336 Lugduni,
2245 3299 2419 3335 praesente

1460 3353 1545 3390 Rege
1569 3350 1722 3388 Philippo
1747 3347 1795 3378 18.
1827 3347 1893 3378 Cal.
1920 3346 2090 3378 Deccmbr.
