2500 3841
841 191 1258 231 EUSlGNlUS

60 257 182 298 sionis
197 289 207 305 ,
241 257 494 316 Verceiiensis
516 257 725 310 Eusebius,
747 261 818 311 qui
835 263 1007 301 omnium

61 319 317 361 psalmorum
336 320 650 360 Commentarios
678 321 871 363 haeretici
889 325 1010 364 leomi-

58 383 122 423 πίε
142 382 264 422 vertit
283 382 324 421 in
344 385 526 420 nostrum
550 381 749 435 eloquium
768 417 780 434 ,
806 385 896 425 licet
918 386 1010 427 haa-

58 445 186 485 retica
189 443 530 497 praetermittens,
547 446 693 497 optima
706 459 884 500 quaeque
901 453 1011 487 tran—

59 506 227 547 stulerit.
244 507 425 557 Denique
441 506 645 558 Epistolae
663 510 700 547 in
716 510 1010 561 exilioscriptae

59 568 114 608 ad
141 568 416 609 Constantium
445 571 730 621 Imperatorem
760 571 863 621 apud
895 573 1012 612 Baro-

60 632 170 670 nium
193 630 244 670 ad
265 630 428 670 Annum
455 632 532 671 355
554 644 664 671 num.
691 634 714 670 6
734 632 789 671 ad
807 632 1012 685 Presbyte—

60 704 142 742 ros,
166 697 207 731 et
227 691 366 744 Plebes
391 694 553 743 Italiae,
578 699 619 732 et
642 693 698 732 ad
719 695 1008 746 Patrophilum‚

60 755 250 806 leguntur
269 766 427 806 quoque
452 755 557 807 apud
581 757 741 796 Surium
765 759 799 795 1.
821 758 1010 808 Augusti,

61 821 102 856 et
139 817 177 855 in
222 817 501 868 supplemento
543 819 808 858 Bibliothecae
850 821 1011 859 Patrum

60 879 286 918 Morelliano
309 881 521 918 parisiensi
541 885 636 919 tom.
668 883 702 920 1.
734 893 819 932 pag.
860 882 947 920 627.
972 887 1013 920 et

61 941 100 979 in
130 940 301 980 editione
333 941 598 981 Bibliothecae
624 943 882 994 Lugdunensi
917 950 1011 983 tom.

62 1004 106 1042 V.
130 1015 167 1054 p.
193 1003 308 1043 ⁴227.
325 1004 503 1055 Epistola
526 1005 574 1044 ad
598 1005 834 1056 Greyorium
852 1007 1014 1057 Episco-
1034 1016 1037 1019 ·

62 1076 158 1116 pum
190 1066 433 1115 Spanensem
468 1067 699 1117 Raeticum,
736 1069 775 1105 in
813 1068 852 1106 S.
878 1068 1012 1106 Hilarii

60 1127 297 1166 pictaviens.
334 1127 554 1178 fragmento
578 1130 664 1168 XII.
689 1141 775 1181 pag.
802 1129 904 1168 4356
933 1129 1014 1167 edi-

65 1189 185 1228 tionis
209 1199 336 1227 novae
359 1189 605 1230 Benedictin.

115 1250 138 1275 ³*
174 1250 311 1290 Codex
353 1253 652 1303 evangeliorum
688 1254 812 1304 ipsius
853 1253 1011 1292 Eusebii

64 1325 189 1354 manu
207 1312 436 1364 descriptus
452 1316 520 1364 qui
536 1317 686 1353 servari
719 1316 844 1355 fertur
859 1316 1015 1355 Vercel-

63 1378 113 1417 lis
132 1378 172 1415 in
193 1377 331 1416 maiori
355 1375 538 1415 eiusdem
563 1377 672 1415 urbis
695 1377 876 1417 Ecclesia
899 1377 1015 1415 hodie

63 1439 226 1479 tandem
251 1439 381 1478 lucem
407 1438 604 1489 publicam
634 1439 820 1490 adspexit
848 1444 1015 1478 curante

65 1503 240 1554 primum
269 1502 356 1539 viro
385 1502 530 1552 insigni
558 1502 710 1540 Joanne
734 1501 894 1540 Andrea
918 1502 1016 1540 Irico

3 1597 7 1598 γ
61 1564 286 1605 Tridinensi
303 1563 465 1614 Collegii
489 1563 739 1602 Ambrosiam
756 1565 936 1613 Doctore,
950 1565 1017 1614 qui

63 1632 105 1667 et
119 1627 537 1679 praefationem,notas
554 1631 595 1664 et
609 1626 912 1665 concordantias
926 1627 1019 1665 alio-

64 1702 155 1730 rum
182 1689 380 1728 codicum
416 1688 572 1727 adiecit.
602 1691 732 1728 tom.¹l
767 1690 804 1727 in
831 1690 853 1727 4
876 1689 1019 1728 Medio-

62 1753 218 1792 lanian.
237 1750 352 1791 ⁴747.
369 1752 467 1790 Dein
484 1761 655 1789 recusus
671 1755 734 1789 est
752 1753 791 1788 in
809 1751 1017 1801 splendido

63 1826 181 1866 opere
205 1825 333 1864 nuper
355 1813 515 1863 vulgato
538 1814 686 1851 Romae
714 1817 809 1851 tom.
842 1814 864 1851 4
890 1815 929 1851 in
955 1814 1017 1851 fol.

62 1881 229 1916 curante
248 1875 524 1914 eruditissimo
543 1874 913 1923 Blanchinio,cuius
929 1886 1021 1925 ope-

63 1940 120 1978 ris
141 1938 285 1978 titulus
307 1938 371 1976 hic
384 1942 470 1976 est:
491 1935 821 1988 Evangeliarium
843 1936 1022 1989 quadru-

57 2000 171 2053 piem.
190 2003 336 2040 Romae
366 1999 482 2040 ⁴749.

117 2063 387 2104 EUSIGNIUS
401 2061 450 2101 de
470 2063 558 2100 Vita
574 2062 613 2100 S.
629 2061 821 2100 Basilisci
833 2063 1020 2112 Martyris

64 2127 141 2166 sub
163 2126 399 2165 Maximiano
423 2128 464 2163 et
485 2124 697 2162 Maximino
735 2125 918 2173 tyrannis
951 2136 1019 2162 ex-

65 2194 146 2229 stat
169 2189 207 2226 iu
232 2188 343 2227 Actis
366 2187 604 2226 Sanctorum
625 2189 721 2223 tom.
747 2187 782 2224 1.
803 2187 927 2224 Martii
953 2187 1019 2225 111.

65 2263 152 2303 pag.
177 2249 365 2289 237-244.

117 2309 489 2353 EUSTACHIUSde
507 2309 652 2349 Balneo
671 2309 1021 2360 re9i0,Cardinalis

66 2375 318 2422 Albanensis,
341 2374 409 2424 qui
441 2373 588 2424 Gangio
613 2372 828 2410 defunctus
852 2373 1023 2412 traditur

66 2438 141 2479 An.
157 2438 275 2478 4283.
289 2447 367 2475 non
385 2435 571 2474 diversus
586 2439 648 2473 est
661 2445 682 2473 a
698 2433 1022 2474 BONAVENTU—

65 2500 146 2549 RA,
156 2499 205 2539 de
223 2498 560 2550 que,scriptisque
575 2495 662 2546 ejus
677 2495 828 2534 dictum
849 2506 968 2546 supra
992 2501 1019 2534 t.

68 2566 104 2605 1.
138 2576 176 2615 p.
205 2562 310 2610 234,
339 2571 423 2610 seq.
448 2558 519 2598 sed
549 2559 669 2597 simul
699 2558 1018 2597 demonstratum

68 2625 174 2677 quod
197 2624 301 2663 diem
325 2623 421 2661 obiit
440 2633 518 2661 non
543 2620 618 2660 An.
650 2621 778 2667 4283,
804 2619 873 2658 sed
901 2620 1016 2659 4274.

118 2685 438 2729 EUSTACHIUS
454 2685 647 2723 Platesius
662 2681 927 2729 Bononiensis,
945 2683 1017 2721 Or-

69 2751 174 2791 dinis
197 2747 516 2795 Praedicatorum
536 2747 769 2784 Procurator
791 2744 1016 2790 Generalis,

68 2813 283 2852 defunctus
305 2810 380 2849 An.
406 2809 523 2848 1519.
558 2808 730 2858 Reliquit
763 2807 1017 2846 Commenta-

70 2876 149 2914 rios
175 2873 217 2912 in
253 2870 375 2912 libros
411 2870 727 2916 Sententiarum,
752 2873 792 2907 et
821 2873 1014 2908 tractatus

70 2936 118 2976 de
140 2933 412 2975 incarnatione
434 2931 580 2982 Verbi,
609 2932 656 2971 de
681 2931 795 2970 beata
828 2931 985 2981 Vzryz'ne
1008 2961 1015 2980 ,

71 2997 119 3038 de
141 2994 314 3048 Anqelis,
339 2993 385 3034 de
408 2995 480 3035 SS.
518 2994 719 3043 Trz‘nitate,
744 2998 783 3030 et
811 2992 1016 3031 Orationes

73 3061 208 3112 plures
243 3063 326 3097 tam
363 3057 533 3109 eleganti
575 3056 680 3106 stylo
704 3084 712 3103 ,
756 3055 787 3093 si
826 3055 1014 3094 Jacobum

71 3120 299 3163 Echardum
319 3120 505 3160 audimus
529 3125 623 3158 tom.
649 3116 822 3156 secundo
853 3128 938 3166 pag.
965 3116 1014 3155 [ιο

73 3190 119 3225 ut
136 3186 176 3223 in
198 3183 434 3223 tractatibus
456 3182 652 3221 disserere
678 3179 924 3217 Lactantium
943 3209 951 3224 ,
977 3181 1014 3216 in

73 3245 324 3286 Orationibus
338 3245 572 3285 Clceronem
593 3244 722 3294 ipsum
747 3239 866 3278 verba
892 3240 1017 3279 facere

75 3309 290 3348 censueris.

1954 194 2034 233 539

1136 263 1452 303 EUSTACHIUS
1491 263 1621 301 Abbas
1651 264 1696 302 de
1728 263 1825 314 Flay
1844 292 1853 307 ,
1876 275 1967 303 cum
1993 266 2032 304 S.

1082 326 1253 365 Fulcone
1283 337 1331 364 ex
1359 327 1596 364 Normannia
1622 327 1657 363 in
1698 325 1882 376 Angliam
1920 326 2036 376 troje-

1081 390 1185 427 cisse
1201 419 1210 436 ,
1233 392 1273 425 et
1298 389 1422 426 sacris
1458 387 1724 426 Coneionibus
1741 389 1929 438 'miraque
1967 400 2034 439 pa-

1083 450 1248 497 trando,
1272 449 1389 488 corda
1414 450 1631 488 multorum
1648 452 1896 489 convertisse
1913 451 2033 490 tradi-

1084 516 1159 551 tur.
1186 511 1281 550 Vide
1305 512 1497 549 Bzovium
1521 510 1570 549 ad
1601 510 1762 550 Annum
1795 512 1897 550 4200
1920 524 2026 552 num.

1085 575 1134 612 18
1151 578 1192 612 et
1211 572 1459 623 [laynaldum
1486 584 1594 611 num.
1612 573 1654 612 21
1679 584 1728 612 ex
1744 574 1895 625 Rogero
1909 575 2036 613 Hove-

1086 636 1202 674 deno.

1138 696 1460 736 EUSTACHIUS
1499 696 1691 745 Leusius,
1717 699 1839 736 Vallis
1864 700 2034 738 Serenae

1083 760 1216 798 Abbas
1246 760 1349 797 circa
1378 758 1541 796 Annum
1572 759 1686 797 1216.
1727 760 1886 798 Ordinis
1924 763 2037 799 Prae-

1085 824 1300 859 monstrat.

1138 880 1456 922 EUSTACHIUS
1473 881 1786 921 Norinanvillius
1811 885 1977 933 Anglus,
2002 886 2037 923 J.

1087 946 1130 983 U.
1155 946 1300 982 Doctor
1322 948 1363 982 et
1391 943 1629 982 Academiae
1663 944 1901 983 Oxoniensis
1937 948 2037 985 Can-

1085 1007 1281 1054 cellarius,
1300 1007 1404 1044 circa
1426 1006 1588 1044 Annum
1606 1006 1722 1044 4280.
1742 1005 1869 1056 Hujus
1893 1007 2037 1045 doctri-

1087 1080 1175 1107 nam
1201 1069 1394 1116 efferunt,
1418 1069 1564 1118 scripta
1586 1068 1693 1106 nulla
1717 1069 1876 1118 signant
1900 1070 2038 1108 Lelan-

1085 1131 1161 1170 dus
1178 1141 1262 1181 cap.
1286 1131 1376 1169 254.
1400 1130 1543 1169 Baleus
1557 1132 1605 1177 X,
1630 1130 1692 1168 75.
1718 1132 1873 1169 Pitseus
1894 1144 1930 1182 p.
1947 1133 2037 1181 838,

1086 1198 1126 1231 et
1163 1194 1288 1232 Lucas
1328 1192 1578 1244 Waddingus
1605 1194 1642 1230 in
1668 1193 1765 1231 Bibl.
1789 1193 1947 1232 Ordinis
1971 1196 2038 1233 Mi-

1087 1267 1227 1294 norum
1258 1266 1347 1306 pag.
1380 1255 1469 1294 108.

1142 1316 1483 1365 EUSTACHIUS,
1506 1320 1591 1356 sive
1611 1317 1926 1357 EUSTATHMJS
1943 1319 2038 1357 Afer

1087 1381 1152 1418 vir
1165 1378 1452 1418 disertissimus
1472 1382 1574 1418 eirca
1598 1380 1758 1419 Annum
1781 1381 1869 1418 440.
1892 1382 1931 1420 S.
1956 1383 2033 1419 Ba-

1087 1441 1171 1480 silii
1190 1441 1372 1480 homilias
1394 1442 1449 1480 IX
1460 1474 1470 1490 ,
1497 1442 1537 1480 in
1559 1441 1827 1480 hexaemeron
1850 1443 1905 1480 ita
1928 1447 2038 1481 tran—

1090 1503 1201 1543 stulit
1222 1505 1262 1542 in
1285 1504 1467 1543 Latinum
1490 1536 1498 1555 ,
1523 1508 1568 1542 ut
1590 1505 1788 1555 inssenium
1820 1504 2040 1544 doctissimi

1095 1568 1180 1605 Vm·
1200 1568 1363 1616 (Basilii)
1375 1566 1590 1619 facundiae
1607 1577 1704 1605 suae
1728 1565 1884 1606 viribus
1904 1568 2038 1619 aequi-

1086 1641 1260 1681 parasse
1287 1628 1485 1667 videatur.
1521 1631 1579 1668 lta
1617 1629 1665 1667 de
1702 1641 1748 1667 eo
1781 1629 2039 1668 Cassiodorus

1091 1694 1219 1742 capite
1259 1693 1294 1731 1.
1332 1693 1566 1730 Divinarum
1606 1692 1851 1730 Lectionum.
1887 1693 2040 1730 Dicavit

1092 1755 1315 1793 versionem
1334 1765 1420 1792 eam
1438 1754 1675 1792 Eustathius
1695 1752 1937 1805 Syncleticae
1953 1755 2040 1792 Dia-

1090 1808 1294 1856 conissae,
1317 1806 1434 1857 cujus
1460 1812 1504 1845 ut
1528 1807 1707 1857 aequalis
1732 1818 1827 1846 suae
1861 1809 2041 1845 meminit

1092 1870 1278 1909 Sedulius
1302 1871 1339 1907 in
1376 1870 1616 1920 praefatione
1655 1869 1794 1920 Operis
1825 1869 2037 1907 paschalis.

1092 1933 1148 1970 De
1184 1931 1422 1969 editionibus
1457 1931 1587 1969 dicere
1612 1942 1675 1969 me
1699 1932 1857 1969 memini
1884 1935 1978 1968 tom.
2004 1932 2039 1968 8.

1091 1993 1354 2032 Bibliothecae
1378 1993 1551 2032 Graecae
1575 2004 1660 2044 pag.
1687 1993 1735 2030 69
1767 2004 1895 2043 neque
1927 1994 2042 2030 omit-

1091 2055 1258 2094 tendum
1281 2054 1387 2105 quod
1415 2056 1635 2094 novissime
1670 2057 1864 2093 recensita
1900 2055 2042 2106 prodiit

1091 2117 1137 2155 ad
1165 2118 1312 2155 calcem
1338 2119 1432 2155 tomi
1450 2119 1485 2156 1.
1502 2117 1675 2168 Operum
1694 2118 1734 2156 S.
1752 2117 1897 2166 Basilii,
1918 2116 2039 2155 Grae-

1091 2191 1136 2217 ce
1161 2184 1202 2217 et
1226 2180 1362 2217 Latine
1384 2179 1606 2218 luculenter
1637 2191 1762 2229 nuper
1794 2179 1947 2228 vulgati
1970 2180 2039 2217 Pa-

1092 2243 1197 2279 risiis
1224 2241 1317 2281 4721
1343 2271 1351 2287 ,
1378 2242 1442 2280 fol.
1467 2241 1704 2279 curantibus
1734 2240 1935 2279 Monachis
1974 2243 2044 2279 Be-

1094 2304 1307 2343 nedictinis
1341 2304 1496 2343 Juliano
1536 2303 1725 2342 Garnerio
1757 2307 1798 2342 et
1834 2304 2045 2342 Francisco

1092 2358 1331 2405 Faverolles.

1145 2430 1451 2479 EL'STASIUS,
1476 2430 1560 2466 sive
1585 2428 1893 2475 ESTATffl-US,
1927 2427 2043 2465 disci-

1091 2492 1210 2542 pulus
1237 2496 1277 2529 et
1308 2502 1518 2529 successor
1554 2491 1592 2530 S.
1616 2490 1847 2530 Columbani
1869 2520 1878 2538 ,
1910 2489 2041 2527 Abbas

1090 2554 1139 2591 ab
1168 2553 1242 2591 An.
1274 2553 1362 2591 610.
1394 2553 1670 2599 Luxoviensis,
1701 2550 1890 2601 Reyulam
1912 2552 1950 2589 S.
1971 2552 2043 2590 Co-

1091 2613 1270 2652 lumbani
1288 2616 1324 2652 in
1350 2613 1509 2664 Synodo
1533 2614 1809 2652 Matisconensi
1840 2612 1912 2650 An.
1949 2613 2038 2651 626.

1090 2678 1241 2715 fortiter
1270 2677 1473 2724 asseruit,
1512 2680 1631 2724 atque.
1666 2675 1824 2723 scripsit
1860 2673 2040 2723 ejusdem

1088 2740 1259 2789 Magistri
1289 2740 1350 2777 sui
1381 2739 1509 2776 exulis
1542 2735 1824 2783 Itinerariuin,
1850 2747 1928 2786 quo
1970 2735 2037 2774 de-

1087 2801 1268 2853 perdito,
1293 2805 1401 2840 certe
1422 2800 1551 2839 adhuc
1580 2799 1726 2837 inedito
1746 2827 1754 2844 ,
1781 2809 1877 2836 usus
1900 2799 1937 2835 in
1958 2799 2039 2836 vita

1088 2863 1320 2903 Columbani
1339 2862 1494 2902 JONAs
1511 2864 1666 2901 ScotuS.
1682 2859 1776 2899 Vide
1797 2871 1897 2909 quae
1919 2870 2037 2909 supra

1089 2931 1182 2966 tom.
1209 2928 1242 2964 1.
1269 2936 1355 2976 pag.
1381 2924 1470 2964 371.

1142 2988 1482 3034 liUSTllliNlUS,
1508 2989 1625 3036 cujus
1650 2989 1883 3035 argumenta
1908 2984 1945 3021 in
1971 2983 2038 3021 AE-

1087 3050 1255 3098 neidcm,
1276 3050 1419 3099 aliique
1437 3060 1579 3088 versus
1599 3053 1639 3086 et
1663 3048 1945 3098 epigrammata
1966 3057 2035 3084 ex-

1087 3117 1220 3161 stant,
1258 3113 1412 3161 ingenio
1441 3111 1632 3148 certantis
1669 3120 1760 3147 eum
1804 3107 2035 3156 aequalibus

1087 3176 1170 3212 suis
1192 3172 1373 3211 undecim
1393 3186 1399 3210 :
1425 3170 1670 3223 Asclepiadio
1686 3202 1695 3217 ‚
1722 3170 1900 3214 Asmcuo,
1922 3169 2034 3206 Basi-

1089 3236 1136 3273 lio
1157 3267 1166 3282 ,
1194 3232 1426 3286 Euphorbo.
1460 3233 1638 3278 Milesio,
1676 3232 1860 3279 Iuliano,
1901 3231 2035 3269 Mami-

1090 3298 1247 3340 mi'cino,
1291 3295 1494 3342 Palladio.
1543 3296 1798 3346 Pompeiano,
1843 3292 1960 3332 Vilali
1993 3299 2030 3332 et
