2500 4009
334 250 413 289 206

383 315 630 357 Innocentius
638 310 832 353 CAESARI
840 309 900 347 US
909 306 1137 353 auxiensis,
1151 305 1292 343 defun-

333 385 423 419 ctus
448 380 520 418 An.
551 376 647 416 1512
667 374 834 420 scriptor
857 368 1033 406 disertus
1057 366 1291 416 direptionis

337 442 450 482 L'rbis
472 438 633 481 Brixiae.
660 434 782 471 saetae
806 441 826 468 a
844 429 965 468 Gallis
988 428 1063 467 An.
1090 427 1293 467 45081au-

336 504 531 550 datusque
543 496 678 533 vossio
695 493 742 531 de
759 492 963 530 llistoricis
981 490 1130 529 Latinis
1145 501 1182 539 p.
1201 489 1292 528 816.

386 558 600 601 CAESARlI
615 551 1038 594 AbbatisPrumiensi's
1053 551 1290 602 glossarium

331 627 472 663 citatur
496 632 516 658 a
541 620 748 665 Browero,
773 627 796 655 a
824 615 971 666 Gangio
1002 615 1040 652 in
1070 611 1294 664 leer1perre-

332 690 393 723 tus
416 687 489 721 ete.

378 741 545 784 Michael
566 739 814 782 CAESENAS
827 738 987 778 Ordinis
1011 739 1290 777 Franciscano-

328 819 413 846 rum
432 805 546 845 Anno
568 804 669 844 ’1316
687 802 893 841 Generalis
913 811 1041 850 usquc
1061 799 1108 838 ad
1125 799 1287 838 Annum

328 869 445 908 1313.
462 878 540 918 quo
554 865 746 905 Monaehii
765 864 870 911 obiit,
886 874 907 901 a
925 861 1124 901 Ludovico
1137 862 1288 899 Bavaro

325 934 504 968 assertus
519 932 656 966 contra
672 928 866 965 Ioannem
882 925 993 963 XXll
1012 924 1095 973 ipse
1113 924 1150 960 in
1166 923 1288 961 variis

324 993 482 1042 seriptis
499 989 759 1041 reprehensor
776 989 901 1037 Papae
916 991 956 1024 et
974 984 1287 1024 mendicantium

324 1049 889 1104 propugnatorMonachorum.
911 1046 1285 1095 VideWaddingum

324 1121 430 1154 tomo
455 1115 570 1153 tertio
593 1112 806 1152 Annalium
845 1109 894 1149 ad
918 1109 1080 1148 Annum
1114 1108 1216 1148 «1317
1243 1111 1284 1147 et

324 1177 427 1216 4322
451 1175 516 1214 ubi
544 1173 739 1225 quaedam
771 1171 892 1222 hujus
930 1172 1162 1211 Caesenatis
1188 1170 1286 1221 Epi-

320 1237 440 1276 scolae
487 1240 524 1275 et
567 1232 874 1274 Protestate'ones
919 1236 1056 1272 contra
1086 1233 1280 1270 Joannem

322 1301 432 1338 XXII
458 1310 506 1336 ex
531 1297 702 1336 editione
718 1296 844 1334 veteri
861 1294 984 1346 Lugd.
1013 1294 1116 1333 114-95
1132 1297 1172 1332 et
1191 1294 1282 1332 Gol-

321 1361 479 1400 ‹lastum
501 1365 527 1398 t.
554 1360 586 1398 11
611 1359 660 1397 de
683 1357 910 1397 Monarchia
935 1357 1093 1408 Imperii
1118 1367 1155 1406 p.
1178 1356 1280 1395 1236

320 1423 490 1462 eundem
517 1420 786 1472 Waddingum
811 1431 899 1471 pag.
923 1420 998 1459 259
1016 1418 1282 1457 Bibliothecae

321 1485 479 1523 Ordinis
502 1485 716 1530 Minorum,
755 1482 820 1521 ubi
845 1481 934 1531 ejus
970 1479 1282 1521 Commentarios

319 1548 357 1585 in
381 1545 646 1593 Ezechielem,
669 1544 709 1582 in
731 1544 790 1583 IV
809 1543 931 1582 Iz'liros
955 1542 1277 1591 Sententiarum,

318 1614 355 1646 et
381 1610 589 1648 Sermones
612 1606 659 1644 de
685 1611 862 1656 tempore
886 1610 926 1643 et
949 1605 997 1643 de
1021 1606 1178 1643 Sanctis
1200 1615 1282 1642 me-

321 1675 459 1708 morat.
484 1669 750 1708 Warthonum
772 1667 819 1705 ad
844 1667 1023 1706 Cavcum
1040 1697 1050 1713 ,
1075 1665 1277 1705 Oudinum

318 1737 424 1770 tomo
448 1732 496 1788 [ΙΙ
522 1742 606 1781 pag.
628 1730 705 1768 789
730 1733 804 1766 etc.

370 1792 665 1831 CAJETAMJS
695 1791 944 1838 vicentinus,
970 1788 1193 1828 Canonieus
1208 1789 1279 1827 Pa-

315 1855 476 1892 tavinus
500 1853 631 1891 clarus
653 1852 726 1890 An.
754 1851 854 1890 4430
880 1850 1030 1890 Auctor
1059 1850 1274 1889 Commen-

314 1916 502 1953 tariorum
536 1915 572 1952 in
597 1913 822 1952 Aristotelis
858 1913 977 1952 libros
1013 1912 1272 1962 Physicorum

314 1982 353 2015 et
376 1977 424 2015 de
448 1977 566 2016 Coelo
590 1987 634 2014 ac
657 1975 818 2024 Mundo,
839 1979 880 2013 et
905 1976 942 2012 in
967 1974 1087 2013 libros
1121 1973 1170 2013 de
1190 1975 1274 2012 ani-

316 2051 390 2077 ma.
417 2039 511 2077 Vide
536 2038 798 2076 Trithemium
816 2048 900 2087 cap.
915 2036 1006 2074 770.
1027 2036 1140 2074 Alius
1159 2036 1274 2086 CaJe-

315 2103 432 2138 tanus
471 2100 703 2137 vicentinus
723 2098 871 2147 junior,
896 2101 1158 2146 cognomento
1192 2096 1274 2134 Tie-

317 2171 457 2206 nueus,
487 2161 553 2208 qui
588 2163 724 2197 auctor
747 2157 839 2195 Ord.
882 2158 1068 2197 Clericor:
1089 2158 1271 2208 Regular.

316 2221 616 2266 'l'lu-atinorum,
641 2219 672 2257 Α
713 2219 815 2257 Ι1347
838 2217 942 2256 diem
977 2219 1090 2267 obiit⁷
1117 2220 1269 2257 saneti-

317 2293 414 2332 szlue
431 2281 654 2331 adscriptus
669 2284 731 2318 est
748 2280 791 2319 A.
806 2280 918 2318 Ι1629.
939 2280 986 2318 dc
1007 2292 1084 2330 quo
1102 2282 1271 2319 Comne-

318 2354 393 2381 nus
417 2342 644 2393 l'apadopoli
676 2347 768 2379 tom.
796 2341 828 2379 ΙΙ
851 2343 1058 2391 Gymnasii
1094 2343 1271 2380 Patavini

317 2417 402 2455 pag.
429 2405 515 2442 272.
543 2406 595 2442 De
611 2402 771 2442 Daniele
794 2403 983 2454 Cajetuno
1001 2405 1273 2453 Cremonensi,

316 2468 381 2517 qui
409 2468 548 2505 Doctor
587 2466 864 2505 humaniorum
902 2466 1122 2504 litterarum
1147 2467 1277 2504 extin-

315 2533 403 2566 ctus
420 2528 622 2566 Mediolani
647 2527 691 2566 Λ.
715 2528 829 2567 4528.
850 2527 1005 2567 Arisius
1023 2529 1058 2565 in
1081 2528 1276 2567 Cremona

317 2591 508 2628 litterata:
535 2594 574 2628 et
596 2589 645 2629 de
669 2589 813 2628 leoma
836 2589 882 2628 de
904 2589 981 2638 Vz'o,
1005 2589 1189 2641 Cajetani
1206 2601 1275 2628 no-

316 2653 418 2689 mine
444 2653 608 2700 notiore,
635 2652 778 2702 insigni
804 2653 868 2691 illo
893 2663 1097 2691 sacrarum
1123 2652 1274 2691 littera-

316 2726 402 2751 runi
437 2715 650 2764 interprete
675 2719 715 2751 et
739 2714 961 2763 Cardiuali,
997 2718 1118 2764 quem
1143 2725 1273 2754 annus

320 2777 415 2814 1:334
440 2776 558 2814 rebus
583 2776 767 2814 humanis
790 2781 948 2815 constat
965 2777 1192 2827 abstulisse,
1212 2779 1275 2816 Ja-

314 2838 434 2875 cobus
472 2838 607 2883 Quetif
646 2843 753 2876 tomo
791 2838 968 2877 secundo
1006 2839 1271 2878 Bibliothecae

318 2901 671 2938 bominicanorum.
710 2901 765 2938 De
789 2899 930 2938 Jacobt
951 2901 1201 2941 CAJETAM
1227 2900 1274 2940 cle

316 2960 596 3010 Stelnzuniscis,
622 2961 860 3010 cardinalis,
886 2962 1060 3001 defuncti
1091 2962 1137 3002 A.
1171 2964 1271 3002 4:343

316 3032 429 3071 opere
454 3024 733 3073 prosonwtrieo
758 3025 833 3062 Ms.
874 3036 951 3074 quo
981 3026 1105 3063 vitam
1139 3029 1178 3064 et
1207 3036 1272 3063 res

318 3087 448 3126 ‚nestas
472 3084 682 3121 Caelestini
710 3085 739 3122 V
760 3086 885 3136 Papae
919 3087 1150 3136 celebravit,
1180 3087 1271 3125 vide

320 3143 456 3181 Labhei
474 3145 752 3184 bibliothecam
769 3148 876 3187 MSS.
898 3160 982 3198 pag.
997 3151 1087 3189 236.
1109 3151 1164 3188 De
1183 3150 1270 3188 aliis

318 3202 404 3250 ejus
428 3207 630 3254 poematis,
650 3208 857 3257 lipistolis,
883 3210 1141 3250 Seruionibus
1164 3212 1209 3250 G.
1233 3212 1266 3249 J.

322 3264 423 3310 {fis-'xa'
448 3278 528 3314 [ως-ς.
558 3270 626 3304 1139
653 3282 847 3319 purpurae
871 3272 1078 3311 litteratae.

373 3325 391 3346 ⁴*
422 3326 629 3367 Caietanus
654 3331 726 3368 iste
747 3332 978 3374 vicentinus
998 3335 1139 3375 author
1162 3348 1268 3376 com-

1143 233 1536 278 ¹CAESARIUS

1366 308 1488 342 ment.
1512 304 1548 340 in
1569 303 1823 344 Aristotelem
1849 310 1888 345 et
1913 308 1996 358 ipse
2018 308 2165 359 pariter
2186 320 2332 361 cogno-

1365 377 1457 404 men
1482 364 1620 404 habuit
1643 365 1691 404 de
1714 368 1846 408 Tienis
1865 398 1873 417 ,
1896 380 1975 419 quo
1998 369 2089 409 dein
2113 369 2329 422 Cajetanus

1361 426 1496 478 junior
1517 426 1610 466 Ord.
1641 428 1896 468 Teatinorum
1921 431 2074 482 primus
2101 432 2245 472 author
2269 434 2330 473 vir

1367 493 1534 528 sanctus
1554 489 1886 540 distinguebatur.
1908 492 1966 531 Ita
1982 494 2089 532 enim
2105 505 2169 534 me
2184 494 2329 546 legisse

1366 552 1565 591 succurrit
1594 553 1632 590 in
1657 553 1784 591 veteri
1807 552 1892 591 cod.
1909 554 1985 593 MS.
2003 555 2184 595 Biblioth.
2208 557 2326 596 Mala-

1366 618 1563 654 testarum
1599 614 1828 662 Caesenae,
1851 617 1888 653 in
1925 626 2004 665 quo
2041 617 2326 658 Commentarii

1365 675 1546 714 eiusdem
1561 675 1742 725 CaJ'etani
1759 676 1798 713 in
1819 675 1884 714 lib.
1908 676 2155 717 PhiSicorum
2173 677 2326 718 Aristo-

1364 738 1454 777 telis
1469 739 1737 776 continentur.
1749 736 1986 788 Eoepliciunt
1998 738 2195 789 quaedam
2209 740 2326 780 utilia

1356 811 1434 852 per
1452 811 1513 838 me
1549 798 1786 838 Gaietanum
1807 797 2016 852 recollecta
2045 810 2135 838 cum
2159 801 2232 841 Dei
2250 814 2324 841 au-

1360 861 1461 902 oez'lio
1478 891 1487 909 ,
1509 860 1577 900 cut
1595 860 1676 899 sint
1697 859 1857 910 yrattae
1883 859 2059 912 infinitae
2073 892 2085 910 ,
2107 861 2214 901 sicut
2238 863 2324 904 eius

1361 922 1548 964 celsitudo
1568 926 1757 961 meretur.
1781 921 2000 961 Gaz‘etanus
2020 921 2068 961 de
2091 923 2242 975 Tyenis.

1417 985 1609 1026 Eiusdem
1640 985 1819 1029 Caietam
1856 983 1906 1023 de
1938 985 2089 1035 Tyenis
2129 989 2194 1025 est
2225 985 2324 1027 liber

1361 1047 1654 1099 expositionum
1689 1044 1927 1097 reqularum
1960 1049 2001 1086 et
2036 1045 2323 1098 sophismatum

1358 1108 1608 1158 IIentisberc',
1636 1110 1751 1148 cuius
1788 1109 1894 1159 prior
1922 1112 1968 1147 ut
1999 1107 2168 1148 arbitror
2201 1108 2321 1149 editio

1357 1173 1459 1212 facta
1474 1177 1536 1210 est
1552 1172 1728 1212 Venetiis
1748 1182 1811 1210 an.
1832 1171 1933 1210 1483
1954 1170 2017 1210 fol.
2041 1175 2206 1210 curante
2221 1173 2327 1224 Mag,

1356 1235 1563 1273 Franciseo
1583 1232 1829 1285 Angubiensi
1849 1232 2084 1273 Medicinam
2103 1232 2318 1280 theoricam

1354 1296 1524 1346 legente.

1409 1356 1694 1397 Commentarii
1717 1356 1894 1396 Caietani
1919 1356 1958 1394 in
1993 1355 2115 1396 libros
2145 1356 2318 1397 Phisico-

1356 1431 1446 1459 rum
1470 1418 1714 1470 prodierunt.
1738 1418 1917 1458 Venetiis
1940 1429 2004 1457 an.
2031 1419 2134 1458 1496
2156 1419 2199 1458 in
2224 1419 2288 1459 fol.

1408 1481 1564 1521 CAJus
1592 1482 1814 1531 Episcopus
1832 1481 2035 1520 Romanus
2057 1481 2106 1521 ab
2137 1480 2214 1521 An.
2239 1482 2316 1522 283

1353 1544 1560 1583 Decembr.
1583 1544 1631 1582 16
1656 1542 1704 1581 ad
1725 1543 1815 1582 296.
1835 1542 1934 1582 Vide
1951 1542 2052 1582 Aeta
2075 1543 2314 1583 Sanctorum

1351 1606 1473 1657 April.
1491 1606 1541 1645 22
1566 1609 1606 1643 et
1630 1605 1842 1645 Caesarem
1866 1604 2059 1644 Beeillum
2082 1606 2122 1643 in
2146 1604 2259 1644 Actis
2275 1606 2314 1645 S.

1353 1668 1435 1719 Caji
1463 1669 1589 1718 Papae
1613 1671 1654 1705 et
1674 1667 1883 1716 Martyris,
1907 1677 2010 1716 quae
2030 1667 2228 1706 illustrata
2247 1679 2316 1706 no-

1352 1730 1404 1766 tis
1426 1728 1550 1768 edidit·
1571 1729 1717 1767 Romae
1756 1728 1871 1767 1628.
1907 1726 2086 1779 Epistola
2122 1727 2178 1766 ad
2211 1728 2315 1767 Feli-

1350 1801 1433 1828 cem
1471 1790 1713 1840 Episcopum
1756 1789 1901 1839 legitur
1938 1789 1976 1827 in
2014 1789 2313 1828 Pseud-Isidoro

1348 1851 1541 1890 Blondelli
1569 1862 1656 1902 pag.
1683 1848 1760 1889 377
1785 1861 1869 1900 seq.
1897 1851 2082 1889 convicta
2115 1850 2244 1890 fraudi
2273 1855 2314 1890 et

1342 1910 1478 1956 νοθείας
1516 1914 1619 1951 inter
1653 1912 1728 1952 alia
1763 1913 1883 1959 etiarn
1908 1923 1959 1951 ex
1992 1912 2221 1963 hoc‚quod
2236 1924 2314 1965 pa-

1341 1986 1540 2026 yanorum
1562 1973 1756 2013 vocabulo
1779 1984 1851 2024 pro
1885 1973 2058 2013 ethnicis
2094 1974 2313 2014 idololatris

1350 2039 1488 2076 utitur.
1527 2038 1584 2076 De
1614 2047 1686 2085 eo,
1711 2035 1817 2086 quod
1854 2036 1894 2074 in
1931 2035 2058 2075 veteri
2095 2036 2314 2076 Pontificali

1345 2098 1441 2136 libro
1472 2096 1594 2147 Cajus
1628 2096 1773 2136 dicitur
1796 2097 2079 2147 constituisse,
2099 2101 2146 2136 ut
2177 2109 2310 2138 omnes

1348 2158 1514 2197 Ordines
1547 2158 1588 2196 in
1618 2156 1800 2196 Ecclesia
1836 2157 1895 2197 sic
1932 2157 2246 2211 adscenderent,
2273 2160 2311 2200 si

1343 2220 1432 2272 quis
1467 2219 1687 2272 Episcopus
1715 2218 1810 2271 ficri
1848 2223 2098 2270 mereretur,
2128 2225 2174 2259 ut
2208 2226 2308 2261 esset

1345 2282 1560 2331 ostiarius,
1608 2281 1753 2331 lector,
1797 2281 2002 2321 eoeorcista
2021 2311 2029 2331 ,
2074 2280 2308 2335 acolythus,

1346 2343 1631 2392 subdiaconus,
1649 2342 1841 2382 diaconus
1858 2341 2094 2395 ,presbyter
2112 2347 2150 2383 et
2163 2344 2309 2384 eaeiaeule

1348 2406 1566 2458 Episcopus
1598 2404 1884 2455 ordinaretur,
1924 2405 2124 2446 videndus
2167 2408 2310 2446 Petrus

1350 2470 1544 2509 Constant
1564 2469 1602 2506 in
1626 2468 1815 2519 Epistolis
1832 2469 1942 2507 Rom.
1964 2468 2200 2508 Pontificum
2222 2481 2309 2521 pag.

1350 2532 1424 2570 304
1449 2542 1533 2581 seq.
1554 2532 1610 2570 De
1630 2530 1717 2569 aliis
1741 2529 1846 2580 Cajis
1870 2530 1951 2569 dixi
1970 2530 2019 2569 ad
2041 2531 2080 2570 S.
2117 2532 2309 2583 Hierony-

1348 2605 1457 2633 mum
1479 2592 1527 2632 dc
1551 2594 1590 2632 S.
1611 2592 1657 2630 E.
1679 2604 1763 2644 cap.
1789 2594 1853 2632 59.

1402 2655 1423 2678 *
1448 2657 1686 2706 Quanquam
1711 2656 1950 2707 scriptorum
1969 2685 1977 2704 ‚
1998 2666 2168 2707 quorum
2189 2656 2308 2696 Caius

1350 2729 1492 2757 nomen
1512 2718 1596 2768 fuit,
1614 2718 1801 2757 fusiorem
1822 2718 2098 2757 tractationem
2115 2718 2154 2756 in
2168 2718 2308 2757 Biblio-

1349 2780 1464 2818 theca
1497 2781 1638 2819 Latina
1664 2780 1867 2820 Fabricius
1907 2781 2066 2830 exegit3
2103 2783 2147 2820 ut
2187 2791 2309 2830 quae-

1349 2842 1440 2881 dam
1464 2846 1598 2881 tamen
1615 2843 1678 2881 hie
1693 2842 1848 2882 tradam
1863 2842 1912 2881 de
1929 2843 2022 2882 Caio
2036 2845 2196 2881 vetusto
2213 2843 2306 2882 Sae-

1347 2905 1424 2943 culi
1459 2905 1491 2943 ΙΙ
1518 2905 1687 2944 labentis
1716 2905 1933 2956 scriptore,
1958 2904 2101 2948 Invitat
2136 2915 2200 2943 me
2232 2904 2306 2944 fra-

1347 2971 1555 3017 gmentum
1586 2968 1910 3006 vetustissimum
1948 2977 1972 3006 a
2007 2967 2217 3005 Muratorio
2253 2978 2303 3006 ex

1347 3028 1439 3067 Cod.
1464 3030 1542 3069 MS,
1568 3040 1704 3068 annor.
1735 3028 1837 3067 4000
1871 3027 2080 3078 vulgatum
2107 3027 2303 3078 Antiquit.

1345 3090 1457 3129 Medii
1486 3092 1574 3129 aevi
1604 3094 1698 3128 tom.
1724 3089 1801 3137 111,
1825 3099 1911 3140 pag.
1938 3089 2025 3128 853.
2050 3089 2299 3138 Quamquam

1344 3151 1392 3190 de
1407 3151 1598 3191 AuthoriS
1612 3151 1771 3190 nomine
1792 3150 1888 3188 nihil
1909 3151 1947 3188 in
1969 3161 2014 3189 ea
2038 3150 2193 3200 legitur,
2207 3160 2300 3188 cen-

1344 3218 1405 3252 set
1422 3219 1553 3253 tamen
1579 3215 1641 3252 vir
1663 3211 1844 3251 eruditus
1865 3211 1946 3251 Caii
1964 3212 2075 3249 Rom.
2096 3210 2298 3250 Ecclesiae

1341 3275 1561 3325 presbyteri
1584 3286 1686 3323 esse,
1701 3285 1819 3325 quem
1836 3275 1993 3311 constat
2010 3272 2101 3311 XIII
2123 3275 2298 3312 tantum—
2340 3284 2343 3287 ’

1344 3337 1456 3375 modo
1493 3338 1601 3377 Pauli
1636 3335 1822 3388 epistolas
1858 3344 2162 3384 annumerasse,
2192 3337 2295 3376 teste
