2500 4009
411 210 489 247 [issi
1142 202 1171 239 1³
1196 203 1226 239 it
1248 202 1278 240 U
1301 203 1332 240 'l‘
1354 204 1389 240 Ο
1412 204 1441 241 1.
1463 205 1491 241 Ρ
1515 205 1550 242 11
1572 205 1602 242 U
1625 207 1650 243 S

452 277 689 315 Ambrosius
708 273 870 311 Mor-ales
895 272 981 309 Xll.
1003 271 1064 309 36.
1081 270 1265 308 Chronic.
1287 282 1353 321 gc—

404 339 523 376 neral.
568 339 724 385 llispan.
770 332 904 370 laudat
948 332 1066 369 Paulo
1109 332 1351 369 Emeritensi

398 403 515 437 citato
532 401 633 435 teste
657 394 962 445 Epiyrammata
984 394 1193 431 Fructuosi
1213 394 1250 431 in
1268 393 1351 432 lau-

399 461 487 498 deni
508 460 627 503 Petri,
653 456 918 494 Narbonensis
936 455 1129 504 Episcopi,
1155 456 1351 504 [legisque

400 518 606 564 sisenandi
631 523 670 556 et
696 517 829 554 nescio
852 514 970 565 cujus
999 517 1171 554 Diaconi.
1197 516 1352 567 Episto-

400 583 476 621 Ium
501 580 555 618 ad
578 578 890 619 Receswae'nthum
910 579 1050 628 Reyem
1072 577 1194 617 edidit
1223 580 1353 617 Rami—

400 646 527 682 resius
551 642 598 680 ad
626 640 929 691 Luitprandum,
963 644 1084 690 atque
1108 640 1355 678 emendatio-

398 717 480 743 rem
506 706 543 741 in
567 703 798 742 collectione
843 714 908 740 τον
951 700 1158 739 οιυεκδοτον
1189 701 1353 748 vulgare

399 766 634 816 promiserat
680 763 901 803 Cardinalis
943 763 992 801 de
1033 763 1214 813 Aguirre.
1258 761 1354 800 Vide

401 827 605 865 Nicolaum
634 826 851 864 Antonium
881 830 987 863 tomo
1018 826 1051 863 i.
1085 824 1353 863 Bibliothecae

400 890 550 926 veteris
574 889 769 938 Hispanae.
793 899 879 937 pag.
905 888 994 926 285.
1021 887 1086 926 ubi
1113 886 1355 925 Pseudo-Ju-

404 951 494 988 liani
520 949 568 988 de
594 951 810 987 Fructuoso
833 953 1058 987 commenta
1082 947 1273 998 explodit.

459 1011 568 1050 Vitae
591 1012 798 1049 Fructuosi
818 1041 826 1059 ,
849 1022 968 1060 quam
991 1011 1076 1047 sinc
1103 1010 1264 1047 nominc
1289 1020 1358 1047 au-

403 1076 524 1112 ctoris
546 1073 693 1111 habent
715 1072 950 1110 Ambrosius
975 1071 1143 1110 Morales
1173 1071 1259 1109 XII.
1292 1071 1353 1108 35.

404 1136 550 1174 Chron.
575 1136 735 1184 llispau.
762 1133 1002 1172 Prudentius
1027 1133 1075 1171 de
1101 1132 1302 1171 Sandovai
1320 1133 1357 1169 in

404 1196 621 1248 appendice
654 1195 932 1234 fundationum
958 1196 1264 1233 Monasticarum
1296 1194 1360 1231 lli-

406 1260 581 1310 spaniae,
605 1258 806 1296 Johannes
830 1256 1017 1307 Tamajus
1046 1261 1158 1307 parte
1198 1258 1232 1295 i.
1262 1257 1361 1295 Mar-

406 1321 586 1370 tyrologii
627 1321 786 1369 Hispan.
818 1318 963 1370 Aprilis
995 1320 1056 1358 16.
1081 1320 1253 1356 Joannes
1282 1320 1360 1357 Ma-

408 1383 591 1420 billonius
615 1381 700 1419 Act.
727 1381 963 1420 Sanctorum
996 1380 1241 1419 Benedictin.
1273 1380 1358 1418 Sec.

408 1445 454 1481 ll.
481 1454 566 1493 pag.
590 1443 681 1482 581.
704 1447 744 1481 ct
770 1442 1044 1480 llenschenius
1069 1447 1174 1479 tomo
1190 1442 1226 1480 2.
1246 1441 1362 1480 Acto-

411 1517 499 1544 rum
524 1506 759 1543 Sanctorum
784 1504 951 1555 Aprilis,
978 1515 1063 1554 pag.
1098 1504 1185 1542 431.
1215 1502 1360 1541 additis

404 1569 527 1613 notis,
553 1568 786 1616 scriptorem
806 1576 896 1603 esse
921 1567 958 1604 S.
988 1565 1255 1612 VALERIUM,
1281 1575 1362 1602 mo-

404 1629 564 1667 nasterii
588 1629 628 1666 S.
651 1629 753 1666 Petri
778 1627 826 1665 de
852 1630 987 1665 monte
1018 1626 1237 1673 Abbatem,
1268 1636 1360 1663 con-

405 1691 531 1728 tendit
569 1690 752 1729 Nicolaus
792 1689 990 1727 Antonius
1023 1700 1108 1738 pag.
1141 1688 1231 1726 283.
1263 1688 1361 1725 lluic

407 1754 511 1790 vitae
531 1753 652 1790 etiam
678 1751 917 1796 llUGONlS,
943 1749 1220 1788 Archidiaconi
1246 1749 1361 1787 Com—

409 1814 640 1864 postellam,
665 1814 929 1851 narrationem
959 1811 1007 1849 de
1038 1811 1295 1849 translatione.
1321 1811 1359 1847 S.

407 1877 613 1914 Fructuosi
649 1880 689 1913 et
723 1875 888 1913 aliorum
920 1872 1262 1923 Compostellam,
1293 1883 1359 1909 su-

407 1936 560 1987 bjungit
584 1936 859 1975 Henschenius
884 1947 920 1985 p.
947 1936 1034 1973 436.
1061 1934 1152 1972 437.

458 1999 783 2037 FRUTOLPHUS
820 1998 860 2036 S.
884 1997 1084 2035 Michaelis
1114 1996 1356 2045 Bambergac

408 2060 623 2098 Monachus
638 2059 921 2097 Benedictinus
944 2059 1047 2095 circa
1063 2057 1223 2095 Annum
1245 2058 1283 2095 11
1298 2057 1357 2093 ili.

408 2121 468 2159 Ab
506 2122 577 2159 hoc
617 2119 878 2171 Evanqelium
909 2121 950 2157 S.
979 2117 1170 2158 Matthaei
1204 2119 1360 2167 copiose

411 2182 538 2219 tribus
572 2181 847 2220 voluminibus
886 2182 1138 2230 expositum,
1181 2180 1361 2217 l'ossevi-

410 2254 486 2281 nus
510 2244 740 2287 annotavit,
765 2254 811 2279 ex
839 2242 1112 2291 Eyscngrenio
1132 2251 1217 2290 pag.
1240 2241 1300 2277 69.
1321 2240 1355 2276 1).

410 2304 582 2353 catalogi
614 2305 775 2341 testium
808 2303 1004 2340 Veritatis.

464 2365 710 2404 FL'CltALDl
735 2365 875 2402 librum
902 2364 950 2401 ‹le
975 2363 1125 2401 Musica
1150 2362 1283 2400 laudat
1313 2360 1363 2399 Λ-

412 2437 610 2475 ιιι)η)·η]υε
633 2427 869 2465 Mellicensis
893 2426 1020 2475 capite
1048 2422 1136 2462 1107.
1165 2424 1360 2461 incertum

416 2489 643 2537 relinquens
667 2499 745 2537 quo
770 2492 946 2537 tempore
970 2487 1032 2524 illc
1051 2486 1242 2524 llorucrit:
1268 2496 1360 2523 cum

411 2551 665 2598 Anonymum
706 2549 811 2587 hunc
848 2548 1032 2587 credibile
1076 2549 1127 2585 sit
1165 2558 1243 2585 non
1273 2558 1363 2585 esse

413 2613 568 2650 saeculo
591 2612 824 2650 duodecimo
844 2612 1055 2661 juniorem.

465 2674 769 2720 FL'LBERTUS,
784 2674 1005 2722 (Anonymo
1022 2672 1235 2711 Mellicensi
1251 2683 1284 2710 c.
1297 2673 1359 2710 93.

414 2737 708 2781 1·“()1,111·111’[“Ε5Χ
737 2736 901 2774 Scholae
940 2735 1120 2785 publicae
1145 2734 1362 2772 Carnoten-

414 2799 443 2833 si
474 2796 504 2845 a]
534 2798 783 2845 Praefectus,
817 2799 954 2835 hoctor
994 2797 1209 2835 multorum
1241 2796 1364 2834 claro-

415 2872 501 2897 rum
521 2861 778 2906 ingeniorum,
796 2864 915 2909 atque
935 2860 970 2896 in
991 2858 1051 2896 his
1069 2858 1311 2907 Bercngarii:
1330 2857 1365 2906 (b

417 2921 504 2958 inde
531 2922 798 2959 cancellarius
839 2932 884 2959 ac
926 2920 1098 2970 denique,
1142 2919 1366 2969 Episcopus

415 2985 669 3020 carnotensis
693 2984 740 3021 ab
765 2983 878 3020 Anno
909 2982 1018 3021 1017.
1040 2981 1258 3020 defunctus
1288 2980 1361 3018 An.

423 3045 530 3082 1028.
561 3044 657 3094 Ejus
695 3046 841 3094 scripta
870 3055 891 3082 a
915 3043 1052 3082 Carolo
1090 3043 1138 3081 de
1178 3042 1362 3090 Villicrs,

474 3200 507 3237 a)
531 3202 692 3239 Launojus
715 3200 754 3230 de
779 3200 903 3231 Scholis
928 3199 1167 3231 celebrioribus
1191 3206 1263 3237 cap.
1288 3198 1341 3228 40.

479 3248 512 3284 ln)
538 3252 723 3287 Anonymus
755 3249 950 3280 Mullicensis
973 3258 1044 3288 cap.
1082 3249 1135 3279 97).
1171 3248 1372 3279 'frithcmius

419 3305 491 3334 rap.
509 3296 579 3327 511..

1426 274 1641 325 Theologo,
1671 278 1828 315 Parisiis
1855 279 1967 318 1608.
1993 281 2027 317 8.
2053 279 2174 327 edita,
2199 283 2320 330 atque
2338 282 2375 318 in

1425 336 1666 376 Bibliotheca
1686 339 1847 377 patrum
1872 341 2096 379 Coloniensi
2123 341 2237 380 1618.
2261 341 2371 380 Tom.

1424 399 1491 437 XI.
1517 403 1557 436 et
1586 399 1841 450 Lugdunensi
1866 404 1971 440 tomo
1994 404 2133 443 xviii.
2163 414 2257 442 cum
2286 403 2375 454 ejus

1428 461 1532 499 notis
1557 472 1697 500 recusa
1721 461 1818 500 haec
1842 467 1960 500 sunt:

1482 522 1679 574 Epistulae
1721 524 1852 562 CVIlI.
1893 524 2038 575 quibus
2071 528 2169 566 aliae
2209 529 2375 567 aliorum

1427 583 1628 633 subjectae
1665 590 1761 624 sunt
1797 587 1938 625 XXVI.
1981 587 2042 626 Ex
2083 589 2171 628 istis
2206 589 2379 630 Fulberti

1426 646 1634 697 Epistolis,
1659 647 1707 686 de
1727 648 1873 698 quibus
1896 647 2168 688 consulendus
2188 651 2382 702 Dupinius

1429 711 1465 747 in
1497 708 1739 748 Bibliotheca
1779 710 2056 749 Ecclesiastica
2092 711 2215 750 seculi
2244 714 2313 752 Xl.
2342 716 2383 750 et

1428 782 1599 822 quarum
1638 772 1792 821 aliquas
1832 772 2070 822 vulgaverat
2106 773 2298 812 Baronius
2331 774 2380 813 ad

1429 833 1590 872 Annum
1617 832 1733 872 4007.
1759 844 1842 884 seq.
1861 845 1882 872 e
1900 833 2043 873 Codice
2058 834 2260 884 Vaticano,
2279 834 2379 874 duae

1430 896 1624 946 primores
1647 896 1767 934 etiam
1798 897 1836 933 in
1861 896 2002 946 primis
2025 895 2288 935 Bibliothecae
2317 898 2385 936 Pa-

1431 961 1538 995 trum
1563 957 1683 995 Paris.
1709 956 1950 995 editionibus
1974 957 2234 1008 prodierant.-

1484 1019 1694 1057 Sermones
1718 1019 1784 1057 IX.
1810 1029 1980 1069 quorum
2000 1020 2145 1058 tertius
2159 1023 2224 1057 est
2243 1018 2293 1058 de
2314 1030 2385 1070 pu—

1432 1080 1647 1119 rificatione.
1664 1081 1832 1124 Mariae,
1859 1081 1894 1118 4.
1916 1081 1952 1119 5.
1977 1084 2018 1118 et
2042 1081 2078 1118 6.
2103 1080 2152 1120 de
2175 1079 2263 1131 ejus
2284 1081 2386 1120 nati-

1434 1144 1580 1191 vitate,
1605 1144 1638 1191 c)
1663 1146 1703 1180 et
1726 1142 1763 1180 7.
1789 1143 1825 1180 8.
1851 1143 1888 1179 9.
1904 1146 2043 1181 contra
2069 1142 2260 1192 Judaeos,
2277 1143 2383 1193 quod

1433 1205 1625 1254 scriptum
1650 1204 1785 1243 laudat
1808 1206 2003 1244 ilenricus
2032 1205 2312 1246 Gandavensis
2347 1217 2381 1245 c.

1437 1267 1470 1304 i.
1500 1267 1713 1304 Sermones
1742 1266 1953 1316 plerosque
1981 1267 2155 1307 Fulberti
2185 1267 2387 1307 recensuit

1433 1328 1695 1367 Combeiisius
1720 1319 2024 1368 in'Bibliotheca
2047 1329 2359 1369 Concionatoria.

1488 1388 1728 1428 Poenicentia
1744 1390 1956 1428 Larcorum
1968 1421 1979 1439 ‚
2004 1395 2046 1429 et
2068 1390 2284 1431 Mulierum
2296 1401 2388 1442 poe-

1435 1449 1596 1488 nitentia
1625 1463 1696 1501 per
1720 1452 1950 1491 Fulbertum
1975 1453 2230 1504 Episcopum.

1490 1512 1676 1552 Prosarii
1701 1513 1837 1565 hymni
1876 1515 1915 1551 in
1941 1514 1981 1553 S.
2007 1514 2288 1554 pantaleonem
2309 1543 2318 1563 ,
2350 1516 2387 1553 in

1435 1575 1473 1613 S.
1496 1576 1670 1622 Piatum,
1693 1579 1733 1613 et
1757 1575 1805 1613 dc
1831 1576 2046 1614 Nativitate
2084 1577 2240 1614 Domini
2270 1580 2311 1614 et
2339 1575 2389 1614 de

1434 1636 1580 1675 Sancta
1618 1638 1822 1675 Trinitate.
1848 1638 1891 1674 In
1919 1637 2018 1675 festo
2042 1638 2082 1676 S.
2117 1637 2288 1688 AEgidii,
2321 1649 2388 1676 na-

1435 1699 1540 1735 tione
1564 1698 1716 1737 Graeci.
1738 1700 1771 1747 a)
1798 1700 1851 1737 De
1872 1699 1964 1738 divo
1988 1699 2179 1746 Martino,
2208 1699 2244 1747 b)
2274 1698 2323 1738 de
2348 1700 2386 1738 S.

1436 1760 1643 1798 Lambcrto
1668 1765 1708 1798 et
1732 1771 1800 1810 pro
1820 1762 1938 1811 Rege.

1492 1823 1635 1862 Versus
1667 1826 1704 1861 et
1729 1823 1945 1875 Hymnide
1971 1825 2011 1862 B.
2045 1823 2231 1874 Virgine,
2262 1823 2311 1862 dc
2341 1824 2379 1863 S.

1432 1886 1585 1924 Cruee:
1615 1887 1667 1923 De
1691 1887 1857 1934 timore,
1882 1897 1952 1936 spe
1982 1889 2022 1924 et
2046 1896 2204 1924 amore:
2235 1887 2291 1924 De
2320 1895 2383 1923 se—

1433 1949 1539 1998 ipso:
1565 1948 1597 1996 c)
1622 1949 1677 1986 De
1701 1949 1850 1999 signis,
1874 1952 1915 1986 et
1939 1947 2162 1996 mensibus,
2178 1953 2219 1986 et
2234 1947 2388 1995 diebuS,

1432 2014 1472 2047 et
1497 2010 1626 2057 horis,
1651 2009 1930 2060 compendium
1951 2011 2140 2060 computi.
2178 2010 2235 2048 De
2263 2009 2387 2060 philo-

1435 2071 1549 2109 mela.
1587 2072 1642 2109 De.
1682 2072 1720 2109 S.
1764 2071 1961 2110 Carauno.
1992 2072 2198 2110 Castitatis
2228 2070 2388 2122 gradus.

1436 2134 1575 2169 Preces
1598 2132 1646 2169 ad
1672 2133 1826 2170 DEUM.
1850 2133 2034 2181 Hymnus
2053 2133 2090 2169 in
2113 2136 2251 2171 natum
2273 2132 2391 2171 CHri-

1437 2198 1545 2231 stum
1571 2198 1611 2230 et
1640 2194 1856 2231 aliusl)EO
1871 2194 2034 2232 trinuni.
2059 2194 2240 2244 Denique
2268 2194 2393 2231 versi-

1438 2255 1512 2293 bus
1536 2255 1734 2305 descripta
1759 2267 1807 2292 ex
1830 2256 1924 2293 vitis
1955 2256 2116 2293 Patrum
2148 2259 2227 2293 vet.
2260 2265 2394 2293 narra-

1437 2318 1489 2353 tio
1513 2316 1563 2354 de
1588 2316 1745 2354 homine
1770 2316 1964 2366 quodam,
1989 2317 2055 2366 qui
2097 2317 2306 2366 imperitus
2335 2317 2393 2353 vi-

1439 2383 1518 2415 tam
1540 2379 1783 2415 eremiticam
1806 2379 1942 2416 vivere
1963 2382 2208 2426 tentaverat,
2226 2389 2394 2429 eamque

1440 2450 1515 2477 non
1548 2439 1687 2477 valens
1717 2440 1917 2478 sustinere
1941 2444 1980 2478 et
2004 2439 2052 2478 ad
2080 2439 2241 2479 fratrem
2263 2451 2396 2478 rever-

1439 2512 1509 2539 sus
1543 2512 1635 2539 cum
1670 2499 1845 2551 Anqelus
1882 2512 1959 2539 ηοη
1989 2500 2140 2553 potuit,
2175 2500 2240 2541 vir
2273 2499 2396 2539 bonus

1439 2573 1522 2602 esse
1546 2562 1696 2602 didicit.

1493 2660 1652 2698 Praeter
1676 2659 1773 2698 hacc
1800 2672 1821 2698 a
1851 2661 1990 2700 Carolo
2020 2661 2177 2700 Villiers
2210 2660 2340 2710 edita,

1715 2723 1885 2772 sparsim
1918 2722 2124 2761 feruntur:

1497 2809 1669 2848 Fulberti
1693 2808 1859 2860 hymnus
1880 2808 1921 2847 in
1943 2809 1983 2848 S.
2006 2808 2199 2848 Paschate
2213 2840 2224 2858 ,
2247 2810 2314 2860 qui
2340 2810 2398 2848 in-

1497 2959 1526 2984 c,
1550 2949 1677 2981 similia
1703 2948 1866 2988 quaedam
1891 2949 1924 2978 in
1948 2949 2074 2987 scripto
2096 2946 2138 2978 de
2161 2948 2340 2979 Nativitaie
2365 2950 2398 2979 B.

1439 3002 1558 3031 Mariae
1584 3001 1671 3030 inter
1693 3001 1723 3030 S.
1747 2999 1940 3036 Hieronymi
1964 2997 2085 3036 Opera.
2112 2995 2194 3027 Vide
2217 2997 2376 3029 caveum.

1498 3049 1530 3087 a)
1561 3049 1674 3080 Vitam
1700 3049 1734 3079 S.
1758 3045 1897 3087 ,Eqirlii
1922 3055 1940 3076 a
1965 3045 2124 3077 Fulberto
2161 3047 2320 3086 scriptam
2355 3049 2401 3077 te·

1436 3102 1543 3128 statur
1567 3101 1760 3136 Anonymus
1784 3095 1982 3127 mellicensis
2006 3102 2079 3134 cap.
2103 3094 2158 3127 95.

1496 3147 1531 3185 b)
1555 3146 1674 3177 Confer
1697 3145 1869 3177 Barthium
1891 3146 1971 3175 xix.
1997 3143 2046 3176 15.
2075 3145 2250 3175 Adversar.

1499 3195 1532 3234 e)
1561 3197 1619 3226 nic
1647 3196 1754 3235 primo
1780 3203 1878 3226 versu
1901 3195 2031 3225 auctior
2055 3193 2143 3232 apud
2167 3192 2344 3222 Bai-onium
2361 3193 2401 3225 aii

1437 3249 1568 3274 Annum
1595 3243 1687 3275 1007.
1711 3252 1803 3275 num.
1826 3243 1858 3275 5.
1884 3242 2014 3281 Anyele
2031 3240 2184 3273 Consilii
2208 3240 2330 3279 maym·
2357 3242 2398 3273 Te

1442 3294 1588 3323 consulo
1607 3317 1616 3331 ,
1645 3293 1798 3323 (ἸΙνὶ.ςισ
1815 3316 1823 3331 ,
1850 3292 1904 3324 Mi
1927 3292 2068 3329 factor,
2095 3297 2172 3320 mea
2200 3289 2290 3321 Vita.
