2500 4009
889 377 1255 407 EXCELLEN‘HSSIMO
1281 377 1425 408 Jt‘VENI
1456 378 1629 418 ΟΡΤΙΜΟ,
1658 376 1787 411 ATQUE
1818 374 1963 406 Exitum

1086 473 1374 524 CAROLO
1415 473 1782 524 SPINELLlO

1172 596 1225 623 Ex
1258 594 1506 628 l‘RlNCIPlBUS
1535 595 1692 625 CARlATl

947 692 1252 731 JOANNES
1299 691 1671 732 DOMINICUS
1719 686 1917 727 MANSI

1352 773 1383 799 s.
1412 772 1445 800 P.
1477 772 1511 799 D.

452 854 596 953 Quae
626 905 687 932 me
720 894 815 930 ratio
860 890 1102 940 persuaserit
1132 899 1203 925 cur
1233 887 1280 925 ad
1313 892 1350 924 te
1381 885 1634 936 potissimum
1671 878 1835 926 Carole,
1863 876 2062 927 juvenum
2105 878 2252 928 optime
2295 882 2416 928 atque

453 957 707 995 doctissime.
738 964 837 1004 opus
883 951 986 990 istud
1033 951 1198 989 alterius
1243 948 1403 998 quidem
1449 945 1652 995 scriptoris
1695 941 1889 979 industria
1920 938 2148 989 elaboratu,
2177 940 2252 979 mei
2284 943 2416 979 tamen

453 1018 595 1067 vigiliis
624 1021 743 1065 atque
775 1013 906 1052 studio
936 1013 1154 1062 expolitum
1184 1010 1423 1056 direxerim,
1447 1008 1520 1045 etsi
1547 1010 1591 1043 tu
1622 1005 1788 1042 fortasse
1818 1002 2002 1051 ignoraS,
2026 1011 2147 1050 quem
2176 1011 2303 1040 unum
2332 1000 2416 1039 exi-

452 1080 553 1117 miae
577 1079 682 1115 anim
710 1078 765 1114 tui
791 1075 915 1112 dotes.
933 1085 976 1112 ac
994 1073 1133 1110 decora
1157 1072 1328 1120 iugiunt;
1348 1072 1454 1107 viros
1483 1073 1615 1105 tamen
1638 1065 1803 1103 scientia
1835 1067 1876 1101 et
1904 1061 2101 1113 probitate
2135 1071 2316 1101 summos
2329 1061 2413 1112 ple-

456 1150 598 1188 rosque
628 1139 857 1188 agnituros,
891 1146 1104 1183 meumque
1144 1133 1215 1170 hoc
1246 1133 1455 1170 consilium
1498 1138 1640 1178 magno
1684 1135 1884 1163 consensu
1922 1123 2208 1174 approbaturos
2235 1123 2416 1162 arbitror.

454 1202 634 1246 Quantae
663 1199 864 1236 doctrinae
904 1201 1023 1245 atque
1069 1193 1309 1232 eruditionis
1349 1194 1411 1229 vir
1456 1191 1585 1230 suerit.
1629 1190 1697 1226 JO.
1738 1185 2001 1226 ALBERTUS
2038 1184 2326 1234 FABRICIUS,
2356 1185 2420 1224 cui

456 1273 555 1314 opus
586 1261 690 1299 istud
716 1264 922 1308 acceptum
954 1258 1190 1304 referimus,
1221 1266 1337 1293 nemo
1380 1255 1418 1290 in
1462 1252 1633 1291 literaria
1664 1250 1824 1288 historia
1846 1247 1992 1297 hospes
2021 1251 2084 1285 est
2113 1245 2243 1296 adeo,
2272 1250 2318 1286 ut
2347 1256 2420 1285 nec

457 1336 540 1373 ipse
569 1323 842 1372 experimento
873 1319 908 1356 id
939 1329 1036 1366 su0,
1061 1318 1226 1356 aliorum
1253 1316 1441 1354 relatione
1465 1325 1541 1352 non
1572 1312 1825 1351 intellexerit.
1855 1310 1949 1348 Sive
1977 1310 2082 1347 enim
2113 1308 2162 1348 de
2192 1307 2419 1348 recudendo

457 1384 632 1423 Authore
662 1383 793 1431 aliquo
825 1382 960 1420 Latino
991 1380 1132 1418 subeat
1161 1379 1368 1427 cogitatio,
1400 1377 1486 1415 sive
1509 1385 1605 1414 casu
1635 1374 1761 1412 Latini
1789 1371 1957 1410 alicuius
1986 1371 2190 1420 scriptoris
2220 1370 2318 1409 liber
2357 1379 2426 1407 ve—

458 1447 560 1485 nerit
597 1446 635 1482 in
666 1453 836 1491 manuS,
865 1444 1052 1481 continuo
1097 1439 1336 1488 Fabricius,
1367 1449 1440 1477 nec
1469 1439 1641 1484 frustra,
1670 1434 1917 1482 consulitur,
1948 1443 2074 1482 eoque
2117 1431 2277 1470 doctore
2319 1440 2422 1481 quae.

460 1509 586 1558 prima
629 1507 746 1544 fuerit
788 1507 874 1542 eius
919 1504 1063 1551 editio,
1095 1515 1194 1553 quae
1238 1507 1461 1553 postrema,
1489 1499 1601 1548 cujas
1644 1497 1787 1536 author
1816 1496 1880 1534 illc
1924 1495 2128 1542 extiterit,
2158 1505 2237 1543 qua
2279 1493 2425 1532 vixerit

460 1573 609 1613 aetate,
640 1577 740 1616 quos
770 1565 1001 1616 produxerit
1032 1566 1176 1615 ingenii
1202 1565 1262 1603 sui
1285 1564 1412 1601 foetus
1441 1561 1634 1600 adiicitur.
1665 1560 1765 1598 Eam
1794 1568 1878 1596 rem
1908 1568 2001 1596 cum
2031 1555 2282 1594 saeculorum
2312 1565 2426 1606 prae-

461 1630 688 1668 cedentium
734 1629 947 1677 scriptores
990 1627 1259 1677 ignoraverint
1301 1633 1422 1673 quam
1453 1621 1664 1660 miserabili
1693 1630 1826 1657 errore
1855 1618 2011 1669 decepti
2041 1618 2122 1655 sint
2150 1616 2215 1654 vel
2245 1616 2318 1655 hoo
2348 1627 2426 1655 uno

460 1691 669 1741 exemplo,
700 1689 803 1739 quod
836 1689 928 1727 mihi
961 1688 1056 1726 haec
1087 1687 1276 1726 scribenti
1306 1686 1479 1736 primum
1509 1682 1706 1722 succurrit
1735 1680 1977 1718 demonstro.
2008 1677 2253 1718 BENZONIS
2281 1677 2427 1717 Alben-

461 1755 515 1792 sis
547 1753 729 1803 Episcopi
763 1751 1043 1801 panegyricam
1088 1749 1243 1788 llcnrici
1289 1748 1341 1785 ΙΙΙ
1387 1744 1642 1795 Imperatoris
1685 1742 1893 1780 historiam
1925 1752 1968 1779 se
1997 1741 2171 1791 primum
2214 1739 2428 1790 evulgasse

463 1813 725 1864 Luclcvviyius
758 1815 794 1850 in
827 1824 990 1851 suarum
1020 1811 1290 1860 Reliquiarum
1320 1807 1397 1845 vol.
1428 1807 1497 1845 IX.
1527 1806 1712 1856 opinatus
1741 1807 1817 1842 est.
1863 1804 2012 1842 Tamen
2042 1805 2136 1841 ante
2165 1812 2292 1840 annos
2322 1801 2426 1840 ultra

461 1877 598 1914 decem
628 1877 756 1914 lucem
802 1875 1006 1925 aspexisse
1038 1874 1076 1910 in
1106 1872 1338 1910 collectione
1378 1868 1646 1907 Germanicor.
1694 1866 1979 1908 Historicorum
2008 1864 2056 1902 cl.
2087 1859 2285 1902 Menkenii
2311 1873 2428 1914 opera

461 1938 647 1988 evulgata
676 1942 715 1973 et
746 1938 873 1986 reipsa
904 1940 1086 1981 constat,
1116 1939 1157 1973 et
1188 1931 1372 1971 Fabricio
1403 1928 1603 1968 indicante
1631 1929 1847 1966 cernimus.
1891 1925 1965 1972 Qui
2014 1936 2103 1964 vero
2139 1925 2188 1964 de
2218 1936 2260 1964 re
2290 1925 2427 1964 Latina

463 2000 633 2037 literaria
663 1999 762 2036 bene
794 1999 939 2036 meruit
970 1995 1206 2044 Fabricius,
1239 1997 1277 2033 in
1307 1993 1478 2033 literaria
1517 1990 1667 2029 Graeca
1708 2000 1750 2028 se
1793 1987 1975 2039 praebuit
2003 1988 2219 2039 egregium.
2252 1986 2292 2026 Si
2321 1986 2428 2025 enim

463 2059 708 2098 GRAECAM
739 2060 826 2097 eius
856 2057 1229 2096 BIBLIOTHECAM
1260 2057 1381 2094 totius
1412 2052 1584 2092 Helladis
1614 2062 1823 2090 musaeum
1850 2051 1888 2088 in
1912 2060 1990 2100 quo
2020 2050 2147 2099 pictas
2176 2052 2217 2088 et
2245 2059 2316 2100 per
2346 2058 2431 2086 sae-

464 2122 643 2160 culorum
676 2120 852 2158 ordinem
884 2119 1096 2158 Orientalis
1126 2119 1277 2168 imperii
1307 2118 1545 2166 scriptorum
1591 2115 1783 2164 imagines
1818 2116 1999 2162 spectare
2028 2111 2144 2158 licet,
2174 2110 2429 2162 appellarim,

467 2189 503 2219 te
536 2185 572 2220 in
604 2183 741 2232 primis
771 2181 1093 2231 approbatorem,
1125 2184 1244 2229 atquc
1274 2179 1467 2229 opinionis
1497 2177 1614 2215 huius
1644 2186 1754 2214 meae
1783 2173 1984 2212 vindicem
2012 2172 2231 2211 nanciscar.

547 2245 605 2282 En
632 2244 720 2287 tibi,
746 2243 884 2281 Carolc
910 2241 1095 2292 Spinelle,
1117 2240 1278 2289 juvenis
1305 2240 1546 2286 doctissime,
1568 2239 1704 2288 paucis
1728 2236 1837 2275 hisce
1863 2236 1994 2274 omnia
2018 2234 2172 2273 consilii
2198 2233 2274 2272 mei
2300 2232 2432 2273 abdita

468 2306 635 2344 reclusa.
666 2306 826 2342 Graecis
858 2304 970 2340 dives
1000 2308 1040 2340 et
1069 2304 1202 2341 latinis
1247 2300 1445 2339 mercibus
1473 2304 1644 2338 onustus
1673 2296 1888 2335 Fabricius
1916 2297 1954 2335 ln
1985 2296 2138 2335 Italiam
2167 2305 2254 2334 mea
2292 2296 2434 2334 invita-

467 2369 571 2405 tione
603 2365 850 2404 inducendus
875 2365 921 2403 ad
948 2370 986 2402 te
1011 2366 1261 2415 potissimum
1291 2360 1521 2410 dirigendus
1551 2359 1703 2405 fuerat,
1733 2359 1799 2408 qui
1830 2362 1870 2396 et
1897 2357 2048 2395 Graeca
2076 2366 2187 2395 amas
2215 2359 2256 2394 et
2283 2355 2334 2394 ad
2363 2357 2434 2396 La-

468 2431 548 2466 tina
579 2428 644 2465 tibi
676 2426 938 2477 comparanda
970 2427 1043 2464 sub
1075 2424 1205 2463 Fabro
1236 2430 1303 2463 tuo
1333 2425 1612 2474 praeceptore,
1636 2424 1756 2468 atquc
1778 2420 1981 2456 incentore
2004 2418 2153 2467 optimo
2177 2421 2288 2455 tanto
2311 2417 2434 2456 anhe-

468 2493 524 2529 las
553 2490 759 2527 desiderio.
791 2490 1041 2538 Quamquam
1067 2489 1172 2525 enim
1199 2487 1323 2525 multa
1346 2482 1550 2536 possideS,
1572 2482 1646 2518 crit
1676 2480 1843 2518 sortasse
1874 2484 2008 2517 tamen
2038 2476 2185 2528 aliquid
2215 2479 2335 2527 novi,
2356 2489 2434 2528 quo

467 2553 515 2591 ab
547 2553 608 2590 illo
638 2552 808 2600 accipias
853 2551 888 2587 in
936 2549 1149 2587 literatura
1192 2549 1423 2599 praesertim
1471 2544 1595 2582 latina
1637 2541 1758 2582 Medii
1791 2540 1916 2590 Aevi,
1947 2552 2067 2591 quam
2097 2544 2227 2579 aetate
2256 2541 2434 2581 nondum

473 2618 659 2665 provecta
685 2612 883 2661 juvenes,
905 2613 971 2661 qui
997 2611 1045 2649 ad
1070 2612 1217 2662 optima
1243 2610 1409 2648 formare.
1439 2618 1480 2646 sc
1510 2605 1698 2652 student,
1722 2604 1880 2655 qualem
1910 2606 1949 2641 te
1979 2602 2187 2650 novimus,
2210 2602 2274 2640 vel
2295 2613 2434 2653 parum

476 2675 632 2713 adhuc,
663 2674 726 2711 vel
773 2673 867 2711 nihil
913 2675 1072 2723 penitus
1115 2674 1344 2722 attigerunt.
1377 2671 1419 2708 In
1450 2678 1571 2705 coeno
1610 2666 1728 2705 huius
1759 2665 1966 2703 latinitatis
1995 2663 2144 2701 multae
2186 2663 2437 2702 occultantur

472 2747 673 2782 gemmae,
708 2735 846 2773 scdulo
875 2747 918 2773 ac
949 2735 1184 2783 diligenter,
1214 2744 1286 2770 nec
1317 2734 1401 2770 sine
1432 2736 1498 2768 tuo
1531 2729 1662 2766 fructu
1690 2725 1958 2778 colligendae,
1988 2724 2226 2774 illigatisque
2256 2724 2332 2762 illis
2367 2735 2437 2763 au-

476 2808 538 2834 reo
570 2798 741 2834 sermoni
773 2801 839 2834 tuo
869 2796 916 2834 ad
949 2794 1175 2843 Ciceronis,
1206 2793 1334 2841 Livii,
1365 2789 1571 2836 Sallustii,
1605 2801 1648 2828 ac
1695 2787 1886 2828 Caesaris
1933 2787 2143 2826 lectionem
2184 2788 2435 2835 comparato,

474 2857 779 2907 splendidiorem
824 2869 867 2895 ac
910 2857 1114 2907 multiplici
1144 2859 1376 2894 ornamento
1406 2855 1598 2892 variatam
1628 2853 1844 2891 orationem
1874 2849 2034 2888 efficies.
2065 2846 2141 2887 Sed
2171 2857 2245 2885 neo
2269 2846 2439 2885 deerunt

479 2921 514 2956 in
547 2924 654 2956 tanta
687 2921 920 2969 scriptorum
955 2918 1209 2957 multitudine
1239 2929 1259 2955 a
1291 2915 1478 2955 Fabricio
1509 2915 1661 2966 digesta
1690 2914 1840 2963 aliqui,
1869 2922 1969 2962 quos
1999 2910 2061 2949 vel
2093 2909 2261 2960 purioris
2292 2909 2436 2960 eloquii

477 2980 605 3018 cultor
636 2990 883 3029 nequaquam
913 2980 1096 3018 fastidiat.
1121 2978 1463 3018 LAC'rANTmS,
1487 2977 1625 3017 Cicero
1647 2976 1710 3015 ille
1731 2973 1987 3015 Christianus
2006 2971 2185 3022 palatum
2219 2974 2438 3022 utcumque

475 3041 688 3079 delicatum
715 3040 852 3077 mellea
879 3041 939 3078 illa
965 3053 1036 3079 sua
1061 3052 1105 3079 ac
1127 3041 1251 3078 lactea
1276 3040 1503 3089 eloquentia
1524 3037 1701 3089 jucunde
1725 3036 1845 3074 afficit
1868 3033 1915 3073 ad
1940 3032 2136 3080 delectat3
2161 3031 2439 3073 fflERONYMI

472 3102 660 3152 epistolae
690 3105 730 3137 et
759 3102 946 3150 opuscula
980 3103 1102 3139 Latini
1142 3102 1293 3139 aurites
1335 3101 1452 3140 dulce
1495 3104 1662 3148 sonant3
1693 3108 1766 3136 nec
1795 3094 1993 3134 SEDULII
2023 3094 2201 3132 carmina
2231 3094 2278 3132 iis
2305 3093 2442 3145 displi-
2499 3112 2500 3132 2

473 3169 588 3209 cent,
621 3163 766 3212 quibus
797 3162 890 3199 nihil
923 3163 996 3199 nisi
1029 3164 1190 3211 probata
1219 3163 1388 3213 placent.
1419 3163 1600 3202 SEVERI
1631 3157 1839 3198 SULPICll
1871 3155 2074 3193 historiam
2116 3154 2439 3193 Ecclesiasticam
2499 3160 2500 3183 ³

476 3224 747 3273 dignissimam
781 3224 969 3261 iudicavit
998 3223 1209 3273 siqonius,
1240 3225 1446 3263 latinitatis
1476 3224 1603 3263 cultor
1628 3219 1953 3271 superstitiosus,
1985 3220 2028 3254 ut
2057 3216 2340 3254 commentario
2369 3225 2441 3254 suo

478 3285 705 3323 illustraret.
737 3286 838 3330 Quin
872 3297 941 3324 nce
974 3287 1009 3321 in
1043 3286 1124 3334 ipsa
1154 3279 1400 3324 sacculorum
1447 3285 1624 3324 barbaric
1649 3281 1810 3321 barbare
1840 3288 1979 3317 omnes
2009 3279 2269 3328 scripserunt.
2298 3276 2444 3320 Exem-
