<?xml version="1.0" encoding="UTF-8"?>
<!DOCTYPE html PUBLIC "-//W3C//DTD XHTML 1.0 Transitional//EN"
    "http://www.w3.org/TR/xhtml1/DTD/xhtml1-transitional.dtd">
<html xmlns="http://www.w3.org/1999/xhtml" xml:lang="en" lang="en">
 <head>
  <title>
</title>
<meta http-equiv="Content-Type" content="text/html;charset=utf-8" />
  <meta name='ocr-system' content='tesseract 3.04.00' />
  <meta name='ocr-capabilities' content='ocr_page ocr_carea ocr_par ocr_line ocrx_word'/>
</head>
<body>
  <div class='ocr_page' id='page_1' title='image "./bibliothecalatin01fabruoft_0046.png"; bbox 0 0 2500 4009; ppageno 0'>
   <div class='ocr_carea' id='block_1_1' title="bbox 383 230 1534 313">
    <p class='ocr_par' dir='ltr' id='par_1_1' title="bbox 383 230 1534 313">
     <span class='ocr_line' id='line_1_1' title="bbox 383 230 1534 313; baseline -0.018 -10"><span class='ocrx_word' id='word_1_1' title='bbox 383 277 407 313; x_wconf 72' lang='lat' dir='ltr'>g</span> <span class='ocrx_word' id='word_1_2' title='bbox 826 230 830 232; x_wconf 13' lang='grc' dir='ltr'><strong><em>Ὗ</em></strong></span> <span class='ocrx_word' id='word_1_3' title='bbox 1141 285 1145 289; x_wconf 90' lang='grc'>.</span> <span class='ocrx_word' id='word_1_4' title='bbox 1231 245 1534 286; x_wconf 44' lang='lat' dir='ltr'>,mutuus</span> 
     </span>
    </p>
   </div>
   <div class='ocr_carea' id='block_1_2' title="bbox 386 319 1352 881">
    <p class='ocr_par' dir='ltr' id='par_1_2' title="bbox 386 319 1349 567">
     <span class='ocr_line' id='line_1_2' title="bbox 386 319 1349 383; baseline -0.03 1"><span class='ocrx_word' id='word_1_5' title='bbox 386 345 543 383; x_wconf 73' lang='lat' dir='ltr'>thmico.</span> <span class='ocrx_word' id='word_1_6' title='bbox 568 336 766 377; x_wconf 66' lang='lat' dir='ltr'>Lol-andus</span> <span class='ocrx_word' id='word_1_7' title='bbox 786 344 817 369; x_wconf 73' lang='lat' dir='ltr'>c.</span> <span class='ocrx_word' id='word_1_8' title='bbox 844 330 916 366; x_wconf 70' lang='lat'>208</span> <span class='ocrx_word' id='word_1_9' title='bbox 937 324 1232 362; x_wconf 77' lang='lat' dir='ltr'>commemorat.</span> <span class='ocrx_word' id='word_1_10' title='bbox 1256 319 1349 356; x_wconf 86' lang='lat' dir='ltr'>Pos-</span> 
     </span>
     <span class='ocr_line' id='line_1_3' title="bbox 387 379 1349 444; baseline -0.032 1"><span class='ocrx_word' id='word_1_11' title='bbox 387 405 492 444; x_wconf 75' lang='lat' dir='ltr'>tillue</span> <span class='ocrx_word' id='word_1_12' title='bbox 517 401 655 440; x_wconf 68' lang='lat' dir='ltr'>bret-es</span> <span class='ocrx_word' id='word_1_13' title='bbox 676 403 796 444; x_wconf 73' lang='lat' dir='ltr'>sapei·</span> <span class='ocrx_word' id='word_1_14' title='bbox 829 390 942 427; x_wconf 70' lang='lat' dir='ltr'>Vetus</span> <span class='ocrx_word' id='word_1_15' title='bbox 971 387 1009 421; x_wconf 78' lang='lat' dir='ltr'>et</span> <span class='ocrx_word' id='word_1_16' title='bbox 1035 383 1188 421; x_wconf 74' lang='lat' dir='ltr'>Novum</span> <span class='ocrx_word' id='word_1_17' title='bbox 1221 379 1349 417; x_wconf 78' lang='lat' dir='ltr'>Testa-</span> 
     </span>
     <span class='ocr_line' id='line_1_4' title="bbox 391 441 1347 504; baseline -0.033 1"><span class='ocrx_word' id='word_1_18' title='bbox 391 469 559 504; x_wconf 78' lang='lat' dir='ltr'>mentum</span> <span class='ocrx_word' id='word_1_19' title='bbox 590 459 721 498; x_wconf 61' lang='lat' dir='ltr'>&gt;istae</span> <span class='ocrx_word' id='word_1_20' title='bbox 749 446 1022 497; x_wconf 79' lang='lat' dir='ltr'>Cantabrigiae</span> <span class='ocrx_word' id='word_1_21' title='bbox 1045 446 1083 482; x_wconf 94' lang='lat' dir='ltr'>in</span> <span class='ocrx_word' id='word_1_22' title='bbox 1104 443 1277 492; x_wconf 82' lang='lat' dir='ltr'>Collegio</span> <span class='ocrx_word' id='word_1_23' title='bbox 1309 441 1347 479; x_wconf 82' lang='lat' dir='ltr'>S.</span> 
     </span>
     <span class='ocr_line' id='line_1_5' title="bbox 386 524 600 567; baseline -0.047 0"><span class='ocrx_word' id='word_1_24' title='bbox 386 524 600 567; x_wconf 75' lang='lat' dir='ltr'>Benedicti.</span> 
     </span>
    </p>

    <p class='ocr_par' dir='ltr' id='par_1_3' title="bbox 386 564 1352 881">
     <span class='ocr_line' id='line_1_6' title="bbox 440 564 1352 626; baseline -0.029 0"><span class='ocrx_word' id='word_1_25' title='bbox 440 580 642 626; x_wconf 64' lang='lat' dir='ltr'>ADAML&#39;S</span> <span class='ocrx_word' id='word_1_26' title='bbox 658 575 704 614; x_wconf 81' lang='lat' dir='ltr'>de</span> <span class='ocrx_word' id='word_1_27' title='bbox 720 572 904 624; x_wconf 79' lang='lat' dir='ltr'>Basseja,</span> <span class='ocrx_word' id='word_1_28' title='bbox 925 569 1149 609; x_wconf 84' lang='lat' dir='ltr'>Canonicus</span> <span class='ocrx_word' id='word_1_29' title='bbox 1168 564 1352 604; x_wconf 83' lang='grc'><strong>1115111011-</strong></span> 
     </span>
     <span class='ocr_line' id='line_1_7' title="bbox 388 627 1351 691; baseline -0.026 -4"><span class='ocrx_word' id='word_1_30' title='bbox 388 652 464 688; x_wconf 80' lang='lat' dir='ltr'>sis.</span> <span class='ocrx_word' id='word_1_31' title='bbox 487 643 601 691; x_wconf 82' lang='lat' dir='ltr'>cujus</span> <span class='ocrx_word' id='word_1_32' title='bbox 638 637 778 677; x_wconf 89' lang='lat' dir='ltr'>ludum</span> <span class='ocrx_word' id='word_1_33' title='bbox 820 632 1044 683; x_wconf 76' lang='lat' dir='ltr'>rhythmice</span> <span class='ocrx_word' id='word_1_34' title='bbox 1087 627 1351 677; x_wconf 89' lang='lat' dir='ltr'>compositum</span> 
     </span>
     <span class='ocr_line' id='line_1_8' title="bbox 387 687 1351 757; baseline -0.026 -10"><span class='ocrx_word' id='word_1_35' title='bbox 387 700 729 757; x_wconf 74' lang='lat' dir='ltr'>superMag.Alani</span> <span class='ocrx_word' id='word_1_36' title='bbox 745 698 794 736; x_wconf 90' lang='lat' dir='ltr'>de</span> <span class='ocrx_word' id='word_1_37' title='bbox 809 695 956 735; x_wconf 89' lang='lat' dir='ltr'>Insulis</span> <span class='ocrx_word' id='word_1_38' title='bbox 972 687 1351 731; x_wconf 85' lang='lat' dir='ltr'>Anti-Claudianum</span> 
     </span>
     <span class='ocr_line' id='line_1_9' title="bbox 387 747 1352 808; baseline -0.025 -1"><span class='ocrx_word' id='word_1_39' title='bbox 387 767 518 808; x_wconf 77' lang='lat' dir='ltr'>laudat</span> <span class='ocrx_word' id='word_1_40' title='bbox 536 761 738 803; x_wconf 82' lang='lat' dir='ltr'>Sanderus</span> <span class='ocrx_word' id='word_1_41' title='bbox 759 760 798 797; x_wconf 92' lang='lat' dir='ltr'>in</span> <span class='ocrx_word' id='word_1_42' title='bbox 819 754 1061 796; x_wconf 83' lang='lat' dir='ltr'>Bibliotheca</span> <span class='ocrx_word' id='word_1_43' title='bbox 1075 751 1230 801; x_wconf 69' lang='lat' dir='ltr'>Belgica</span> <span class='ocrx_word' id='word_1_44' title='bbox 1243 747 1352 786; x_wconf 85' lang='lat' dir='ltr'>MSta</span> 
     </span>
     <span class='ocr_line' id='line_1_10' title="bbox 386 809 1350 881; baseline -0.022 -16"><span class='ocrx_word' id='word_1_45' title='bbox 386 842 470 881; x_wconf 72' lang='lat' dir='ltr'>pag.</span> <span class='ocrx_word' id='word_1_46' title='bbox 498 827 580 866; x_wconf 76' lang='lat'>¹38.</span> <span class='ocrx_word' id='word_1_47' title='bbox 603 819 924 862; x_wconf 81' lang='lat' dir='ltr'>Anti-Claudiani</span> <span class='ocrx_word' id='word_1_48' title='bbox 960 819 1096 855; x_wconf 82' lang='lat' dir='ltr'>auctor</span> <span class='ocrx_word' id='word_1_49' title='bbox 1125 812 1229 850; x_wconf 89' lang='lat' dir='ltr'>diem</span> <span class='ocrx_word' id='word_1_50' title='bbox 1258 809 1350 847; x_wconf 89' lang='lat' dir='ltr'>obiit</span> 
     </span>
    </p>
   </div>
   <div class='ocr_carea' id='block_1_3' title="bbox 387 886 1378 3207">
    <p class='ocr_par' dir='ltr' id='par_1_4' title="bbox 390 886 659 929">
     <span class='ocr_line' id='line_1_11' title="bbox 390 886 659 929; baseline -0.026 0"><span class='ocrx_word' id='word_1_51' title='bbox 390 893 435 929; x_wconf 82' lang='grc' dir='ltr'>Α.</span> <span class='ocrx_word' id='word_1_52' title='bbox 467 890 510 928; x_wconf 91' lang='lat' dir='ltr'>C.</span> <span class='ocrx_word' id='word_1_53' title='bbox 546 886 659 926; x_wconf 70' lang='grc'><strong>1294.</strong></span> 
     </span>
    </p>

    <p class='ocr_par' dir='ltr' id='par_1_5' title="bbox 388 932 1354 1063">
     <span class='ocr_line' id='line_1_12' title="bbox 439 932 1354 993; baseline -0.025 -3"><span class='ocrx_word' id='word_1_54' title='bbox 439 948 646 990; x_wconf 69' lang='lat' dir='ltr'><strong>ADAML&#39;S</strong></span> <span class='ocrx_word' id='word_1_55' title='bbox 665 939 985 993; x_wconf 61' lang='lat' dir='ltr'>Bemhinqensis,</span> <span class='ocrx_word' id='word_1_56' title='bbox 1006 936 1097 975; x_wconf 91' lang='lat' dir='ltr'>vide</span> <span class='ocrx_word' id='word_1_57' title='bbox 1118 943 1236 985; x_wconf 85' lang='lat' dir='ltr'>supra</span> <span class='ocrx_word' id='word_1_58' title='bbox 1251 932 1354 969; x_wconf 80' lang='grc' dir='ltr'><em>Βαν-</em></span> 
     </span>
     <span class='ocr_line' id='line_1_13' title="bbox 388 1009 623 1063; baseline -0.021 -11"><span class='ocrx_word' id='word_1_59' title='bbox 388 1009 623 1063; x_wconf 71' lang='lat' dir='ltr'>ehinyensis.</span> 
     </span>
    </p>

    <p class='ocr_par' dir='ltr' id='par_1_6' title="bbox 387 1057 1360 1605">
     <span class='ocr_line' id='line_1_14' title="bbox 441 1057 1356 1117; baseline -0.025 -3"><span class='ocrx_word' id='word_1_60' title='bbox 441 1072 647 1113; x_wconf 64' lang='lat' dir='ltr'>ADAML‘S</span> <span class='ocrx_word' id='word_1_61' title='bbox 675 1068 722 1107; x_wconf 80' lang='lat' dir='ltr'>de</span> <span class='ocrx_word' id='word_1_62' title='bbox 752 1061 961 1117; x_wconf 66' lang='lat' dir='ltr'>Boclcfeld,</span> <span class='ocrx_word' id='word_1_63' title='bbox 993 1057 1163 1099; x_wconf 87' lang='lat' dir='ltr'>Lelando</span> <span class='ocrx_word' id='word_1_64' title='bbox 1184 1057 1356 1094; x_wconf 69' lang='lat' dir='ltr'>Buccon-</span> 
     </span>
     <span class='ocr_line' id='line_1_15' title="bbox 387 1117 1357 1188; baseline -0.023 -13"><span class='ocrx_word' id='word_1_65' title='bbox 387 1136 531 1188; x_wconf 76' lang='lat' dir='ltr'>feldus.</span> <span class='ocrx_word' id='word_1_66' title='bbox 562 1132 734 1181; x_wconf 72' lang='lat' dir='ltr'>Anglus,</span> <span class='ocrx_word' id='word_1_67' title='bbox 765 1127 924 1168; x_wconf 81' lang='lat' dir='ltr'>Ordinis</span> <span class='ocrx_word' id='word_1_68' title='bbox 958 1124 1152 1162; x_wconf 80' lang='lat' dir='ltr'>Minorum</span> <span class='ocrx_word' id='word_1_69' title='bbox 1185 1117 1357 1156; x_wconf 90' lang='lat' dir='ltr'>Philoso-</span> 
     </span>
     <span class='ocr_line' id='line_1_16' title="bbox 390 1178 1358 1249; baseline -0.024 -13"><span class='ocrx_word' id='word_1_70' title='bbox 390 1198 604 1249; x_wconf 66' lang='grc'><strong>1111115500.</strong></span> <span class='ocrx_word' id='word_1_71' title='bbox 622 1193 723 1233; x_wconf 77' lang='lat' dir='ltr'>XIV.</span> <span class='ocrx_word' id='word_1_72' title='bbox 745 1189 862 1240; x_wconf 86' lang='lat' dir='ltr'>cujus</span> <span class='ocrx_word' id='word_1_73' title='bbox 882 1182 1198 1227; x_wconf 74' lang='lat' dir='ltr'>Commentarios</span> <span class='ocrx_word' id='word_1_74' title='bbox 1218 1180 1257 1216; x_wconf 96' lang='lat' dir='ltr'>in</span> <span class='ocrx_word' id='word_1_75' title='bbox 1271 1178 1358 1216; x_wconf 79' lang='lat' dir='ltr'>Ari-</span> 
     </span>
     <span class='ocr_line' id='line_1_17' title="bbox 393 1240 1356 1306; baseline -0.023 -8"><span class='ocrx_word' id='word_1_76' title='bbox 393 1259 547 1298; x_wconf 84' lang='lat' dir='ltr'>stotelis</span> <span class='ocrx_word' id='word_1_77' title='bbox 569 1257 727 1306; x_wconf 71' lang='lat' dir='ltr'>Topica,</span> <span class='ocrx_word' id='word_1_78' title='bbox 752 1253 872 1291; x_wconf 90' lang='lat' dir='ltr'>libros</span> <span class='ocrx_word' id='word_1_79' title='bbox 901 1248 949 1287; x_wconf 92' lang='lat' dir='ltr'>de</span> <span class='ocrx_word' id='word_1_80' title='bbox 978 1245 1096 1284; x_wconf 87' lang='lat' dir='ltr'>Coelo</span> <span class='ocrx_word' id='word_1_81' title='bbox 1127 1247 1163 1281; x_wconf 77' lang='lat' dir='ltr'>et</span> <span class='ocrx_word' id='word_1_82' title='bbox 1193 1240 1356 1289; x_wconf 85' lang='lat' dir='ltr'>Mundo,</span> 
     </span>
     <span class='ocr_line' id='line_1_18' title="bbox 392 1303 1360 1371; baseline -0.022 -12"><span class='ocrx_word' id='word_1_83' title='bbox 392 1322 440 1359; x_wconf 89' lang='lat' dir='ltr'>de</span> <span class='ocrx_word' id='word_1_84' title='bbox 462 1319 715 1371; x_wconf 68' lang='lat' dir='ltr'>generatione</span> <span class='ocrx_word' id='word_1_85' title='bbox 736 1320 775 1353; x_wconf 89' lang='lat' dir='ltr'>et</span> <span class='ocrx_word' id='word_1_86' title='bbox 796 1310 1063 1360; x_wconf 69' lang='lat' dir='ltr'>corruptione.v</span> <span class='ocrx_word' id='word_1_87' title='bbox 1087 1315 1157 1343; x_wconf 90' lang='lat' dir='ltr'>nec</span> <span class='ocrx_word' id='word_1_88' title='bbox 1179 1314 1255 1342; x_wconf 93' lang='lat' dir='ltr'>non</span> <span class='ocrx_word' id='word_1_89' title='bbox 1281 1303 1360 1340; x_wconf 83' lang='lat' dir='ltr'>Me—</span> 
     </span>
     <span class='ocr_line' id='line_1_19' title="bbox 391 1361 1359 1421; baseline -0.023 0"><span class='ocrx_word' id='word_1_90' title='bbox 391 1389 591 1421; x_wconf 89' lang='lat' dir='ltr'>teororum</span> <span class='ocrx_word' id='word_1_91' title='bbox 606 1379 735 1417; x_wconf 66' lang='lat' dir='ltr'>,ustos</span> <span class='ocrx_word' id='word_1_92' title='bbox 753 1386 795 1412; x_wconf 88' lang='lat' dir='ltr'>se</span> <span class='ocrx_word' id='word_1_93' title='bbox 815 1372 959 1411; x_wconf 84' lang='lat' dir='ltr'>habere</span> <span class='ocrx_word' id='word_1_94' title='bbox 975 1372 1147 1407; x_wconf 84' lang='lat' dir='ltr'>testatus</span> <span class='ocrx_word' id='word_1_95' title='bbox 1161 1369 1223 1403; x_wconf 86' lang='lat' dir='ltr'>est</span> <span class='ocrx_word' id='word_1_96' title='bbox 1237 1361 1359 1401; x_wconf 81' lang='lat' dir='ltr'>Wad-</span> 
     </span>
     <span class='ocr_line' id='line_1_20' title="bbox 392 1424 1358 1493; baseline -0.023 -11"><span class='ocrx_word' id='word_1_97' title='bbox 392 1443 547 1493; x_wconf 73' lang='lat' dir='ltr'>dingus.</span> <span class='ocrx_word' id='word_1_98' title='bbox 567 1438 762 1490; x_wconf 90' lang='lat' dir='ltr'>Ejusdem</span> <span class='ocrx_word' id='word_1_99' title='bbox 793 1437 830 1473; x_wconf 92' lang='lat' dir='ltr'>in</span> <span class='ocrx_word' id='word_1_100' title='bbox 860 1429 1082 1481; x_wconf 80' lang='lat' dir='ltr'>Philosophi</span> <span class='ocrx_word' id='word_1_101' title='bbox 1120 1424 1358 1476; x_wconf 61' lang='lat' dir='ltr'>Metaphysi-</span> 
     </span>
     <span class='ocr_line' id='line_1_21' title="bbox 392 1486 1354 1543; baseline -0.022 -1"><span class='ocrx_word' id='word_1_102' title='bbox 392 1516 479 1543; x_wconf 80' lang='lat' dir='ltr'>cani</span> <span class='ocrx_word' id='word_1_103' title='bbox 516 1503 614 1541; x_wconf 52' lang='lat' dir='ltr'>§visti</span> <span class='ocrx_word' id='word_1_104' title='bbox 652 1499 792 1540; x_wconf 62' lang='lat' dir='ltr'>Oxonii</span> <span class='ocrx_word' id='word_1_105' title='bbox 823 1498 860 1534; x_wconf 91' lang='grc'>10</span> <span class='ocrx_word' id='word_1_106' title='bbox 892 1493 1066 1541; x_wconf 67' lang='lat' dir='ltr'>Collegio</span> <span class='ocrx_word' id='word_1_107' title='bbox 1108 1486 1354 1531; x_wconf 84' lang='lat' dir='ltr'>Balliotensi,</span> 
     </span>
     <span class='ocr_line' id='line_1_22' title="bbox 394 1566 669 1605; baseline -0.015 -1"><span class='ocrx_word' id='word_1_108' title='bbox 394 1571 497 1605; x_wconf 79' lang='lat' dir='ltr'>teste</span> <span class='ocrx_word' id='word_1_109' title='bbox 528 1566 669 1603; x_wconf 84' lang='lat' dir='ltr'>Pitseo.</span> 
     </span>
    </p>

    <p class='ocr_par' dir='ltr' id='par_1_7' title="bbox 395 1611 1378 3207">
     <span class='ocr_line' id='line_1_23' title="bbox 447 1611 1356 1671; baseline -0.022 -5"><span class='ocrx_word' id='word_1_110' title='bbox 447 1624 670 1668; x_wconf 71' lang='lat' dir='ltr'>ADAML&#39;S,</span> <span class='ocrx_word' id='word_1_111' title='bbox 700 1623 837 1671; x_wconf 76' lang='lat' dir='ltr'>quiex</span> <span class='ocrx_word' id='word_1_112' title='bbox 859 1618 1011 1657; x_wconf 76' lang='lat' dir='ltr'>Misnia,</span> <span class='ocrx_word' id='word_1_113' title='bbox 1043 1617 1082 1660; x_wconf 72' lang='lat' dir='ltr'>a)</span> <span class='ocrx_word' id='word_1_114' title='bbox 1105 1617 1149 1651; x_wconf 92' lang='lat' dir='ltr'>ut</span> <span class='ocrx_word' id='word_1_115' title='bbox 1178 1611 1356 1648; x_wconf 81' lang='lat' dir='ltr'>videtur.</span> 
     </span>
     <span class='ocr_line' id='line_1_24' title="bbox 395 1670 1359 1727; baseline -0.02 1"><span class='ocrx_word' id='word_1_116' title='bbox 395 1700 486 1727; x_wconf 85' lang='lat' dir='ltr'>cum</span> <span class='ocrx_word' id='word_1_117' title='bbox 517 1685 729 1725; x_wconf 73' lang='lat' dir='ltr'>Adalberto</span> <span class='ocrx_word' id='word_1_118' title='bbox 767 1684 949 1720; x_wconf 87' lang='lat' dir='ltr'>Bremam</span> <span class='ocrx_word' id='word_1_119' title='bbox 979 1677 1106 1721; x_wconf 82' lang='lat' dir='ltr'>venit,</span> <span class='ocrx_word' id='word_1_120' title='bbox 1134 1670 1359 1711; x_wconf 73' lang='lat' dir='ltr'>Bremense&#39;s</span> 
     </span>
     <span class='ocr_line' id='line_1_25' title="bbox 397 1733 1363 1787; baseline -0.02 1"><span class='ocrx_word' id='word_1_121' title='bbox 397 1748 487 1787; x_wconf 87' lang='lat' dir='ltr'>inde</span> <span class='ocrx_word' id='word_1_122' title='bbox 507 1748 555 1786; x_wconf 87' lang='lat' dir='ltr'>ab</span> <span class='ocrx_word' id='word_1_123' title='bbox 576 1747 620 1785; x_wconf 89' lang='grc' dir='ltr'>Α.</span> <span class='ocrx_word' id='word_1_124' title='bbox 643 1746 686 1783; x_wconf 93' lang='lat' dir='ltr'>C.</span> <span class='ocrx_word' id='word_1_125' title='bbox 712 1743 824 1784; x_wconf 82' lang='grc'><strong>1067.</strong></span> <span class='ocrx_word' id='word_1_126' title='bbox 847 1741 1091 1784; x_wconf 76' lang='lat' dir='ltr'>Canonicus,</span> <span class='ocrx_word' id='word_1_127' title='bbox 1113 1739 1203 1786; x_wconf 87' lang='lat' dir='ltr'>post</span> <span class='ocrx_word' id='word_1_128' title='bbox 1223 1733 1363 1771; x_wconf 73' lang='lat' dir='ltr'>detun-</span> 
     </span>
     <span class='ocr_line' id='line_1_26' title="bbox 397 1796 1363 1853; baseline -0.02 -4"><span class='ocrx_word' id='word_1_129' title='bbox 397 1816 505 1850; x_wconf 84' lang='lat' dir='ltr'>ctum</span> <span class='ocrx_word' id='word_1_130' title='bbox 522 1810 567 1848; x_wconf 70' lang='lat' dir='ltr'>A.</span> <span class='ocrx_word' id='word_1_131' title='bbox 586 1808 699 1848; x_wconf 70' lang='grc'><strong>1072.</strong></span> <span class='ocrx_word' id='word_1_132' title='bbox 722 1804 1075 1853; x_wconf 46' lang='lat' dir='ltr'>,arehiepiscopum</span> <span class='ocrx_word' id='word_1_133' title='bbox 1090 1796 1363 1844; x_wconf 81' lang='lat' dir='ltr'>llamburgen-</span> 
     </span>
     <span class='ocr_line' id='line_1_27' title="bbox 399 1857 1361 1913; baseline -0.021 -2"><span class='ocrx_word' id='word_1_134' title='bbox 399 1885 483 1911; x_wconf 83' lang='lat' dir='ltr'>sem</span> <span class='ocrx_word' id='word_1_135' title='bbox 505 1870 780 1913; x_wconf 72' lang='lat' dir='ltr'>Adalbertum,</span> <span class='ocrx_word' id='word_1_136' title='bbox 808 1862 1028 1904; x_wconf 80' lang='lat' dir='ltr'>successori</span> <span class='ocrx_word' id='word_1_137' title='bbox 1059 1858 1146 1908; x_wconf 87' lang='lat' dir='ltr'>ejus</span> <span class='ocrx_word' id='word_1_138' title='bbox 1184 1857 1361 1894; x_wconf 87' lang='lat' dir='ltr'>Liemaro</span> 
     </span>
     <span class='ocr_line' id='line_1_28' title="bbox 398 1916 1361 1972; baseline -0.023 1"><span class='ocrx_word' id='word_1_139' title='bbox 398 1934 593 1972; x_wconf 64' lang='lat' dir='ltr'>dedicavit</span> <span class='ocrx_word' id='word_1_140' title='bbox 632 1928 851 1970; x_wconf 77' lang='lat' dir='ltr'>Historiam</span> <span class='ocrx_word' id='word_1_141' title='bbox 893 1918 1211 1962; x_wconf 70' lang='lat' dir='ltr'>Ecclesiasticam</span> <span class='ocrx_word' id='word_1_142' title='bbox 1253 1916 1361 1954; x_wconf 88' lang='lat' dir='ltr'>libris</span> 
     </span>
     <span class='ocr_line' id='line_1_29' title="bbox 400 1980 1361 2046; baseline -0.022 -12"><span class='ocrx_word' id='word_1_143' title='bbox 400 2001 568 2046; x_wconf 82' lang='lat' dir='ltr'>quatuor</span> <span class='ocrx_word' id='word_1_144' title='bbox 589 1993 782 2043; x_wconf 72' lang='lat' dir='ltr'>digestam</span> <span class='ocrx_word' id='word_1_145' title='bbox 803 1989 852 2026; x_wconf 86' lang='lat' dir='ltr'>de</span> <span class='ocrx_word' id='word_1_146' title='bbox 870 1985 1083 2035; x_wconf 69' lang='lat' dir='ltr'>Religionis</span> <span class='ocrx_word' id='word_1_147' title='bbox 1112 1980 1361 2019; x_wconf 73' lang='lat' dir='ltr'>Christianae</span> 
     </span>
     <span class='ocr_line' id='line_1_30' title="bbox 398 2039 1360 2108; baseline -0.023 -12"><span class='ocrx_word' id='word_1_148' title='bbox 398 2061 632 2108; x_wconf 72' lang='lat' dir='ltr'>propagatae</span> <span class='ocrx_word' id='word_1_149' title='bbox 649 2055 772 2103; x_wconf 68' lang='lat' dir='ltr'>gestis</span> <span class='ocrx_word' id='word_1_150' title='bbox 791 2063 813 2089; x_wconf 88' lang='lat' dir='ltr'>a</span> <span class='ocrx_word' id='word_1_151' title='bbox 832 2048 961 2088; x_wconf 87' lang='lat' dir='ltr'>Caroli</span> <span class='ocrx_word' id='word_1_152' title='bbox 976 2045 1102 2095; x_wconf 72' lang='lat' dir='ltr'>Magni</span> <span class='ocrx_word' id='word_1_153' title='bbox 1117 2039 1360 2090; x_wconf 72' lang='lat' dir='ltr'>temporibus</span> 
     </span>
     <span class='ocr_line' id='line_1_31' title="bbox 397 2103 1362 2161; baseline -0.023 -4"><span class='ocrx_word' id='word_1_154' title='bbox 397 2121 444 2158; x_wconf 90' lang='lat' dir='ltr'>ab</span> <span class='ocrx_word' id='word_1_155' title='bbox 465 2118 579 2156; x_wconf 73' lang='lat' dir='ltr'>Anno</span> <span class='ocrx_word' id='word_1_156' title='bbox 600 2116 675 2153; x_wconf 75' lang='lat'>755</span> <span class='ocrx_word' id='word_1_157' title='bbox 705 2123 834 2161; x_wconf 87' lang='lat' dir='ltr'>usquc</span> <span class='ocrx_word' id='word_1_158' title='bbox 854 2109 903 2148; x_wconf 91' lang='lat' dir='ltr'>ad</span> <span class='ocrx_word' id='word_1_159' title='bbox 930 2106 1029 2147; x_wconf 86' lang='grc'><strong>1076</strong></span> <span class='ocrx_word' id='word_1_160' title='bbox 1060 2103 1270 2153; x_wconf 86' lang='lat' dir='ltr'>subjuncto</span> <span class='ocrx_word' id='word_1_161' title='bbox 1294 2111 1362 2148; x_wconf 86' lang='lat' dir='ltr'>ap-</span> 
     </span>
     <span class='ocr_line' id='line_1_32' title="bbox 398 2164 1362 2231; baseline -0.022 -13"><span class='ocrx_word' id='word_1_162' title='bbox 398 2179 574 2231; x_wconf 82' lang='lat' dir='ltr'>pendicis</span> <span class='ocrx_word' id='word_1_163' title='bbox 594 2179 631 2214; x_wconf 91' lang='lat' dir='ltr'>in</span> <span class='ocrx_word' id='word_1_164' title='bbox 648 2177 777 2212; x_wconf 81' lang='lat' dir='ltr'>vicem</span> <span class='ocrx_word' id='word_1_165' title='bbox 801 2170 900 2210; x_wconf 69' lang='lat' dir='ltr'>libro</span> <span class='ocrx_word' id='word_1_166' title='bbox 921 2169 967 2207; x_wconf 73' lang='lat' dir='ltr'>(le</span> <span class='ocrx_word' id='word_1_167' title='bbox 987 2167 1065 2206; x_wconf 75' lang='lat' dir='ltr'>silit</span> <span class='ocrx_word' id='word_1_168' title='bbox 1082 2164 1234 2204; x_wconf 69' lang='lat' dir='ltr'>Damae</span> <span class='ocrx_word' id='word_1_169' title='bbox 1250 2165 1362 2200; x_wconf 76' lang='lat' dir='ltr'>etre-</span> 
     </span>
     <span class='ocr_line' id='line_1_33' title="bbox 400 2228 1360 2292; baseline -0.02 -14"><span class='ocrx_word' id='word_1_170' title='bbox 400 2242 601 2292; x_wconf 74' lang='lat' dir='ltr'>qunrirum</span> <span class='ocrx_word' id='word_1_171' title='bbox 625 2241 737 2275; x_wconf 78' lang='lat' dir='ltr'>trans</span> <span class='ocrx_word' id='word_1_172' title='bbox 758 2232 926 2272; x_wconf 62' lang='lat' dir='ltr'>Damam</span> <span class='ocrx_word' id='word_1_173' title='bbox 956 2229 1160 2279; x_wconf 69' lang='lat' dir='ltr'>reqionum</span> <span class='ocrx_word' id='word_1_174' title='bbox 1190 2228 1360 2270; x_wconf 71' lang='lat' dir='ltr'>natura,</span> 
     </span>
     <span class='ocr_line' id='line_1_34' title="bbox 401 2284 1361 2353; baseline -0.022 -11"><span class='ocrx_word' id='word_1_175' title='bbox 401 2305 465 2353; x_wconf 85' lang='lat' dir='ltr'>qui</span> <span class='ocrx_word' id='word_1_176' title='bbox 493 2302 633 2338; x_wconf 66' lang='lat' dir='ltr'>obvius</span> <span class='ocrx_word' id='word_1_177' title='bbox 668 2300 705 2335; x_wconf 89' lang='lat' dir='ltr'>in</span> <span class='ocrx_word' id='word_1_178' title='bbox 732 2296 908 2345; x_wconf 68' lang='lat' dir='ltr'>reliquis,</span> <span class='ocrx_word' id='word_1_179' title='bbox 933 2295 970 2330; x_wconf 90' lang='lat' dir='ltr'>in</span> <span class='ocrx_word' id='word_1_180' title='bbox 1010 2292 1135 2342; x_wconf 89' lang='lat' dir='ltr'>prima</span> <span class='ocrx_word' id='word_1_181' title='bbox 1159 2284 1361 2326; x_wconf 81' lang='lat' dir='ltr'>llafniensl</span> 
     </span>
     <span class='ocr_line' id='line_1_35' title="bbox 403 2351 1362 2402; baseline -0.019 -2"><span class='ocrx_word' id='word_1_182' title='bbox 403 2365 572 2402; x_wconf 74' lang='lat' dir='ltr'>editione</span> <span class='ocrx_word' id='word_1_183' title='bbox 594 2359 851 2398; x_wconf 86' lang='lat' dir='ltr'>desideratur.</span> <span class='ocrx_word' id='word_1_184' title='bbox 861 2351 1194 2394; x_wconf 69' lang='lat' dir='ltr'>Parachronismis</span> <span class='ocrx_word' id='word_1_185' title='bbox 1211 2351 1362 2385; x_wconf 86' lang='lat' dir='ltr'>scatere</span> 
     </span>
     <span class='ocr_line' id='line_1_36' title="bbox 405 2408 1361 2463; baseline -0.021 0"><span class='ocrx_word' id='word_1_186' title='bbox 405 2427 508 2463; x_wconf 77' lang='lat' dir='ltr'>hunc</span> <span class='ocrx_word' id='word_1_187' title='bbox 529 2423 726 2462; x_wconf 75' lang='lat' dir='ltr'>Adamum</span> <span class='ocrx_word' id='word_1_188' title='bbox 747 2419 899 2457; x_wconf 83' lang='lat' dir='ltr'>notavit</span> <span class='ocrx_word' id='word_1_189' title='bbox 921 2412 1151 2454; x_wconf 76' lang='lat' dir='ltr'>Lambecius</span> <span class='ocrx_word' id='word_1_190' title='bbox 1173 2412 1294 2448; x_wconf 89' lang='lat' dir='ltr'>Tomo</span> <span class='ocrx_word' id='word_1_191' title='bbox 1316 2408 1361 2444; x_wconf 90' lang='lat' dir='ltr'>ll.</span> 
     </span>
     <span class='ocr_line' id='line_1_37' title="bbox 403 2469 1364 2529; baseline -0.021 -4"><span class='ocrx_word' id='word_1_192' title='bbox 403 2489 547 2525; x_wconf 67' lang='lat' dir='ltr'>lterum</span> <span class='ocrx_word' id='word_1_193' title='bbox 571 2481 931 2529; x_wconf 62' lang='lat' dir='ltr'>llamburgensium</span> <span class='ocrx_word' id='word_1_194' title='bbox 954 2488 1039 2526; x_wconf 57' lang='lat' dir='ltr'>pasl.</span> <span class='ocrx_word' id='word_1_195' title='bbox 1063 2473 1150 2512; x_wconf 72' lang='lat'><strong>2577.</strong></span> <span class='ocrx_word' id='word_1_196' title='bbox 1183 2482 1264 2520; x_wconf 83' lang='lat' dir='ltr'>seq.</span> <span class='ocrx_word' id='word_1_197' title='bbox 1288 2469 1364 2506; x_wconf 65' lang='lat'>:345</span> 
     </span>
     <span class='ocr_line' id='line_1_38' title="bbox 407 2530 1368 2590; baseline -0.016 -9"><span class='ocrx_word' id='word_1_198' title='bbox 407 2550 481 2586; x_wconf 72' lang='lat'>:302</span> <span class='ocrx_word' id='word_1_199' title='bbox 503 2551 576 2583; x_wconf 84' lang='lat' dir='ltr'>etc.</span> <span class='ocrx_word' id='word_1_200' title='bbox 599 2544 706 2582; x_wconf 82' lang='lat' dir='ltr'>Idem</span> <span class='ocrx_word' id='word_1_201' title='bbox 725 2545 761 2580; x_wconf 89' lang='lat' dir='ltr'>in</span> <span class='ocrx_word' id='word_1_202' title='bbox 778 2552 822 2578; x_wconf 81' lang='lat' dir='ltr'>eo</span> <span class='ocrx_word' id='word_1_203' title='bbox 840 2543 921 2590; x_wconf 83' lang='lat' dir='ltr'>ipso</span> <span class='ocrx_word' id='word_1_204' title='bbox 941 2547 1056 2588; x_wconf 85' lang='lat' dir='ltr'>opere</span> <span class='ocrx_word' id='word_1_205' title='bbox 1073 2533 1251 2585; x_wconf 85' lang='lat' dir='ltr'>pluribus</span> <span class='ocrx_word' id='word_1_206' title='bbox 1261 2530 1368 2575; x_wconf 76' lang='lat' dir='ltr'>‚Ada-</span> 
     </span>
     <span class='ocr_line' id='line_1_39' title="bbox 408 2592 1368 2647; baseline -0.02 0"><span class='ocrx_word' id='word_1_207' title='bbox 408 2611 458 2647; x_wconf 86' lang='grc'><strong>1111</strong></span> <span class='ocrx_word' id='word_1_208' title='bbox 499 2609 592 2645; x_wconf 78' lang='lat' dir='ltr'>loeis</span> <span class='ocrx_word' id='word_1_209' title='bbox 631 2616 709 2643; x_wconf 87' lang='lat' dir='ltr'>non</span> <span class='ocrx_word' id='word_1_210' title='bbox 749 2600 996 2640; x_wconf 79' lang='lat' dir='ltr'>inficiandam</span> <span class='ocrx_word' id='word_1_211' title='bbox 1043 2599 1171 2635; x_wconf 79' lang='lat' dir='ltr'>lucem</span> <span class='ocrx_word' id='word_1_212' title='bbox 1215 2592 1368 2635; x_wconf 85' lang='lat' dir='ltr'>attulit,</span> 
     </span>
     <span class='ocr_line' id='line_1_40' title="bbox 408 2655 1371 2721; baseline -0.018 -13"><span class='ocrx_word' id='word_1_213' title='bbox 408 2667 745 2721; x_wconf 73' lang='lat' dir='ltr'>quemadmodum</span> <span class='ocrx_word' id='word_1_214' title='bbox 767 2662 952 2702; x_wconf 71' lang='lat' dir='ltr'>Nicolaus</span> <span class='ocrx_word' id='word_1_215' title='bbox 981 2655 1255 2709; x_wconf 72' lang='lat' dir='ltr'>Stapli‹n·stius</span> <span class='ocrx_word' id='word_1_216' title='bbox 1275 2665 1371 2703; x_wconf 88' lang='lat' dir='ltr'>quo-</span> 
     </span>
     <span class='ocr_line' id='line_1_41' title="bbox 409 2716 1372 2781; baseline -0.017 -14"><span class='ocrx_word' id='word_1_217' title='bbox 409 2744 485 2781; x_wconf 78' lang='lat' dir='ltr'>que</span> <span class='ocrx_word' id='word_1_218' title='bbox 511 2735 646 2768; x_wconf 87' lang='lat' dir='ltr'>noster</span> <span class='ocrx_word' id='word_1_219' title='bbox 684 2721 701 2763; x_wconf 76' lang='grc' dir='ltr'>ὅ</span> <span class='ocrx_word' id='word_1_220' title='bbox 743 2723 961 2778; x_wconf 60' lang='grc' dir='ltr'>μακαρίτης</span> <span class='ocrx_word' id='word_1_221' title='bbox 982 2723 1018 2759; x_wconf 89' lang='grc'>111</span> <span class='ocrx_word' id='word_1_222' title='bbox 1041 2719 1207 2759; x_wconf 82' lang='lat' dir='ltr'>Historia</span> <span class='ocrx_word' id='word_1_223' title='bbox 1236 2716 1372 2755; x_wconf 84' lang='lat' dir='ltr'>Eccle-</span> 
     </span>
     <span class='ocr_line' id='line_1_42' title="bbox 413 2779 1369 2837; baseline -0.018 -7"><span class='ocrx_word' id='word_1_224' title='bbox 413 2794 568 2831; x_wconf 75' lang='lat' dir='ltr'>siastica</span> <span class='ocrx_word' id='word_1_225' title='bbox 614 2787 926 2837; x_wconf 73' lang='lat' dir='ltr'>Hamburgensi,</span> <span class='ocrx_word' id='word_1_226' title='bbox 976 2793 1094 2833; x_wconf 86' lang='lat' dir='ltr'>quam</span> <span class='ocrx_word' id='word_1_227' title='bbox 1137 2779 1369 2817; x_wconf 76' lang='lat' dir='ltr'>Germanice</span> 
     </span>
     <span class='ocr_line' id='line_1_43' title="bbox 414 2840 1370 2903; baseline -0.016 -13"><span class='ocrx_word' id='word_1_228' title='bbox 414 2856 615 2903; x_wconf 60' lang='lat' dir='ltr'>vulf-[atam</span> <span class='ocrx_word' id='word_1_229' title='bbox 640 2852 689 2890; x_wconf 86' lang='lat' dir='ltr'>ab</span> <span class='ocrx_word' id='word_1_230' title='bbox 721 2861 766 2888; x_wconf 92' lang='lat' dir='ltr'>eo</span> <span class='ocrx_word' id='word_1_231' title='bbox 800 2846 1071 2891; x_wconf 84' lang='lat' dir='ltr'>habemus,in</span> <span class='ocrx_word' id='word_1_232' title='bbox 1105 2840 1221 2891; x_wconf 88' lang='lat' dir='ltr'>cujus</span> <span class='ocrx_word' id='word_1_233' title='bbox 1250 2841 1370 2877; x_wconf 91' lang='lat' dir='ltr'>Tomo</span> 
     </span>
     <span class='ocr_line' id='line_1_44' title="bbox 413 2900 1371 2966; baseline -0.017 -14"><span class='ocrx_word' id='word_1_234' title='bbox 413 2919 535 2966; x_wconf 77' lang='lat' dir='ltr'>primo</span> <span class='ocrx_word' id='word_1_235' title='bbox 555 2925 640 2964; x_wconf 74' lang='lat' dir='ltr'>pag.</span> <span class='ocrx_word' id='word_1_236' title='bbox 664 2913 739 2951; x_wconf 72' lang='lat'>358</span> <span class='ocrx_word' id='word_1_237' title='bbox 755 2922 835 2960; x_wconf 84' lang='lat' dir='ltr'>seq.</span> <span class='ocrx_word' id='word_1_238' title='bbox 853 2918 1010 2958; x_wconf 88' lang='lat' dir='ltr'>quoque</span> <span class='ocrx_word' id='word_1_239' title='bbox 1025 2908 1163 2943; x_wconf 75' lang='lat' dir='ltr'>extant</span> <span class='ocrx_word' id='word_1_240' title='bbox 1178 2900 1371 2952; x_wconf 79' lang='lat' dir='ltr'>quaedam</span> 
     </span>
     <span class='ocr_line' id='line_1_45' title="bbox 415 2961 1374 3013; baseline -0.017 0"><span class='ocrx_word' id='word_1_241' title='bbox 415 2989 489 3013; x_wconf 72' lang='lat' dir='ltr'>non</span> <span class='ocrx_word' id='word_1_242' title='bbox 514 2972 829 3013; x_wconf 75' lang='lat' dir='ltr'>contemnendae</span> <span class='ocrx_word' id='word_1_243' title='bbox 851 2975 964 3008; x_wconf 82' lang='lat' dir='ltr'>nolae</span> <span class='ocrx_word' id='word_1_244' title='bbox 987 2964 1188 3006; x_wconf 79' lang='lat' dir='ltr'>Fridert&#39;cz&#39;</span> <span class='ocrx_word' id='word_1_245' title='bbox 1208 2961 1374 3002; x_wconf 78' lang='lat' dir='ltr'>Linden-</span> 
     </span>
     <span class='ocr_line' id='line_1_46' title="bbox 416 3022 1375 3087; baseline -0.013 -17"><span class='ocrx_word' id='word_1_246' title='bbox 416 3037 552 3087; x_wconf 66' lang='lat' dir='ltr'>hroqii.</span> <span class='ocrx_word' id='word_1_247' title='bbox 574 3035 704 3074; x_wconf 80' lang='lat' dir='ltr'>Habeo</span> <span class='ocrx_word' id='word_1_248' title='bbox 726 3037 928 3083; x_wconf 85' lang='lat' dir='ltr'>praeterea</span> <span class='ocrx_word' id='word_1_249' title='bbox 947 3027 1165 3068; x_wconf 76' lang='lat' dir='ltr'>Clarissimi</span> <span class='ocrx_word' id='word_1_250' title='bbox 1189 3025 1269 3062; x_wconf 72' lang='lat' dir='ltr'>Viri</span> <span class='ocrx_word' id='word_1_251' title='bbox 1297 3022 1324 3060; x_wconf 78' lang='grc' dir='ltr'><em>Α</em></span> <span class='ocrx_word' id='word_1_252' title='bbox 1334 3033 1375 3059; x_wconf 84' lang='lat' dir='ltr'>r-</span> 
     </span>
     <span class='ocr_line' id='line_1_47' title="bbox 418 3089 1378 3147; baseline -0.015 -12"><span class='ocrx_word' id='word_1_253' title='bbox 418 3111 488 3135; x_wconf 74' lang='lat' dir='ltr'>mw</span> <span class='ocrx_word' id='word_1_254' title='bbox 503 3096 688 3147; x_wconf 66' lang='lat' dir='ltr'>,llaqnaei</span> <span class='ocrx_word' id='word_1_255' title='bbox 699 3095 978 3139; x_wconf 61' lang='lat' dir='ltr'>castiuationes</span> <span class='ocrx_word' id='word_1_256' title='bbox 994 3089 1204 3140; x_wconf 81' lang='lat' dir='ltr'>quasdam,</span> <span class='ocrx_word' id='word_1_257' title='bbox 1221 3096 1378 3135; x_wconf 89' lang='lat' dir='ltr'>compe-</span> 
     </span>
     <span class='ocr_line' id='line_1_48' title="bbox 420 3148 1374 3207; baseline -0.01 -13"><span class='ocrx_word' id='word_1_258' title='bbox 420 3161 526 3207; x_wconf 69' lang='lat' dir='ltr'>rique</span> <span class='ocrx_word' id='word_1_259' title='bbox 566 3159 725 3196; x_wconf 79' lang='lat' dir='ltr'>llalniae</span> <span class='ocrx_word' id='word_1_260' title='bbox 756 3156 903 3195; x_wconf 65' lang='lat' dir='ltr'>servari</span> <span class='ocrx_word' id='word_1_261' title='bbox 941 3151 1269 3190; x_wconf 83' lang='lat' dir='ltr'>commentarium</span> <span class='ocrx_word' id='word_1_262' title='bbox 1299 3148 1374 3185; x_wconf 73' lang='lat' dir='ltr'>MS.</span> 
     </span>
    </p>
   </div>
   <div class='ocr_carea' id='block_1_4' title="bbox 475 3290 1382 3330">
    <p class='ocr_par' dir='ltr' id='par_1_8' title="bbox 475 3290 1382 3330">
     <span class='ocr_line' id='line_1_49' title="bbox 475 3290 1382 3330; baseline -0.008 -6"><span class='ocrx_word' id='word_1_263' title='bbox 475 3306 490 3324; x_wconf 79' lang='lat' dir='ltr'>a</span> <span class='ocrx_word' id='word_1_264' title='bbox 532 3295 608 3326; x_wconf 64' lang='lat' dir='ltr'>Vide</span> <span class='ocrx_word' id='word_1_265' title='bbox 634 3296 844 3326; x_wconf 63' lang='grc' dir='ltr'><strong>,Ἧι-1110101010</strong></span> <span class='ocrx_word' id='word_1_266' title='bbox 882 3296 975 3324; x_wconf 76' lang='lat' dir='ltr'>Tum.</span> <span class='ocrx_word' id='word_1_267' title='bbox 1001 3293 1056 3322; x_wconf 87' lang='grc'><strong>111.</strong></span> <span class='ocrx_word' id='word_1_268' title='bbox 1081 3292 1280 3330; x_wconf 61' lang='lat' dir='ltr'>scriptorum</span> <span class='ocrx_word' id='word_1_269' title='bbox 1304 3290 1382 3317; x_wconf 64' lang='lat' dir='ltr'>‘ivl&#39;-</span> 
     </span>
    </p>
   </div>
   <div class='ocr_carea' id='block_1_5' title="bbox 422 3345 722 3381">
    <p class='ocr_par' dir='ltr' id='par_1_9' title="bbox 422 3345 722 3381">
     <span class='ocr_line' id='line_1_50' title="bbox 422 3345 722 3381; baseline -0.003 -7"><span class='ocrx_word' id='word_1_270' title='bbox 422 3348 550 3375; x_wconf 74' lang='lat' dir='ltr'>niaiiiae</span> <span class='ocrx_word' id='word_1_271' title='bbox 575 3352 634 3381; x_wconf 64' lang='lat' dir='ltr'>paz</span> <span class='ocrx_word' id='word_1_272' title='bbox 673 3345 722 3373; x_wconf 62' lang='lat'>57.</span> 
     </span>
    </p>
   </div>
   <div class='ocr_carea' id='block_1_6' title="bbox 1423 304 2430 3241">
    <p class='ocr_par' dir='ltr' id='par_1_10' title="bbox 1423 304 2385 479">
     <span class='ocr_line' id='line_1_51' title="bbox 1426 304 2385 366; baseline -0.016 -10"><span class='ocrx_word' id='word_1_273' title='bbox 1426 316 1584 356; x_wconf 75' lang='lat' dir='ltr'>Othonis</span> <span class='ocrx_word' id='word_1_274' title='bbox 1605 313 1836 366; x_wconf 67' lang='lat' dir='ltr'>sperlinyu&#39;,</span> <span class='ocrx_word' id='word_1_275' title='bbox 1859 312 1902 359; x_wconf 84' lang='lat' dir='ltr'>b)</span> <span class='ocrx_word' id='word_1_276' title='bbox 1924 321 2045 359; x_wconf 85' lang='lat' dir='ltr'>quem</span> <span class='ocrx_word' id='word_1_277' title='bbox 2066 306 2228 358; x_wconf 75' lang='lat' dir='ltr'>proferri</span> <span class='ocrx_word' id='word_1_278' title='bbox 2259 305 2296 343; x_wconf 83' lang='lat' dir='ltr'>iu</span> <span class='ocrx_word' id='word_1_279' title='bbox 2326 304 2385 343; x_wconf 92' lang='lat' dir='ltr'>lu-</span> 
     </span>
     <span class='ocr_line' id='line_1_52' title="bbox 1423 367 2382 429; baseline -0.017 -11"><span class='ocrx_word' id='word_1_280' title='bbox 1423 391 1509 417; x_wconf 86' lang='lat' dir='ltr'>cem</span> <span class='ocrx_word' id='word_1_281' title='bbox 1557 379 1749 429; x_wconf 86' lang='lat' dir='ltr'>optabunt</span> <span class='ocrx_word' id='word_1_282' title='bbox 1787 384 1944 413; x_wconf 83' lang='lat' dir='ltr'>mecum</span> <span class='ocrx_word' id='word_1_283' title='bbox 1983 370 2123 409; x_wconf 78' lang='lat' dir='ltr'>harum</span> <span class='ocrx_word' id='word_1_284' title='bbox 2164 367 2382 406; x_wconf 89' lang='lat' dir='ltr'>litterarum</span> 
     </span>
     <span class='ocr_line' id='line_1_53' title="bbox 1423 440 1600 479; baseline -0.017 0"><span class='ocrx_word' id='word_1_285' title='bbox 1423 440 1600 479; x_wconf 82' lang='lat' dir='ltr'>studiosi.</span> 
     </span>
    </p>

    <p class='ocr_par' dir='ltr' id='par_1_11' title="bbox 1424 489 2430 3010">
     <span class='ocr_line' id='line_1_54' title="bbox 1478 489 2387 550; baseline -0.014 -10"><span class='ocrx_word' id='word_1_286' title='bbox 1478 501 1593 540; x_wconf 78' lang='lat' dir='ltr'>Edita</span> <span class='ocrx_word' id='word_1_287' title='bbox 1612 501 1783 550; x_wconf 87' lang='lat' dir='ltr'>primum</span> <span class='ocrx_word' id='word_1_288' title='bbox 1818 495 1959 534; x_wconf 82' lang='lat' dir='ltr'>Adami</span> <span class='ocrx_word' id='word_1_289' title='bbox 1995 492 2164 531; x_wconf 85' lang='lat' dir='ltr'>Historia</span> <span class='ocrx_word' id='word_1_290' title='bbox 2192 489 2387 530; x_wconf 83' lang='lat' dir='ltr'>Ecclesia-</span> 
     </span>
     <span class='ocr_line' id='line_1_55' title="bbox 1425 549 2388 601; baseline -0.016 1"><span class='ocrx_word' id='word_1_291' title='bbox 1425 565 1522 601; x_wconf 81' lang='lat' dir='ltr'>stica</span> <span class='ocrx_word' id='word_1_292' title='bbox 1552 566 1614 600; x_wconf 89' lang='lat' dir='ltr'>est</span> <span class='ocrx_word' id='word_1_293' title='bbox 1642 560 1690 598; x_wconf 89' lang='lat' dir='ltr'>ab</span> <span class='ocrx_word' id='word_1_294' title='bbox 1718 557 1881 596; x_wconf 65' lang='lat' dir='ltr'>Audi-ea</span> <span class='ocrx_word' id='word_1_295' title='bbox 1918 552 2105 594; x_wconf 79' lang='lat' dir='ltr'>cherino</span> <span class='ocrx_word' id='word_1_296' title='bbox 2147 550 2268 590; x_wconf 81' lang='lat' dir='ltr'>Velleo</span> <span class='ocrx_word' id='word_1_297' title='bbox 2297 549 2388 588; x_wconf 79' lang='lat' dir='ltr'>Haf-</span> 
     </span>
     <span class='ocr_line' id='line_1_56' title="bbox 1426 611 2385 671; baseline -0.017 -8"><span class='ocrx_word' id='word_1_298' title='bbox 1426 626 1529 671; x_wconf 83' lang='lat' dir='ltr'>niae,</span> <span class='ocrx_word' id='word_1_299' title='bbox 1572 621 1671 661; x_wconf 82' lang='grc'><strong>1579</strong></span> <span class='ocrx_word' id='word_1_300' title='bbox 1713 620 1733 657; x_wconf 70' lang='lat'>4</span> <span class='ocrx_word' id='word_1_301' title='bbox 1769 629 1818 656; x_wconf 79' lang='lat' dir='ltr'>ex</span> <span class='ocrx_word' id='word_1_302' title='bbox 1852 616 1930 654; x_wconf 88' lang='lat' dir='ltr'>MS.</span> <span class='ocrx_word' id='word_1_303' title='bbox 1964 612 2152 652; x_wconf 88' lang='lat' dir='ltr'>Coenobii</span> <span class='ocrx_word' id='word_1_304' title='bbox 2179 611 2385 655; x_wconf 79' lang='lat' dir='ltr'>sorensis,</span> 
     </span>
     <span class='ocr_line' id='line_1_57' title="bbox 1424 672 2388 733; baseline -0.017 -9"><span class='ocrx_word' id='word_1_305' title='bbox 1424 686 1568 724; x_wconf 85' lang='lat' dir='ltr'>additis</span> <span class='ocrx_word' id='word_1_306' title='bbox 1587 683 1761 733; x_wconf 83' lang='lat' dir='ltr'>capitum</span> <span class='ocrx_word' id='word_1_307' title='bbox 1781 676 2044 727; x_wconf 80' lang='lat' dir='ltr'>argumentiS,</span> <span class='ocrx_word' id='word_1_308' title='bbox 2069 672 2320 721; x_wconf 83' lang='lat' dir='ltr'>scholiisque,</span> <span class='ocrx_word' id='word_1_309' title='bbox 2348 674 2388 709; x_wconf 91' lang='lat' dir='ltr'>et</span> 
     </span>
     <span class='ocr_line' id='line_1_58' title="bbox 1427 729 2390 786; baseline -0.018 0"><span class='ocrx_word' id='word_1_310' title='bbox 1427 745 1626 786; x_wconf 86' lang='lat' dir='ltr'>nonnullis</span> <span class='ocrx_word' id='word_1_311' title='bbox 1664 743 1782 782; x_wconf 89' lang='lat' dir='ltr'>etiam</span> <span class='ocrx_word' id='word_1_312' title='bbox 1811 751 1861 778; x_wconf 86' lang='lat' dir='ltr'>ex</span> <span class='ocrx_word' id='word_1_313' title='bbox 1893 736 2031 776; x_wconf 86' lang='lat' dir='ltr'>eodem</span> <span class='ocrx_word' id='word_1_314' title='bbox 2053 732 2198 774; x_wconf 81' lang='lat' dir='ltr'>Codice</span> <span class='ocrx_word' id='word_1_315' title='bbox 2225 731 2303 772; x_wconf 89' lang='lat' dir='ltr'>MS.</span> <span class='ocrx_word' id='word_1_316' title='bbox 2323 729 2390 769; x_wconf 90' lang='lat' dir='ltr'>de-</span> 
     </span>
     <span class='ocr_line' id='line_1_59' title="bbox 1425 792 2391 860; baseline -0.018 -13"><span class='ocrx_word' id='word_1_317' title='bbox 1425 808 1590 860; x_wconf 91' lang='lat' dir='ltr'>promtis</span> <span class='ocrx_word' id='word_1_318' title='bbox 1610 800 1932 844; x_wconf 82' lang='lat' dir='ltr'>annotat-ionibus</span> <span class='ocrx_word' id='word_1_319' title='bbox 1971 799 2112 837; x_wconf 82' lang='lat' dir='ltr'>Postea</span> <span class='ocrx_word' id='word_1_320' title='bbox 2149 792 2391 834; x_wconf 81' lang='lat' dir='ltr'>emendatio-</span> 
     </span>
     <span class='ocr_line' id='line_1_60' title="bbox 1427 851 2390 916; baseline -0.018 -8"><span class='ocrx_word' id='word_1_321' title='bbox 1427 881 1509 908; x_wconf 81' lang='lat' dir='ltr'>rem</span> <span class='ocrx_word' id='word_1_322' title='bbox 1532 867 1865 916; x_wconf 75' lang='lat' dir='ltr'>integrioremque</span> <span class='ocrx_word' id='word_1_323' title='bbox 1888 859 2026 899; x_wconf 89' lang='lat' dir='ltr'>multis</span> <span class='ocrx_word' id='word_1_324' title='bbox 2045 858 2142 897; x_wconf 90' lang='lat' dir='ltr'>locis</span> <span class='ocrx_word' id='word_1_325' title='bbox 2161 859 2201 895; x_wconf 90' lang='lat' dir='ltr'>et</span> <span class='ocrx_word' id='word_1_326' title='bbox 2225 853 2322 894; x_wconf 91' lang='lat' dir='ltr'>libro</span> <span class='ocrx_word' id='word_1_327' title='bbox 2341 851 2390 892; x_wconf 89' lang='lat' dir='ltr'>de</span> 
     </span>
     <span class='ocr_line' id='line_1_61' title="bbox 1428 914 2390 971; baseline -0.019 -1"><span class='ocrx_word' id='word_1_328' title='bbox 1428 933 1506 970; x_wconf 82' lang='lat' dir='ltr'>situ</span> <span class='ocrx_word' id='word_1_329' title='bbox 1526 930 1672 968; x_wconf 73' lang='lat' dir='ltr'>Damae</span> <span class='ocrx_word' id='word_1_330' title='bbox 1691 930 1855 966; x_wconf 87' lang='lat' dir='ltr'>auctum</span> <span class='ocrx_word' id='word_1_331' title='bbox 1876 920 2056 971; x_wconf 82' lang='lat' dir='ltr'>vulgavit</span> <span class='ocrx_word' id='word_1_332' title='bbox 2075 914 2276 969; x_wconf 78' lang='lat' dir='ltr'>Erpoldus</span> <span class='ocrx_word' id='word_1_333' title='bbox 2301 914 2390 954; x_wconf 78' lang='lat' dir='ltr'>Lin-</span> 
     </span>
     <span class='ocr_line' id='line_1_62' title="bbox 1427 977 2391 1041; baseline -0.018 -10"><span class='ocrx_word' id='word_1_334' title='bbox 1427 989 1666 1041; x_wconf 69' lang='lat' dir='ltr'>clenbroyi&#39;us</span> <span class='ocrx_word' id='word_1_335' title='bbox 1685 999 1735 1027; x_wconf 81' lang='lat' dir='ltr'>ex</span> <span class='ocrx_word' id='word_1_336' title='bbox 1754 984 1898 1026; x_wconf 83' lang='lat' dir='ltr'>Codice</span> <span class='ocrx_word' id='word_1_337' title='bbox 1916 983 1994 1022; x_wconf 90' lang='lat' dir='ltr'>MS.</span> <span class='ocrx_word' id='word_1_338' title='bbox 2017 979 2272 1031; x_wconf 74' lang='lat' dir='ltr'>illustrissimi</span> <span class='ocrx_word' id='word_1_339' title='bbox 2301 977 2391 1016; x_wconf 87' lang='lat' dir='ltr'>Pro-</span> 
     </span>
     <span class='ocr_line' id='line_1_63' title="bbox 1428 1037 2390 1094; baseline -0.02 0"><span class='ocrx_word' id='word_1_340' title='bbox 1428 1055 1541 1094; x_wconf 87' lang='lat' dir='ltr'>ducis</span> <span class='ocrx_word' id='word_1_341' title='bbox 1569 1050 1755 1090; x_wconf 86' lang='lat' dir='ltr'>Cimbrici</span> <span class='ocrx_word' id='word_1_342' title='bbox 1783 1047 1939 1087; x_wconf 85' lang='lat' dir='ltr'>Henrici</span> <span class='ocrx_word' id='word_1_343' title='bbox 1974 1041 2180 1089; x_wconf 88' lang='lat' dir='ltr'>Ranzovii,</span> <span class='ocrx_word' id='word_1_344' title='bbox 2209 1037 2390 1089; x_wconf 83' lang='lat' dir='ltr'>Lugduni</span> 
     </span>
     <span class='ocr_line' id='line_1_64' title="bbox 1430 1101 2392 1155; baseline -0.019 0"><span class='ocrx_word' id='word_1_345' title='bbox 1430 1119 1667 1155; x_wconf 79' lang='lat' dir='ltr'>Batavorum</span> <span class='ocrx_word' id='word_1_346' title='bbox 1691 1111 1804 1151; x_wconf 69' lang='lat'>4695.</span> <span class='ocrx_word' id='word_1_347' title='bbox 1829 1109 1863 1146; x_wconf 81' lang='lat'>4.</span> <span class='ocrx_word' id='word_1_348' title='bbox 1883 1107 1987 1146; x_wconf 85' lang='lat' dir='ltr'>Haec</span> <span class='ocrx_word' id='word_1_349' title='bbox 2011 1103 2129 1143; x_wconf 90' lang='lat' dir='ltr'>editio</span> <span class='ocrx_word' id='word_1_350' title='bbox 2150 1101 2316 1152; x_wconf 87' lang='lat' dir='ltr'>repetita</span> <span class='ocrx_word' id='word_1_351' title='bbox 2329 1103 2392 1138; x_wconf 86' lang='lat' dir='ltr'>est</span> 
     </span>
     <span class='ocr_line' id='line_1_65' title="bbox 1432 1162 2394 1227; baseline -0.02 -10"><span class='ocrx_word' id='word_1_352' title='bbox 1432 1182 1467 1217; x_wconf 85' lang='lat' dir='ltr'>in</span> <span class='ocrx_word' id='word_1_353' title='bbox 1486 1179 1730 1227; x_wconf 72' lang='lat' dir='ltr'>Scriptorum</span> <span class='ocrx_word' id='word_1_354' title='bbox 1752 1166 2127 1222; x_wconf 76' lang='lat' dir='ltr'>septentrionalium</span> <span class='ocrx_word' id='word_1_355' title='bbox 2149 1162 2314 1214; x_wconf 83' lang='lat' dir='ltr'>sylloge,</span> <span class='ocrx_word' id='word_1_356' title='bbox 2330 1171 2394 1200; x_wconf 86' lang='lat' dir='ltr'>eo-</span> 
     </span>
     <span class='ocr_line' id='line_1_66' title="bbox 1430 1223 2394 1288; baseline -0.02 -9"><span class='ocrx_word' id='word_1_357' title='bbox 1430 1241 1519 1279; x_wconf 86' lang='lat' dir='ltr'>dem</span> <span class='ocrx_word' id='word_1_358' title='bbox 1540 1236 1711 1288; x_wconf 86' lang='lat' dir='ltr'>Erpoldo</span> <span class='ocrx_word' id='word_1_359' title='bbox 1731 1235 1895 1272; x_wconf 86' lang='lat' dir='ltr'>curante</span> <span class='ocrx_word' id='word_1_360' title='bbox 1925 1229 2033 1280; x_wconf 82' lang='lat' dir='ltr'>typis</span> <span class='ocrx_word' id='word_1_361' title='bbox 2056 1223 2394 1266; x_wconf 83' lang='lat' dir='ltr'>Francofurtensi-</span> 
     </span>
     <span class='ocr_line' id='line_1_67' title="bbox 1431 1283 2393 1343; baseline -0.02 -3"><span class='ocrx_word' id='word_1_362' title='bbox 1431 1303 1506 1341; x_wconf 86' lang='lat' dir='ltr'>bus</span> <span class='ocrx_word' id='word_1_363' title='bbox 1527 1300 1599 1339; x_wconf 80' lang='lat' dir='ltr'>An.</span> <span class='ocrx_word' id='word_1_364' title='bbox 1624 1297 1724 1337; x_wconf 81' lang='grc'><strong>1609</strong></span> <span class='ocrx_word' id='word_1_365' title='bbox 1745 1299 1785 1333; x_wconf 89' lang='lat' dir='ltr'>et</span> <span class='ocrx_word' id='word_1_366' title='bbox 1806 1293 1973 1343; x_wconf 88' lang='lat' dir='ltr'>repetita</span> <span class='ocrx_word' id='word_1_367' title='bbox 1993 1289 2066 1329; x_wconf 86' lang='lat' dir='ltr'>An.</span> <span class='ocrx_word' id='word_1_368' title='bbox 2099 1287 2201 1327; x_wconf 72' lang='lat'>4630</span> <span class='ocrx_word' id='word_1_369' title='bbox 2241 1284 2302 1324; x_wconf 84' lang='lat' dir='ltr'>fol.</span> <span class='ocrx_word' id='word_1_370' title='bbox 2333 1283 2393 1323; x_wconf 88' lang='lat' dir='ltr'>Ab</span> 
     </span>
     <span class='ocr_line' id='line_1_68' title="bbox 1431 1351 2395 1412; baseline -0.021 -9"><span class='ocrx_word' id='word_1_371' title='bbox 1431 1376 1476 1403; x_wconf 86' lang='lat' dir='ltr'>eo</span> <span class='ocrx_word' id='word_1_372' title='bbox 1497 1369 1671 1412; x_wconf 83' lang='lat' dir='ltr'>tempore</span> <span class='ocrx_word' id='word_1_373' title='bbox 1692 1369 1769 1397; x_wconf 91' lang='grc'><strong>0011</strong></span> <span class='ocrx_word' id='word_1_374' title='bbox 1792 1357 1877 1393; x_wconf 86' lang='grc'><strong>5100</strong></span> <span class='ocrx_word' id='word_1_375' title='bbox 1897 1351 2070 1392; x_wconf 84' lang='lat' dir='ltr'>auctario</span> <span class='ocrx_word' id='word_1_376' title='bbox 2098 1351 2282 1387; x_wconf 87' lang='lat' dir='ltr'>veterum</span> <span class='ocrx_word' id='word_1_377' title='bbox 2312 1355 2395 1384; x_wconf 84' lang='lat' dir='ltr'>mo-</span> 
     </span>
     <span class='ocr_line' id='line_1_69' title="bbox 1432 1409 2393 1468; baseline -0.022 -3"><span class='ocrx_word' id='word_1_378' title='bbox 1432 1428 1729 1468; x_wconf 81' lang='lat' dir='ltr'>numentorum,</span> <span class='ocrx_word' id='word_1_379' title='bbox 1752 1417 1893 1458; x_wconf 76' lang='lat' dir='ltr'>Adanu</span> <span class='ocrx_word' id='word_1_380' title='bbox 1930 1412 2140 1453; x_wconf 85' lang='lat' dir='ltr'>Historiam</span> <span class='ocrx_word' id='word_1_381' title='bbox 2171 1409 2393 1457; x_wconf 86' lang='lat' dir='ltr'>librumque</span> 
     </span>
     <span class='ocr_line' id='line_1_70' title="bbox 1432 1467 2393 1526; baseline -0.022 0"><span class='ocrx_word' id='word_1_382' title='bbox 1432 1488 1480 1526; x_wconf 89' lang='lat' dir='ltr'>de</span> <span class='ocrx_word' id='word_1_383' title='bbox 1503 1486 1645 1524; x_wconf 81' lang='lat' dir='ltr'>Damae</span> <span class='ocrx_word' id='word_1_384' title='bbox 1666 1483 1745 1519; x_wconf 87' lang='lat' dir='ltr'>situ</span> <span class='ocrx_word' id='word_1_385' title='bbox 1774 1474 2001 1517; x_wconf 84' lang='lat' dir='ltr'>recudenda</span> <span class='ocrx_word' id='word_1_386' title='bbox 2029 1471 2137 1511; x_wconf 82' lang='lat' dir='ltr'>dedit</span> <span class='ocrx_word' id='word_1_387' title='bbox 2164 1467 2393 1508; x_wconf 74' lang='lat' dir='ltr'>Joachimus</span> 
     </span>
     <span class='ocr_line' id='line_1_71' title="bbox 1430 1530 2394 1587; baseline -0.021 0"><span class='ocrx_word' id='word_1_388' title='bbox 1430 1549 1625 1587; x_wconf 76' lang='lat' dir='ltr'>Johfflmes</span> <span class='ocrx_word' id='word_1_389' title='bbox 1646 1542 1850 1587; x_wconf 77' lang='lat' dir='ltr'>Maderus,</span> <span class='ocrx_word' id='word_1_390' title='bbox 1872 1533 2103 1577; x_wconf 86' lang='lat' dir='ltr'>llelmstadii</span> <span class='ocrx_word' id='word_1_391' title='bbox 2126 1531 2226 1572; x_wconf 81' lang='grc'><strong>1670</strong></span> <span class='ocrx_word' id='word_1_392' title='bbox 2250 1531 2271 1569; x_wconf 80' lang='lat'><strong>4</strong></span> <span class='ocrx_word' id='word_1_393' title='bbox 2286 1530 2394 1570; x_wconf 84' lang='lat' dir='ltr'>Hane</span> 
     </span>
     <span class='ocr_line' id='line_1_72' title="bbox 1431 1591 2393 1654; baseline -0.024 -4"><span class='ocrx_word' id='word_1_394' title='bbox 1431 1611 1630 1649; x_wconf 87' lang='lat' dir='ltr'>editouem</span> <span class='ocrx_word' id='word_1_395' title='bbox 1655 1611 1844 1654; x_wconf 86' lang='lat' dir='ltr'>tanquam</span> <span class='ocrx_word' id='word_1_396' title='bbox 1875 1598 2077 1638; x_wconf 87' lang='lat' dir='ltr'>meliorem</span> <span class='ocrx_word' id='word_1_397' title='bbox 2107 1594 2219 1643; x_wconf 84' lang='lat' dir='ltr'>sequi</span> <span class='ocrx_word' id='word_1_398' title='bbox 2257 1591 2393 1635; x_wconf 79' lang='lat' dir='ltr'>malui,</span> 
     </span>
     <span class='ocr_line' id='line_1_73' title="bbox 1433 1652 2396 1719; baseline -0.024 -8"><span class='ocrx_word' id='word_1_399' title='bbox 1433 1684 1524 1711; x_wconf 87' lang='lat' dir='ltr'>cum</span> <span class='ocrx_word' id='word_1_400' title='bbox 1546 1671 1757 1719; x_wconf 87' lang='lat' dir='ltr'>scriptores</span> <span class='ocrx_word' id='word_1_401' title='bbox 1777 1657 2108 1714; x_wconf 87' lang='lat' dir='ltr'>septentrionales</span> <span class='ocrx_word' id='word_1_402' title='bbox 2126 1652 2287 1705; x_wconf 83' lang='lat' dir='ltr'>Erpoldi</span> <span class='ocrx_word' id='word_1_403' title='bbox 2306 1653 2396 1690; x_wconf 89' lang='lat' dir='ltr'>Lin-</span> 
     </span>
     <span class='ocr_line' id='line_1_74' title="bbox 1435 1713 2393 1781; baseline -0.023 -9"><span class='ocrx_word' id='word_1_404' title='bbox 1435 1732 1635 1781; x_wconf 73' lang='lat' dir='ltr'>‹lenbrogii</span> <span class='ocrx_word' id='word_1_405' title='bbox 1655 1736 1837 1768; x_wconf 87' lang='lat' dir='ltr'>curarem</span> <span class='ocrx_word' id='word_1_406' title='bbox 1861 1719 1996 1761; x_wconf 88' lang='lat' dir='ltr'>recudi</span> <span class='ocrx_word' id='word_1_407' title='bbox 2028 1716 2166 1757; x_wconf 87' lang='lat' dir='ltr'>Hamb.</span> <span class='ocrx_word' id='word_1_408' title='bbox 2199 1713 2301 1754; x_wconf 84' lang='grc'><strong>1706</strong></span> <span class='ocrx_word' id='word_1_409' title='bbox 2331 1713 2393 1752; x_wconf 78' lang='lat' dir='ltr'>t‘ol.</span> 
     </span>
     <span class='ocr_line' id='line_1_75' title="bbox 1434 1778 2396 1844; baseline -0.023 -10"><span class='ocrx_word' id='word_1_410' title='bbox 1434 1794 1578 1844; x_wconf 85' lang='lat' dir='ltr'>quibus</span> <span class='ocrx_word' id='word_1_411' title='bbox 1598 1788 1793 1829; x_wconf 87' lang='lat' dir='ltr'>Lambecii</span> <span class='ocrx_word' id='word_1_412' title='bbox 1813 1785 1995 1835; x_wconf 78' lang='lat' dir='ltr'>Origines</span> <span class='ocrx_word' id='word_1_413' title='bbox 2014 1778 2336 1827; x_wconf 79' lang='lat' dir='ltr'>Hamburgenses</span> <span class='ocrx_word' id='word_1_414' title='bbox 2356 1779 2396 1813; x_wconf 90' lang='lat' dir='ltr'>et</span> 
     </span>
     <span class='ocr_line' id='line_1_76' title="bbox 1433 1837 2396 1905; baseline -0.025 -9"><span class='ocrx_word' id='word_1_415' title='bbox 1433 1858 1507 1895; x_wconf 87' lang='lat' dir='ltr'>alia</span> <span class='ocrx_word' id='word_1_416' title='bbox 1526 1852 1721 1905; x_wconf 88' lang='lat' dir='ltr'>quaedam</span> <span class='ocrx_word' id='word_1_417' title='bbox 1741 1849 1907 1888; x_wconf 87' lang='lat' dir='ltr'>aliorum</span> <span class='ocrx_word' id='word_1_418' title='bbox 1926 1841 2101 1892; x_wconf 78' lang='lat' dir='ltr'>adjunxi.</span> <span class='ocrx_word' id='word_1_419' title='bbox 2124 1839 2162 1878; x_wconf 90' lang='lat' dir='ltr'>Si</span> <span class='ocrx_word' id='word_1_420' title='bbox 2184 1837 2396 1887; x_wconf 87' lang='lat' dir='ltr'>scriptores</span> 
     </span>
     <span class='ocr_line' id='line_1_77' title="bbox 1435 1897 2399 1966; baseline -0.026 -9"><span class='ocrx_word' id='word_1_421' title='bbox 1435 1919 1535 1966; x_wconf 86' lang='lat' dir='ltr'>illos,</span> <span class='ocrx_word' id='word_1_422' title='bbox 1557 1914 1661 1966; x_wconf 90' lang='lat' dir='ltr'>quod</span> <span class='ocrx_word' id='word_1_423' title='bbox 1680 1911 1789 1951; x_wconf 87' lang='lat' dir='ltr'>brevi</span> <span class='ocrx_word' id='word_1_424' title='bbox 1811 1916 1969 1959; x_wconf 88' lang='lat' dir='ltr'>sperare</span> <span class='ocrx_word' id='word_1_425' title='bbox 1989 1904 2081 1942; x_wconf 88' lang='lat' dir='ltr'>licet</span> <span class='ocrx_word' id='word_1_426' title='bbox 2105 1900 2301 1946; x_wconf 81' lang='lat' dir='ltr'>futurum,</span> <span class='ocrx_word' id='word_1_427' title='bbox 2327 1897 2399 1935; x_wconf 88' lang='lat' dir='ltr'>ite-</span> 
     </span>
     <span class='ocr_line' id='line_1_78' title="bbox 1435 1957 2397 2029; baseline -0.026 -9"><span class='ocrx_word' id='word_1_428' title='bbox 1435 1990 1524 2019; x_wconf 89' lang='lat' dir='ltr'>rum</span> <span class='ocrx_word' id='word_1_429' title='bbox 1544 1977 1688 2029; x_wconf 86' lang='lat' dir='ltr'>praelis</span> <span class='ocrx_word' id='word_1_430' title='bbox 1725 1970 1918 2020; x_wconf 87' lang='lat' dir='ltr'>subjicere</span> <span class='ocrx_word' id='word_1_431' title='bbox 1938 1964 2034 2005; x_wconf 90' lang='lat' dir='ltr'>mihi</span> <span class='ocrx_word' id='word_1_432' title='bbox 2053 1962 2274 2010; x_wconf 85' lang='lat' dir='ltr'>contingat,</span> <span class='ocrx_word' id='word_1_433' title='bbox 2304 1957 2397 1997; x_wconf 86' lang='lat' dir='ltr'>dare</span> 
     </span>
     <span class='ocr_line' id='line_1_79' title="bbox 1434 2020 2396 2091; baseline -0.027 -10"><span class='ocrx_word' id='word_1_434' title='bbox 1434 2050 1592 2091; x_wconf 86' lang='lat' dir='ltr'>operam</span> <span class='ocrx_word' id='word_1_435' title='bbox 1613 2041 1675 2075; x_wconf 88' lang='lat' dir='ltr'>est</span> <span class='ocrx_word' id='word_1_436' title='bbox 1701 2035 1858 2073; x_wconf 88' lang='lat' dir='ltr'>animus</span> <span class='ocrx_word' id='word_1_437' title='bbox 1888 2026 2042 2070; x_wconf 83' lang='lat' dir='ltr'>sedulo,</span> <span class='ocrx_word' id='word_1_438' title='bbox 2068 2027 2112 2062; x_wconf 91' lang='lat' dir='ltr'>ut</span> <span class='ocrx_word' id='word_1_439' title='bbox 2143 2023 2181 2060; x_wconf 90' lang='lat' dir='ltr'>in</span> <span class='ocrx_word' id='word_1_440' title='bbox 2206 2020 2271 2059; x_wconf 90' lang='lat' dir='ltr'>illa</span> <span class='ocrx_word' id='word_1_441' title='bbox 2294 2029 2396 2057; x_wconf 85' lang='lat' dir='ltr'>nova</span> 
     </span>
     <span class='ocr_line' id='line_1_80' title="bbox 1433 2079 2398 2146; baseline -0.025 -6"><span class='ocrx_word' id='word_1_442' title='bbox 1433 2102 1603 2139; x_wconf 84' lang='lat' dir='ltr'>editione</span> <span class='ocrx_word' id='word_1_443' title='bbox 1624 2098 1738 2146; x_wconf 81' lang='lat' dir='ltr'>longe</span> <span class='ocrx_word' id='word_1_444' title='bbox 1758 2092 1895 2131; x_wconf 86' lang='lat' dir='ltr'>melior</span> <span class='ocrx_word' id='word_1_445' title='bbox 1924 2087 2103 2131; x_wconf 82' lang='lat' dir='ltr'>Adamus</span> <span class='ocrx_word' id='word_1_446' title='bbox 2141 2082 2276 2122; x_wconf 83' lang='lat' dir='ltr'>lectori</span> <span class='ocrx_word' id='word_1_447' title='bbox 2305 2079 2398 2119; x_wconf 84' lang='lat' dir='ltr'>offe-</span> 
     </span>
     <span class='ocr_line' id='line_1_81' title="bbox 1435 2140 2393 2201; baseline -0.024 0"><span class='ocrx_word' id='word_1_448' title='bbox 1435 2167 1555 2201; x_wconf 85' lang='lat' dir='ltr'>ratur.</span> <span class='ocrx_word' id='word_1_449' title='bbox 1575 2160 1660 2199; x_wconf 67' lang='lat' dir='ltr'>Non</span> <span class='ocrx_word' id='word_1_450' title='bbox 1687 2149 1951 2194; x_wconf 87' lang='lat' dir='ltr'>omittendum</span> <span class='ocrx_word' id='word_1_451' title='bbox 1990 2146 2161 2195; x_wconf 88' lang='lat' dir='ltr'>denique</span> <span class='ocrx_word' id='word_1_452' title='bbox 2190 2140 2393 2182; x_wconf 84' lang='lat' dir='ltr'>Svecicam</span> 
     </span>
     <span class='ocr_line' id='line_1_82' title="bbox 1435 2204 2400 2271; baseline -0.025 -8"><span class='ocrx_word' id='word_1_453' title='bbox 1435 2225 1471 2271; x_wconf 80' lang='lat' dir='ltr'>c)</span> <span class='ocrx_word' id='word_1_454' title='bbox 1498 2221 1585 2271; x_wconf 89' lang='lat' dir='ltr'>ejus</span> <span class='ocrx_word' id='word_1_455' title='bbox 1605 2218 1829 2258; x_wconf 89' lang='lat' dir='ltr'>versionem</span> <span class='ocrx_word' id='word_1_456' title='bbox 1848 2211 2079 2260; x_wconf 84' lang='lat' dir='ltr'>adornatam</span> <span class='ocrx_word' id='word_1_457' title='bbox 2099 2216 2188 2246; x_wconf 92' lang='grc'><strong>0550</strong></span> <span class='ocrx_word' id='word_1_458' title='bbox 2199 2204 2315 2243; x_wconf 88' lang='lat' dir='ltr'>aviro</span> <span class='ocrx_word' id='word_1_459' title='bbox 2331 2213 2400 2241; x_wconf 82' lang='lat' dir='ltr'>an-</span> 
     </span>
     <span class='ocr_line' id='line_1_83' title="bbox 1436 2263 2400 2335; baseline -0.025 -11"><span class='ocrx_word' id='word_1_460' title='bbox 1436 2285 1665 2335; x_wconf 85' lang='lat' dir='ltr'>tiquitatum</span> <span class='ocrx_word' id='word_1_461' title='bbox 1686 2271 2053 2328; x_wconf 87' lang='lat' dir='ltr'>septentrionalium</span> <span class='ocrx_word' id='word_1_462' title='bbox 2076 2266 2317 2318; x_wconf 89' lang='lat' dir='ltr'>peritissimo</span> <span class='ocrx_word' id='word_1_463' title='bbox 2335 2263 2400 2302; x_wconf 84' lang='lat' dir='ltr'>Jo-</span> 
     </span>
     <span class='ocr_line' id='line_1_84' title="bbox 1436 2327 2398 2385; baseline -0.024 0"><span class='ocrx_word' id='word_1_464' title='bbox 1436 2347 1562 2385; x_wconf 69' lang='lat' dir='ltr'>hamne</span> <span class='ocrx_word' id='word_1_465' title='bbox 1586 2337 1790 2380; x_wconf 79' lang='lat' dir='ltr'>Friderico</span> <span class='ocrx_word' id='word_1_466' title='bbox 1811 2328 2138 2384; x_wconf 68' lang='lat' dir='ltr'>Permyskialdio,</span> <span class='ocrx_word' id='word_1_467' title='bbox 2149 2327 2398 2375; x_wconf 85' lang='lat' dir='ltr'>editamquae</span> 
     </span>
     <span class='ocr_line' id='line_1_85' title="bbox 1436 2387 2400 2446; baseline -0.024 0"><span class='ocrx_word' id='word_1_468' title='bbox 1436 2407 1610 2446; x_wconf 84' lang='lat' dir='ltr'>llolmiae</span> <span class='ocrx_word' id='word_1_469' title='bbox 1633 2401 1733 2442; x_wconf 81' lang='grc'><strong>1719</strong></span> <span class='ocrx_word' id='word_1_470' title='bbox 1756 2400 1790 2437; x_wconf 72' lang='lat'>4.</span> <span class='ocrx_word' id='word_1_471' title='bbox 1816 2393 2068 2440; x_wconf 80' lang='lat' dir='ltr'>Helmoldus,</span> <span class='ocrx_word' id='word_1_472' title='bbox 2094 2390 2284 2430; x_wconf 86' lang='lat' dir='ltr'>Albertus</span> <span class='ocrx_word' id='word_1_473' title='bbox 2313 2387 2400 2426; x_wconf 86' lang='lat' dir='ltr'>Sta-</span> 
     </span>
     <span class='ocr_line' id='line_1_86' title="bbox 1438 2449 2402 2510; baseline -0.026 -3"><span class='ocrx_word' id='word_1_474' title='bbox 1438 2468 1573 2506; x_wconf 83' lang='lat' dir='ltr'>densis</span> <span class='ocrx_word' id='word_1_475' title='bbox 1593 2468 1633 2502; x_wconf 85' lang='lat' dir='ltr'>et</span> <span class='ocrx_word' id='word_1_476' title='bbox 1652 2462 1714 2502; x_wconf 89' lang='lat' dir='ltr'>alii</span> <span class='ocrx_word' id='word_1_477' title='bbox 1731 2459 1909 2510; x_wconf 85' lang='lat' dir='ltr'>juniores</span> <span class='ocrx_word' id='word_1_478' title='bbox 1928 2455 2096 2493; x_wconf 89' lang='lat' dir='ltr'>libenter</span> <span class='ocrx_word' id='word_1_479' title='bbox 2105 2449 2252 2500; x_wconf 75' lang='lat' dir='ltr'>Adamj</span> <span class='ocrx_word' id='word_1_480' title='bbox 2267 2451 2402 2487; x_wconf 86' lang='lat' dir='ltr'>aucto-</span> 
     </span>
     <span class='ocr_line' id='line_1_87' title="bbox 1440 2509 2402 2572; baseline -0.025 -4"><span class='ocrx_word' id='word_1_481' title='bbox 1440 2532 1554 2568; x_wconf 86' lang='lat' dir='ltr'>ritate</span> <span class='ocrx_word' id='word_1_482' title='bbox 1575 2529 1758 2572; x_wconf 85' lang='lat' dir='ltr'>utuntur,</span> <span class='ocrx_word' id='word_1_483' title='bbox 1795 2519 1984 2559; x_wconf 87' lang='lat' dir='ltr'>Albertus</span> <span class='ocrx_word' id='word_1_484' title='bbox 2021 2513 2229 2565; x_wconf 81' lang='lat' dir='ltr'>praecipue</span> <span class='ocrx_word' id='word_1_485' title='bbox 2259 2509 2402 2548; x_wconf 84' lang='lat' dir='ltr'>Krant-</span> 
     </span>
     <span class='ocr_line' id='line_1_88' title="bbox 1444 2569 2403 2630; baseline -0.027 0"><span class='ocrx_word' id='word_1_486' title='bbox 1444 2593 1528 2630; x_wconf 79' lang='lat' dir='ltr'>zius</span> <span class='ocrx_word' id='word_1_487' title='bbox 1548 2599 1638 2628; x_wconf 86' lang='lat' dir='ltr'>eum</span> <span class='ocrx_word' id='word_1_488' title='bbox 1660 2589 1822 2624; x_wconf 87' lang='lat' dir='ltr'>secutus</span> <span class='ocrx_word' id='word_1_489' title='bbox 1859 2583 1922 2619; x_wconf 88' lang='lat' dir='ltr'>cst</span> <span class='ocrx_word' id='word_1_490' title='bbox 1951 2579 1989 2615; x_wconf 93' lang='lat' dir='ltr'>in</span> <span class='ocrx_word' id='word_1_491' title='bbox 2015 2586 2089 2614; x_wconf 86' lang='lat' dir='ltr'>sua</span> <span class='ocrx_word' id='word_1_492' title='bbox 2106 2569 2331 2621; x_wconf 84' lang='lat' dir='ltr'>Metropoli:</span> <span class='ocrx_word' id='word_1_493' title='bbox 2362 2572 2403 2606; x_wconf 88' lang='lat' dir='ltr'>et</span> 
     </span>
     <span class='ocr_line' id='line_1_89' title="bbox 1447 2631 2402 2695; baseline -0.027 -3"><span class='ocrx_word' id='word_1_494' title='bbox 1447 2650 1692 2695; x_wconf 87' lang='lat' dir='ltr'>Lambecius,</span> <span class='ocrx_word' id='word_1_495' title='bbox 1712 2646 1778 2685; x_wconf 90' lang='lat' dir='ltr'>ubi</span> <span class='ocrx_word' id='word_1_496' title='bbox 1807 2642 1985 2681; x_wconf 82' lang='lat' dir='ltr'>Adamus</span> <span class='ocrx_word' id='word_1_497' title='bbox 2013 2636 2148 2683; x_wconf 88' lang='lat' dir='ltr'>desiit,</span> <span class='ocrx_word' id='word_1_498' title='bbox 2188 2631 2334 2670; x_wconf 90' lang='lat' dir='ltr'>ibidem</span> <span class='ocrx_word' id='word_1_499' title='bbox 2362 2633 2402 2672; x_wconf 80' lang='lat' dir='ltr'>et</span> 
     </span>
     <span class='ocr_line' id='line_1_90' title="bbox 1444 2690 2404 2764; baseline -0.025 -13"><span class='ocrx_word' id='word_1_500' title='bbox 1444 2716 1525 2764; x_wconf 82' lang='lat' dir='ltr'>ipse.</span> <span class='ocrx_word' id='word_1_501' title='bbox 1547 2709 1756 2762; x_wconf 85' lang='lat' dir='ltr'>praeclaris</span> <span class='ocrx_word' id='word_1_502' title='bbox 1776 2705 1885 2744; x_wconf 91' lang='lat' dir='ltr'>libris</span> <span class='ocrx_word' id='word_1_503' title='bbox 1905 2701 1988 2740; x_wconf 90' lang='lat' dir='ltr'>suis</span> <span class='ocrx_word' id='word_1_504' title='bbox 2007 2698 2056 2737; x_wconf 90' lang='lat' dir='ltr'>de</span> <span class='ocrx_word' id='word_1_505' title='bbox 2076 2695 2196 2735; x_wconf 88' lang='lat' dir='ltr'>rebus</span> <span class='ocrx_word' id='word_1_506' title='bbox 2209 2690 2404 2731; x_wconf 88' lang='lat' dir='ltr'>Hambur-</span> 
     </span>
     <span class='ocr_line' id='line_1_91' title="bbox 1444 2761 2402 2822; baseline -0.025 -11"><span class='ocrx_word' id='word_1_507' title='bbox 1444 2773 1631 2822; x_wconf 61' lang='lat' dir='ltr'>gensibus</span> <span class='ocrx_word' id='word_1_508' title='bbox 1651 2769 1776 2807; x_wconf 88' lang='lat' dir='ltr'>voluit</span> <span class='ocrx_word' id='word_1_509' title='bbox 1801 2766 1920 2804; x_wconf 82' lang='grc'><strong>110010</strong></span> <span class='ocrx_word' id='word_1_510' title='bbox 1946 2763 2172 2811; x_wconf 86' lang='lat' dir='ltr'>imponere,</span> <span class='ocrx_word' id='word_1_511' title='bbox 2203 2763 2295 2793; x_wconf 89' lang='lat' dir='ltr'>cum</span> <span class='ocrx_word' id='word_1_512' title='bbox 2325 2761 2402 2789; x_wconf 90' lang='lat' dir='ltr'>non</span> 
     </span>
     <span class='ocr_line' id='line_1_92' title="bbox 1445 2813 2402 2881; baseline -0.028 -7"><span class='ocrx_word' id='word_1_513' title='bbox 1445 2836 1617 2881; x_wconf 76' lang='lat' dir='ltr'>videret,</span> <span class='ocrx_word' id='word_1_514' title='bbox 1638 2841 1757 2881; x_wconf 85' lang='lat' dir='ltr'>quem</span> <span class='ocrx_word' id='word_1_515' title='bbox 1773 2827 1980 2866; x_wconf 84' lang='lat' dir='ltr'>deficiente</span> <span class='ocrx_word' id='word_1_516' title='bbox 1995 2819 2146 2860; x_wconf 89' lang='lat' dir='ltr'>Adamo</span> <span class='ocrx_word' id='word_1_517' title='bbox 2158 2820 2241 2854; x_wconf 86' lang='lat' dir='ltr'>tam</span> <span class='ocrx_word' id='word_1_518' title='bbox 2255 2813 2402 2851; x_wconf 90' lang='lat' dir='ltr'>honum</span> 
     </span>
     <span class='ocr_line' id='line_1_93' title="bbox 1445 2875 2430 2938; baseline -0.029 -2"><span class='ocrx_word' id='word_1_519' title='bbox 1445 2898 1587 2936; x_wconf 89' lang='lat' dir='ltr'>ducem</span> <span class='ocrx_word' id='word_1_520' title='bbox 1616 2893 1665 2932; x_wconf 86' lang='lat' dir='ltr'>ad</span> <span class='ocrx_word' id='word_1_521' title='bbox 1694 2891 1814 2929; x_wconf 87' lang='lat' dir='ltr'>telam</span> <span class='ocrx_word' id='word_1_522' title='bbox 1843 2880 2129 2938; x_wconf 84' lang='lat' dir='ltr'>pertexendam</span> <span class='ocrx_word' id='word_1_523' title='bbox 2157 2875 2233 2914; x_wconf 89' lang='lat' dir='ltr'>sibi</span> <span class='ocrx_word' id='word_1_524' title='bbox 2269 2875 2403 2924; x_wconf 87' lang='lat' dir='ltr'>posset</span> <span class='ocrx_word' id='word_1_525' title='bbox 2428 2886 2430 2889; x_wconf 88' lang='grc'><em>·</em></span> 
     </span>
     <span class='ocr_line' id='line_1_94' title="bbox 1447 2967 1673 3010; baseline -0.027 -13"><span class='ocrx_word' id='word_1_526' title='bbox 1447 2967 1673 3010; x_wconf 84' lang='lat' dir='ltr'>proponere.</span> 
     </span>
    </p>

    <p class='ocr_par' dir='ltr' id='par_1_12' title="bbox 1449 2995 2406 3241">
     <span class='ocr_line' id='line_1_95' title="bbox 1501 2995 2406 3061; baseline -0.031 -3"><span class='ocrx_word' id='word_1_527' title='bbox 1501 3015 1706 3057; x_wconf 80' lang='lat' dir='ltr'><strong>ADAMUS</strong></span> <span class='ocrx_word' id='word_1_528' title='bbox 1725 3007 1952 3061; x_wconf 75' lang='lat' dir='ltr'>Bucfelclus,</span> <span class='ocrx_word' id='word_1_529' title='bbox 1973 3001 2142 3053; x_wconf 78' lang='lat' dir='ltr'>Anglus,</span> <span class='ocrx_word' id='word_1_530' title='bbox 2160 2995 2406 3036; x_wconf 84' lang='lat' dir='ltr'>Mathemati-</span> 
     </span>
     <span class='ocr_line' id='line_1_96' title="bbox 1449 3054 2406 3129; baseline -0.029 -10"><span class='ocrx_word' id='word_1_531' title='bbox 1449 3094 1537 3129; x_wconf 87' lang='lat' dir='ltr'>cus,</span> <span class='ocrx_word' id='word_1_532' title='bbox 1558 3089 1636 3129; x_wconf 89' lang='lat' dir='ltr'>quo</span> <span class='ocrx_word' id='word_1_533' title='bbox 1652 3075 1740 3125; x_wconf 86' lang='lat' dir='ltr'>jure</span> <span class='ocrx_word' id='word_1_534' title='bbox 1760 3071 1863 3122; x_wconf 89' lang='lat' dir='ltr'>apud</span> <span class='ocrx_word' id='word_1_535' title='bbox 1884 3065 2077 3115; x_wconf 82' lang='lat' dir='ltr'>Gangium</span> <span class='ocrx_word' id='word_1_536' title='bbox 2107 3060 2155 3099; x_wconf 85' lang='lat' dir='ltr'>ab</span> <span class='ocrx_word' id='word_1_537' title='bbox 2182 3056 2332 3096; x_wconf 78' lang='lat' dir='ltr'>Adamo</span> <span class='ocrx_word' id='word_1_538' title='bbox 2359 3054 2406 3093; x_wconf 80' lang='lat' dir='ltr'>de</span> 
     </span>
     <span class='ocr_line' id='line_1_97' title="bbox 1449 3122 2406 3193; baseline -0.031 -11"><span class='ocrx_word' id='word_1_539' title='bbox 1449 3138 1629 3193; x_wconf 78' lang='lat' dir='ltr'>Bucfeld,</span> <span class='ocrx_word' id='word_1_540' title='bbox 1650 3137 1698 3175; x_wconf 91' lang='lat' dir='ltr'>dc</span> <span class='ocrx_word' id='word_1_541' title='bbox 1723 3144 1801 3183; x_wconf 90' lang='lat' dir='ltr'>quo</span> <span class='ocrx_word' id='word_1_542' title='bbox 1830 3130 1911 3180; x_wconf 82' lang='lat' dir='ltr'>jam</span> <span class='ocrx_word' id='word_1_543' title='bbox 1941 3122 2174 3167; x_wconf 79' lang='lat' dir='ltr'>memoravi,</span> <span class='ocrx_word' id='word_1_544' title='bbox 2204 3124 2406 3167; x_wconf 81' lang='lat' dir='ltr'>tamquam</span> 
     </span>
     <span class='ocr_line' id='line_1_98' title="bbox 1452 3180 2302 3241; baseline -0.031 1"><span class='ocrx_word' id='word_1_545' title='bbox 1452 3204 1635 3241; x_wconf 83' lang='lat' dir='ltr'>diversus</span> <span class='ocrx_word' id='word_1_546' title='bbox 1656 3194 1853 3239; x_wconf 74' lang='lat' dir='ltr'>laudetur,</span> <span class='ocrx_word' id='word_1_547' title='bbox 1876 3199 1953 3227; x_wconf 90' lang='lat' dir='ltr'>non</span> <span class='ocrx_word' id='word_1_548' title='bbox 1972 3193 2136 3237; x_wconf 83' lang='lat' dir='ltr'>possum</span> <span class='ocrx_word' id='word_1_549' title='bbox 2160 3180 2302 3219; x_wconf 87' lang='lat' dir='ltr'>dicere.</span> 
     </span>
    </p>
   </div>
   <div class='ocr_carea' id='block_1_7' title="bbox 1508 3255 2354 3366">
    <p class='ocr_par' dir='ltr' id='par_1_13' title="bbox 1508 3255 2354 3366">
     <span class='ocr_line' id='line_1_99' title="bbox 1508 3255 2354 3317; baseline -0.039 -4"><span class='ocrx_word' id='word_1_550' title='bbox 1508 3279 1542 3317; x_wconf 83' lang='lat' dir='ltr'>b)</span> <span class='ocrx_word' id='word_1_551' title='bbox 1566 3275 1736 3310; x_wconf 78' lang='lat' dir='ltr'>Memoires</span> <span class='ocrx_word' id='word_1_552' title='bbox 1760 3270 1799 3301; x_wconf 86' lang='lat' dir='ltr'>dc</span> <span class='ocrx_word' id='word_1_553' title='bbox 1821 3271 1971 3300; x_wconf 81' lang='lat' dir='ltr'>Trcvoux</span> <span class='ocrx_word' id='word_1_554' title='bbox 1996 3266 2031 3294; x_wconf 82' lang='grc' dir='ltr'>Λ.</span> <span class='ocrx_word' id='word_1_555' title='bbox 2058 3260 2148 3292; x_wconf 83' lang='grc'><strong>1717.</strong></span> <span class='ocrx_word' id='word_1_556' title='bbox 2174 3266 2247 3298; x_wconf 71' lang='lat' dir='ltr'>pag.</span> <span class='ocrx_word' id='word_1_557' title='bbox 2270 3255 2331 3287; x_wconf 73' lang='lat'>8:54</span> <span class='ocrx_word' id='word_1_558' title='bbox 2346 3277 2354 3286; x_wconf 87' lang='grc'><em>,</em></span> 
     </span>
     <span class='ocr_line' id='line_1_100' title="bbox 1510 3304 2354 3366; baseline -0.027 -8"><span class='ocrx_word' id='word_1_559' title='bbox 1510 3329 1541 3366; x_wconf 82' lang='lat' dir='ltr'>c)</span> <span class='ocrx_word' id='word_1_560' title='bbox 1566 3331 1644 3359; x_wconf 75' lang='lat' dir='ltr'>Acta</span> <span class='ocrx_word' id='word_1_561' title='bbox 1669 3321 1840 3354; x_wconf 77' lang='lat' dir='ltr'>Litteraria</span> <span class='ocrx_word' id='word_1_562' title='bbox 1864 3317 1996 3349; x_wconf 81' lang='lat' dir='ltr'>sveciae</span> <span class='ocrx_word' id='word_1_563' title='bbox 2023 3315 2059 3342; x_wconf 73' lang='lat' dir='ltr'>A.</span> <span class='ocrx_word' id='word_1_564' title='bbox 2087 3309 2176 3340; x_wconf 66' lang='lat'>1720.</span> <span class='ocrx_word' id='word_1_565' title='bbox 2202 3312 2279 3347; x_wconf 58' lang='lat' dir='ltr'>pag.</span> <span class='ocrx_word' id='word_1_566' title='bbox 2303 3304 2354 3335; x_wconf 71' lang='lat'>⁶25.</span> 
     </span>
    </p>
   </div>
  </div>
 </body>
</html>
