2500 3841
871 214 1251 253 EUGENIUS

71 286 338 327 Bertrandum
377 283 689 334 Forojuliensem
734 285 947 337 Episcopos
987 287 1022 323 in

75 350 226 390 Baluzii
247 348 408 388 Miscell.
434 351 530 386 tom.
553 348 588 386 2.
610 358 695 398 pag.
716 347 807 387 222.
824 348 1025 398 Epistolae

78 411 181 451 duae
204 411 253 450 ad
277 410 471 449 Abbatem
496 413 537 447 et
558 409 768 448 Monachos
791 411 1024 455 Beccenses‚

75 474 112 512 in
138 472 279 511 iisdem
303 476 397 510 tom.
422 470 460 510 7.
484 483 571 523 pag.
596 473 698 519 440,
721 483 803 522 seq.
834 471 893 510 Ad
920 470 1026 509 Yvo-

79 545 171 574 nem
195 536 237 572 et
255 533 460 573 Serlonem
480 533 677 582 Abbates,
701 533 901 584 Epistolae
924 532 1026 571 duae

71 595 177 648 apud
198 595 460 635 Edmundum
480 597 656 634 Martene
672 600 768 634 tom.
791 597 825 634 4.
847 594 1027 633 Anecdo-

73 664 206 698 torum
230 669 318 709 pag.
343 657 421 696 404
446 658 521 696 alia
546 657 595 696 ad
621 657 920 705 Bermundum,
937 668 1024 707 pag.

73 721 150 761 442
173 725 215 759 et
246 719 294 759 ad
330 721 541 771 Sugerium
567 720 763 758 Abbatem
801 719 903 758 duae
938 729 1022 769 pag.

79 783 121 822 44
133 783 170 821 6.
195 781 305 821 Aliae
327 784 420 820 item
446 783 647 833 Epistolae
671 783 742 821 XV
762 812 770 830 ,
788 783 825 820 in
847 780 1027 832 ejusdem

74 846 256 885 Martenii
280 849 400 895 atque
431 846 561 884 Ursini
584 844 760 884 Durandi
784 855 886 882 nova
910 843 1027 881 colle.-

72 909 204 947 ctione
245 912 341 946 tom.
382 908 418 947 2.
457 920 493 959 p.
521 907 626 957 627,
659 918 769 957 seqq.
803 904 1028 956 Diplomata

75 971 251 1022 sparsim
275 970 418 1018 obvia,
439 974 484 1009 ut
525 970 562 1007 in
600 969 841 1008 Bibliotheca
873 968 1031 1006 Clunia-

72 1033 183 1072 censi
221 1032 408 1071 Andreae
447 1031 502 1071 du
538 1031 698 1070 Chesne
729 1042 815 1081 pag.
852 1030 946 1069 4444
991 1030 1028 1066 in

74 1093 241 1134 Arnoldi
263 1094 470 1133 Oihenarti
494 1095 634 1132 notitia
656 1095 867 1143 utriusque
885 1093 1030 1130 Vasco-

72 1155 239 1195 niaelib.
262 1157 297 1194 4.
318 1166 402 1205 cap.
429 1156 451 1194 3
476 1160 553 1194 ete.
576 1154 673 1194 Vide
688 1155 816 1194 Caroli
835 1154 883 1192 de
906 1153 1023 1191 Visch

69 1217 353 1257 Bibliothecam
382 1218 690 1258 Cisterciensem
711 1229 798 1268 pag.
826 1216 914 1256 403.
944 1226 1029 1265 seq.

71 1280 257 1320 Carolum
309 1280 500 1318 Jacobum
548 1291 635 1330 pag.
694 1280 770 1328 65,
821 1290 904 1328 seq.
952 1278 1031 1316 Pri-

76 1353 188 1382 mum
218 1342 342 1380 fuisse
370 1342 595 1392 Eugenium
628 1343 706 1389 111,
737 1343 802 1392 qui
830 1340 951 1391 jussit
991 1342 1027 1377 in

73 1403 339 1443 tribunalibus
366 1404 660 1443 Ecclesiasticis
686 1403 853 1455 judicari
884 1414 1027 1442 secun-

76 1466 173 1506 dum
202 1464 442 1506 GRATIANI
472 1465 678 1506 decretum
696 1498 706 1514 ‚
742 1470 854 1504 notat
890 1466 1027 1504 Franc.

73 1530 171 1580 Pagi
199 1529 238 1567 in
261 1528 456 1567 breviario
480 1528 529 1566 de
554 1530 648 1567 vitis
673 1528 907 1566 Pontificum
933 1532 1028 1565 tom.

76 1593 112 1631 3.
129 1602 218 1643 pag.
243 1590 294 1630 27
322 1592 390 1641 qui
411 1589 593 1642 Diploma
618 1590 938 1631 Canom'sattom's
954 1589 1031 1627 Im-

67 1653 272 1706 peratoris
290 1653 458 1692 Henrici
478 1653 532 1702 II,
556 1654 589 1703 a)
615 1653 729 1692 affert
745 1664 833 1705 pag.
859 1653 907 1691 30
924 1651 1031 1702 quod

76 1716 201 1755 habes
229 1717 349 1755 etiam
379 1715 485 1767 apud
514 1717 727 1755 Baronium
758 1715 833 1755 An.
864 1715 967 1754 4452
991 1718 1030 1752 et

75 1780 115 1816 in
143 1778 346 1817 Laurentii
380 1778 601 1817 Cherubini
644 1778 810 1817 bullario
853 1782 948 1815 tom.
995 1778 1029 1815 4.

74 1851 162 1891 pag.
193 1840 235 1879 64
272 1844 392 1890 atque
429 1840 544 1879 alibi:
585 1840 694 1878 Idem
732 1841 874 1890 Pagius
911 1840 1029 1877 etiam

75 1902 286 1942 adeundus
315 1901 364 1940 de
393 1902 579 1942 Conciliis
610 1902 687 1941 sub
716 1903 895 1952 Eugenio
925 1901 1033 1940 habi-

75 1966 154 2015 tis,
188 1963 418 2003 Trevirensi
442 1963 516 2004 An.
549 1965 666 2004 4448.
697 1965 735 2002 in
776 1975 853 2014 quo
883 1963 1032 2013 scripta

79 2028 118 2067 S.
146 2027 492 2066 HILDEGARDIS
533 2027 787 2073 examinata,
829 2031 916 2065 tum
960 2027 1033 2064 Re-

76 2088 207 2128 mensi
232 2088 372 2127 eodem
399 2088 474 2127 An.
507 2089 622 2128 4448.
641 2089 679 2126 in
711 2099 789 2138 quo
818 2087 1031 2126 damnatus

77 2150 240 2198 EUDO,
270 2151 356 2189 sive
387 2151 490 2191 EON
519 2151 744 2189 haereticus
770 2154 811 2189 et
832 2150 1034 2189 GILBER-

75 2214 173 2253 TUS
214 2215 469 2252 Porretanus.
510 2213 695 2252 Canones
731 2213 866 2261 XVII,
911 2211 1031 2262 hujus

71 2276 233 2316 Concilii
258 2275 384 2314 edidit
405 2274 645 2314 Edmundus
667 2276 842 2314 Martene
874 2277 913 2313 in
942 2276 1030 2315 Col-

70 2340 266 2387 lectione,
300 2337 534 2388 Rothomagi
565 2337 694 2386 4700,
726 2339 759 2376 4.
799 2337 905 2376 edita
938 2349 1025 2389 pag.

70 2402 148 2442 232
187 2405 228 2440 et
269 2404 365 2439 tom.
408 2400 444 2438 4.
494 2399 687 2439 Thesauri
734 2399 1027 2438 Anecdotorum

73 2476 159 2516 pag.
193 2465 281 2504 444.
314 2463 434 2514 (404.
464 2462 562 2502 Vide
591 2463 750 2513 Lupetti
780 2462 825 2500 G.
845 2461 1027 2511 Elogium

73 2527 112 2564 in
141 2526 188 2565 ΙΙ.
220 2525 298 2564 νοΙ.
328 2523 487 2564 Illustrz'
510 2523 652 2563 Pisani
677 2525 764 2563 Pisa
788 2523 912 2566 4794).

124 2588 382 2628 EUGENIUS
409 2587 486 2637 IV,
517 2593 635 2626 antea
666 2583 832 2625 Gabrzel
862 2583 1026 2624 Conael-

71 2648 252 2699 marius,
296 2651 473 2689 Venetus
490 2681 500 2699 ,
542 2651 646 2700 Papa
687 2648 736 2687 ab
778 2647 854 2686 An.
908 2648 1024 2687 4434.

71 2714 198 2752 Martii
227 2713 251 2750 6
279 2713 329 2752 ad
366 2714 530 2751 Annum
575 2710 693 2750 4447.
723 2710 922 2749 Februarii
961 2711 1024 2749 48.

71 2777 185 2815 Hunc
204 2774 391 2814 Oratione
415 2775 568 2813 funebri
595 2777 716 2823 atque
741 2773 938 2823 epitaphio
961 2784 1025 2811 ce.—

71 2838 241 2877 lebravit
263 2837 411 2876 AEneas
427 2837 592 2885 Sylvius
611 2849 618 2855 ·
648 2834 774 2873 Vitam
794 2845 814 2872 a
832 2836 1022 2885 scriptore

72 2904 285 2939 coaetaneo
306 2898 494 2937 traditam
514 2898 697 2948 vulgavit
721 2897 908 2935 Baluzius
927 2900 1021 2935 tom.

127 3003 162 3044 a)
188 3006 235 3034 De
260 3002 323 3034 hoc
346 3003 518 3033 Gretserus
545 3003 580 3033 in
607 3002 699 3033 Divis
727 3001 1027 3040 Bambergensibus

0 3056 3 3063 '
70 3057 104 3086 et
129 3055 163 3084 in
188 3052 350 3084 Johannis
372 3053 462 3083 Petri
486 3050 641 3091 Ludewig
680 3050 899 3090 scriptoribus
921 3058 1031 3081 rerum

72 3103 395 3142 Bambergensium:
421 3104 501 3132 Acta
527 3103 722 3132 Sanctorum
758 3103 838 3131 tom.
874 3101 930 3131 lli.
956 3098 1032 3130 sulii

70 3152 133 3191 14,
156 3160 232 3192 pag.
253 3150 313 3182 711
329 3159 398 3190 seq.
417 3151 585 3182 Johannes
606 3150 775 3182 conradus
798 3150 980 3181 Dietericus
999 3151 1030 3180 in

69 3203 207 3236 historia
230 3205 379 3242 Augusta
415 3203 656 3241 Imperatorum
687 3200 962 3231 Germanicorum
985 3198 1032 3229 sa-

69 3252 184 3284 miliae
211 3253 418 3291 saxonicae,
447 3253 579 3282 Giessne
618 3249 722 3287 1616,
756 3249 787 3280 4.
819 3252 856 3280 D.
890 3252 1032 3280 Joannes

71 3303 233 3334 Renricus
263 3302 410 3334 Feltzius
447 3303 481 3333 in
514 3300 642 3332 selectis
666 3309 705 3332 ex
727 3301 869 3332 historia
901 3300 1033 3330 ssenrici

72 3351 178 3383 sancti
195 3373 205 3388 ‚
233 3353 445 3391 Argentum}
470 3350 574 3388 1712,
598 3349 628 3381 4.
654 3353 716 3381 etc.

1977 213 2051 253 531

1099 285 1135 323 7.
1168 284 1377 323 Miscellan.
1409 297 1494 335 pag.
1526 285 1614 323 506.
1655 285 1817 335 Eugenii
1855 283 1932 332 IV.
1969 281 2059 321 bul-

1101 347 1179 386 lam
1222 346 1419 387 adversus
1461 348 1703 398 Prosperum
1743 345 1789 385 de
1833 344 2050 387 Columna.

1104 408 1383 458 Cardinalem,
1415 421 1502 460 pag.
1533 410 1620 448 513.
1650 410 1706 448 De
1743 407 1931 460 Epistolz's
1964 408 2052 458 ejus

1101 472 1304 522 pluribus,
1325 474 1480 522 quaein
1507 473 1625 510 tomis
1648 472 1925 520 Conciliorum‚
1944 476 1983 510 et
2009 473 2047 508 in

1101 534 1214 572 Actis
1258 534 1419 573 Concilii
1463 534 1703 573 Basileensis
1747 534 1823 572 An.
1867 533 1963 572 4434
2014 538 2054 572 et

1100 596 1365 634 Feri-ariensis
1406 606 1451 634 ae
1495 596 1710 634 Florentini
1751 595 1823 633 An.
1871 596 1971 634 4439
2000 600 2055 643 ¹et

1100 658 1365 707 Frisingensis
1393 657 1466 695 An.
1493 658 1594 696 4440
1638 662 1678 695 et
1720 657 1822 707 apud
1846 658 2053 705 Bzovium‚

1100 718 1461 769 Raynaldumque,
1493 724 1531 757 et
1563 720 1598 756 in
1639 718 1849 769 Waddingi
1891 719 2056 758 Annali-

1101 781 1177 819 bus
1209 780 1368 819 Ordinis
1396 781 1590 818 Minorum
1622 786 1716 818 tom.
1746 782 1803 828 V,
1842 782 2055 831 leguntur.

1103 843 1265 893 longum
1295 846 1357 880 est
1387 842 1546 880 referre.
1578 843 1621 880 ln
1660 844 1802 880 Laertii
1838 843 2055 882 Cherubini

1101 904 1267 943 bullario
1287 908 1451 942 exstant
1474 903 1562 953 ejus
1586 905 1900 943 Constitutiones
1916 904 2052 944 XXIX

1102 971 1198 1004 torn.
1231 968 1266 1005 4.
1296 977 1384 1016 pag.
1413 965 1586 1005 338-373
1616 977 1666 1004 ex
1696 966 1840 1016 quibus
1864 967 1948 1004 XV.
1968 978 2056 1017 pag.

1104 1030 1172 1068 354
1210 1032 1273 1067 est
1301 1027 1348 1066 cle
1394 1027 1672 1068 Cardz'nalz‘am
1716 1027 1904 1079 dignitate
1946 1040 2057 1079 prae-

1103 1091 1295 1130 stantiore
1323 1091 1492 1128 caeteris
1522 1090 1814 1129 Ecclesiasticis
1859 1089 2060 1141 dignitati-

1103 1154 1203 1192 bus.
1235 1153 1446 1191 Decretum
1475 1153 1596 1191 XVII.
1625 1163 1712 1203 pag.
1745 1153 1821 1191 353
1846 1152 1892 1190 de
1914 1151 2057 1190 unione

1105 1216 1208 1254 inter
1231 1217 1449 1255 Romanam
1473 1218 1511 1252 et
1537 1215 1733 1253 Graecam
1762 1214 1983 1253 Eccleszam
2013 1215 2057 1253 il-

1106 1279 1293 1317 lustravit
1317 1277 1538 1316 Cardinalis
1560 1276 1758 1316 Johoennes
1777 1277 1824 1315 dc
1844 1277 2057 1316 Turrecre-

1103 1344 1243 1388 mata,
1288 1340 1447 1378 Ordinis
1484 1340 1829 1388 Praedicatorum,
1869 1342 1935 1390 qui
1979 1340 2053 1378 An.

1105 1403 1221 1442 4468.
1250 1403 1300 1441 26
1331 1402 1577 1453 Septembris
1611 1402 1716 1440 diem
1759 1403 1864 1440 obiit.
1896 1404 2056 1441 Praeter

1104 1465 1298 1504 editiones
1329 1467 1367 1502 in
1396 1464 1507 1503 Actis
1532 1465 1693 1504 Concilii
1718 1465 1945 1512 morentini,
1969 1475 2057 1515 pro-

1104 1527 1176 1566 diit
1198 1528 1376 1566 Venetiis
1399 1528 1515 1575 4564,
1534 1528 1571 1565 4.
1594 1527 1816 1566 Adeundus
1832 1529 1953 1566 etiam
1975 1526 2057 1565 An-

1105 1591 1238 1628 tonius
1268 1589 1522 1628 Florentinus
1552 1590 1589 1627 in
1621 1600 1779 1628 summa
1818 1590 1955 1627 histor.
1993 1591 2052 1627 tit.

1105 1653 1230 1692 XXII.
1261 1663 1344 1703 cap.
1378 1653 1418 1690 44
1457 1656 1551 1690 tom.
1583 1652 1604 1689 3
1635 1663 1721 1702 pag.
1753 1652 1856 1699 529,
1888 1663 1971 1702 seq.
2000 1652 2055 1689 De

1106 1726 1228 1753 numo
1255 1715 1424 1764 Eugenii
1450 1714 1510 1752 IV.
1537 1715 1613 1752 An.
1639 1714 1740 1753 4439
1764 1725 1861 1752 cuso
1883 1715 1921 1751 in
1944 1715 2057 1752 unio-

1104 1788 1196 1816 nem
1228 1777 1415 1826 Latinae7
1445 1776 1618 1814 Graecae
1647 1781 1688 1814 et
1716 1775 1950 1814 Armenicae
1986 1776 2059 1814 Ec.-

1107 1840 1276 1886 etesiae,
1298 1837 1389 1876 vide
1415 1839 1457 1876 V.
1476 1839 1518 1876 C.
1543 1839 1708 1876 Joannis
1724 1838 1887 1876 Davidis
1904 1838 2057 1876 Koeleri

1107 1900 1268 1939 delicias
1311 1900 1521 1938 historicas
1555 1901 1858 1938 numismaticas
1887 1904 1982 1937 tom.
2023 1901 2057 1936 4.

1106 1974 1193 2013 pag.
1223 1962 1287 2000 73.
1317 1963 1529 2001 Decretum
1561 1960 1607 1999 de
1634 1960 1914 2000 Armeniorum
1958 1961 2056 2000 Con-

1107 2024 1265 2074 cordia,
1294 2024 1399 2076 apud
1429 2025 1701 2064 Cherubinum
1730 2030 1792 2063 est
1821 2026 1929 2064 XIX.
1965 2036 2052 2075 pag.

1107 2087 1183 2125 355
1212 2098 1303 2125 cum
1334 2089 1478 2138 septem
1515 2085 1776 2124 artz’colorum
1817 2085 2055 2124 declaratio-

1105 2160 1164 2187 ne.
1189 2149 1241 2187 Et
1265 2147 1312 2186 de
1335 2147 1556 2187 Concordia
1578 2146 1853 2186 Jacobitarum
1875 2149 1912 2186 in
1937 2149 2059 2198 AEgy-

1106 2216 1172 2262 pto
1190 2241 1199 2259 ,
1223 2212 1368 2250 XXIII.
1394 2222 1479 2261 pag.
1506 2211 1594 2250 364.
1617 2211 1718 2258 Ejus
1745 2208 1892 2248 librum
1922 2213 2062 2248 contra

1103 2272 1292 2312 Bohemos
1328 2276 1367 2311 et
1399 2272 1620 2322 Hussitas,
1660 2284 1781 2323 quem
1822 2273 2060 2311 Franciscus

1102 2337 1245 2387 Pagius
1276 2340 1373 2374 tom.
1406 2336 1427 2373 4
1459 2334 1507 2374 de
1549 2336 1646 2373 vitis
1690 2334 1928 2373 Pontificum
1971 2345 2057 2385 pag.

1103 2399 1180 2437 650
1212 2402 1439 2445 memorat,
1479 2408 1556 2435 non
1602 2398 1765 2435 memini
1803 2407 1867 2434 me
1910 2395 2059 2434 videre.

1102 2461 1314 2498 Decretum
1327 2462 1468 2497 contra
1486 2455 1747 2496 Fratricellos
1764 2457 1869 2508 apud
1888 2457 2059 2506 Raynal-

1102 2521 1197 2560 dum
1227 2520 1274 2558 ad
1297 2520 1372 2558 An.
1404 2520 1505 2559 4430
1537 2532 1574 2557 n.
1605 2520 1669 2558 24.
1697 2530 1782 2569 pag.
1816 2517 1904 2557 407.

1156 2582 1176 2602 ³⁸*
1203 2583 1287 2620 Non
1325 2586 1387 2619 est
1430 2581 1493 2620 hic
1535 2579 1826 2632 praetereunda
1856 2581 2058 2618 annotatio

1099 2643 1295 2695 quaedam
1313 2643 1566 2682 manuFelini
1586 2642 1785 2691 descripta
1808 2643 1844 2678 in
1866 2641 1944 2680 fine
1961 2641 2056 2680 Cod.

1102 2707 1175 2746 422
1201 2707 1238 2743 in
1265 2706 1352 2744 eius
1380 2704 1650 2750 Bibliotheca,
1676 2703 1879 2753 Euqenius
1914 2703 1970 2742 IV
1989 2715 2053 2742 an.

1100 2768 1204 2807 4454
1230 2765 1452 2804 Florentiae
1475 2765 1624 2804 dicitur
1645 2763 1787 2817 fecisse
1815 2765 2056 2804 constitutio-

1095 2842 1183 2868 nem
1204 2829 1251 2868 de
1274 2827 1408 2868 multis
1444 2827 1557 2881 festis
1587 2839 1663 2866 non
1685 2825 1963 2876 observandis,
1985 2839 2053 2865 nec

1095 2904 1172 2930 non
1199 2895 1235 2930 et
1262 2890 1309 2929 de
1338 2890 1473 2930 multis
1502 2889 1606 2929 aliis.
1632 2891 1735 2929 Haec
1756 2901 1963 2940 nunquem
1989 2902 2052 2929 me

1097 2955 1185 2993 alibi
1217 2955 1360 3004 legisse
1391 2953 1602 2993 succurrft.

1150 3015 1407 3055 EUGENIUS
1443 3014 1606 3054 Helladii
1651 3013 1902 3065 discipulus,
1948 3016 2052 3054 inter

1098 3079 1308 3117 Toletanos
1337 3078 1553 3127 Episcopos
1582 3077 1736 3127 primus
1765 3076 1837 3114 hoc
1869 3078 2048 3127 nomine,

1099 3140 1333 3190 subscripsit·
1362 3139 1546 3178 Conciliis
1578 3139 1777 3177 Toletanis
1815 3140 1872 3187 V,
1913 3144 1953 3178 et
1983 3141 2046 3178 VI.

1154 3245 1185 3284 a)
1210 3244 1359 3276 Nicotaus
1399 3246 1564 3276 Antonius
1594 3248 1673 3275 tom.
1699 3243 1727 3276 1.
1750 3244 1974 3276 Bibliothecae
1995 3247 2054 3276 Hi-

1094 3303 1216 3336 spanae
1243 3303 1317 3334 pag.
1344 3293 1417 3327 ⁶281.
1449 3293 1613 3326 Arnoldus
1649 3296 1741 3326 Wion
1778 3298 1859 3327 tom.
1895 3295 1926 3328 2.
1966 3295 2046 3336 ligni

1095 3348 1186 3377 Vitae
1214 3352 1288 3383 pag.
1311 3343 1382 3375 568.
