2500 4009
437 230 511 266 &zio

436 300 734 340 testimonium,
760 295 982 346 cupiditas,
1012 295 1223 345 detractio,
1253 298 1383 346 dolus,

440 360 622 409 superbia
640 389 650 404 ‚
678 357 848 404 malitia,
873 357 1101 404 temeritas,
1130 358 1385 410 improbitas,

428 418 855 469 Jactant.ia,contentio,
873 418 1084 467 simulatio,
1101 420 1386 471 maliloquium,

436 491 545 518 amor
574 480 791 529 pecuniae,
832 480 1034 530 impietas,
1066 484 1106 518 et
1136 492 1253 521 omne
1282 482 1386 532 quod

436 540 579 579 alienat
609 551 629 578 a
660 540 839 580 doctrina
862 541 957 580 DEl.
983 541 1223 582 JUSTlTIAE
1252 548 1385 582 autem

433 612 548 651 opera
565 606 660 640 sunt
678 601 793 641 haec:
813 603 1079 653 semperDEO
1095 605 1241 655 gratias
1256 616 1385 656 agere,

434 663 516 700 DEI
558 663 732 701 cultores
762 674 913 711 amare,
944 667 1093 703 nemini
1123 677 1281 716 nocere,
1313 678 1386 706 nec

435 725 671 763 contristare
702 736 950 776 quenquam,
974 726 1117 778 pudice
1140 728 1294 776 vivere,
1314 730 1388 767 mi-

431 785 671 824 sericordem
718 798 834 835 esse,
868 789 1092 838 proximum
1122 800 1241 829 suum
1283 793 1387 830 sicut

433 849 610 898 seipsum
641 848 826 899 diligere,
859 852 1083 889 esurientes
1111 856 1311 903 saturare,
1335 855 1387 891 si-

434 910 627 948 tientibus
648 916 784 961 potum
802 911 907 960 dare,
929 912 1058 952 nudos
1073 915 1234 962 vestire,
1256 914 1387 965 hospi-

432 971 552 1010 talem
582 983 672 1011 esse
701 978 740 1012 et
770 973 1017 1024 humanum,
1048 979 1088 1013 et
1117 975 1386 1027 indigentibus

429 1034 602 1072 tribuere
625 1046 717 1073 cum
740 1035 935 1074 hilaritate

486 1095 567 1133 Noli
591 1106 680 1134 esse
696 1107 858 1136 amarus
870 1097 932 1135 his
952 1099 1018 1147 qui
1038 1099 1074 1136 in
1097 1100 1256 1139 tristitia
1277 1106 1385 1140 sunt.

487 1156 615 1195 Omne
639 1157 743 1207 quod
768 1160 941 1209 pertinet
965 1160 1013 1198 ad
1034 1160 1232 1211 justitiam
1260 1163 1331 1202 fac.

487 1219 611 1267 Leges
641 1218 845 1258 hominum
877 1225 921 1259 ut
950 1220 1067 1260 homo
1096 1227 1235 1273 utere,
1264 1229 1304 1262 ct
1333 1225 1386 1263 le.-

431 1291 519 1331 gem
540 1281 624 1319 DEI
657 1285 700 1319 ut
728 1282 826 1321 DEI.
1330 1283 1332 1285 ’

481 1341 564 1380 Noli
582 1341 761 1382 invidere
784 1343 911 1382 bono:
938 1356 1015 1384 non
1046 1347 1152 1385 enim
1183 1348 1384 1388 immorta-

429 1402 475 1441 lis
504 1413 560 1441 es.

480 1465 592 1504 Sicut
615 1466 777 1505 lucerna
799 1467 945 1508 ardens
975 1470 1027 1509 ita
1052 1474 1155 1509 esto:
1186 1476 1226 1509 et
1254 1472 1383 1523 Ange-

431 1527 493 1565 lus
521 1528 606 1566 DEI
637 1529 854 1568 vocaberis.
1304 1572 1315 1582 ,

482 1589 585 1628 Cum
615 1593 856 1630 conscientia
888 1593 988 1631 mala
1020 1594 1096 1632 noli
1129 1594 1317 1635 accedere
1333 1597 1381 1635 ad

429 1652 645 1690 orationem
667 1666 675 1691 z
701 1653 1030 1694 condemnaberis
1059 1658 1164 1696 enim
1185 1669 1255 1708 per
1271 1662 1381 1698 tuam

428 1715 729 1753 conscientiam.
782 1716 988 1756 Confessio
1036 1721 1187 1769 peccati
1223 1721 1382 1760 initium

432 1779 493 1812 est
525 1775 678 1814 salutis.

485 1838 660 1888 Supplex
698 1843 784 1877 esto
807 1839 909 1878 DEO
945 1852 1129 1892 semper-3
1153 1847 1194 1881 et
1231 1844 1288 1883 sic
1311 1855 1382 1895 age

428 1903 470 1937 ut
494 1899 851 1950 irreprehensibilis
877 1902 1070 1942 habearis.

479 1962 686 2001 Neminem
724 1964 826 2002 male
851 1964 955 2014 loqui
987 1967 1208 2016 permittas,
1249 1979 1298 2006 ne
1336 1973 1381 2007 ut

427 2023 555 2062 fautor
576 2025 791 2064 iniustitiae
816 2025 1007 2065 habearis.

481 2085 698 2125 Absentem
720 2087 797 2125 noli
819 2087 1104 2128 condemnare:
1127 2095 1379 2140 praesente-m

427 2144 535 2194 juste
555 2149 699 2197 accipe.

481 2208 541 2245 Ex
565 2211 811 2258 argumentis
836 2210 910 2247 noli
935 2211 1227 2259 condemnare,
1258 2224 1307 2252 ne
1336 2218 1375 2251 et

429 2274 472 2307 tu
494 2268 786 2318 condemneris,
818 2272 909 2320 quia
943 2271 1154 2322 displicent
1192 2274 1293 2313 DEO
1321 2279 1378 2313 ta-

428 2330 504 2374 lia;
541 2335 579 2368 et
623 2331 819 2380 quomodo
863 2333 926 2371 vis
966 2333 1090 2372 videri
1134 2346 1275 2386 agere,
1321 2336 1377 2376 sic

425 2391 568 2440 judica.

480 2455 680 2494 Mulierem
704 2457 740 2493 in
763 2456 1037 2497 testimonium
1060 2459 1134 2497 noli
1161 2460 1346 2510 recipere.

1512 298 1639 337 Omne
1661 304 1865 350 peccatum
1888 303 2044 354 indulge.
2068 305 2127 353 a),
2153 307 2309 355 praeter
2338 305 2405 343 ho-

1461 360 1663 400 micidium
1686 366 1726 400 et
1751 362 2004 403 adulterium.

1512 421 1702 473 lnjuriam
1724 423 1881 462 facienti
1918 425 1994 463 noli
2017 428 2263 475 consentire,
2288 428 2412 467 ne-si-

1458 488 1527 523 cut
1548 483 1705 534 adjutor
1726 483 1942 535 injustitiae
1962 487 2152 535 puniaris:
2174 499 2294 538 quem
2315 499 2410 527 vero

1459 545 1751 595 reprobaveris,
1777 546 1828 583 sit
1848 545 1917 584 tibi
1941 547 2054 596 quasi
2075 548 2248 598 ignarus.

1512 605 1657 644 Servos
1681 611 1725 646 ut
1748 606 1849 645 tilios
1877 608 2034 646 enutri:
2055 608 2161 660 apud
2196 611 2409 651 Dominum

1457 668 1563 706 enim
1603 668 1790 719 aequales
1819 673 1939 718 sunt,
1987 669 2080 720 quia
2107 680 2297 721 personas
2327 683 2404 711 non

1457 730 1609 781 accipit.
2040 727 2048 732 ‘

1513 791 1640 842 Super
1663 802 1892 832 mensuram
1902 791 1998 831 nihil
2014 792 2217 842 feceris,et
2226 795 2405 845 superbis

1459 852 1535 890 noli
1545 853 1742 904 conjungi,
1752 865 1800 892 ne
1812 855 1965 893 amicus
1985 854 2202 904 injustitiae
2222 854 2413 896 habearis.

1511 915 1646 952 Facies
1667 916 1869 954 seniorum
1893 925 2052 966 semper
2071 915 2252 966 inquire,
2276 920 2322 956 ut
2349 917 2412 956 in-

1457 976 1625 1015 struaris
1664 976 1798 1015 verbis
1833 987 1995 1016 eorum:
2033 977 2260 1028 sapientum
2301 978 2409 1017 enim

1459 1047 1605 1076 sensus
1630 1037 1734 1088 pleni
1756 1043 1852 1077 sunt
1875 1038 2070 1078 fructibus
2095 1039 2212 1078 vitae.

1511 1100 1661 1138 Ducem
1700 1101 1805 1139 vitae
1849 1104 1942 1139 tuae
1976 1104 2022 1140 ut
2058 1099 2199 1140 DEUM
2237 1100 2360 1141 habe:
2390 1112 2413 1140 a

1458 1162 1559 1201 DEO
1593 1162 1700 1200 enim
1736 1161 1805 1200 tibi
1829 1163 1980 1202 missus
2003 1166 2066 1201 cst
2086 1166 2131 1202 ut
2154 1162 2346 1202 salveris:
2370 1167 2410 1201 et

1460 1225 1498 1261 in
1539 1224 1646 1262 omni
1689 1222 1913 1263 substantia
1950 1228 2020 1264 tua
2055 1225 2287 1276 participem
2315 1236 2409 1265 eum

1457 1284 1572 1323 habe:
1599 1285 1667 1335 qui
1691 1285 1798 1323 enim
1837 1286 1876 1324 in
1901 1285 2047 1325 divinis
2080 1289 2121 1325 te
2158 1287 2408 1338 compartici-

1457 1352 1539 1398 pat,
1565 1347 1683 1386 debet
1706 1348 1751 1384 in,
1770 1346 1957 1387 humanis
1980 1349 2181 1400 particeps
2203 1359 2307 1388 esse.

1510 1410 1650 1448 Misero
1675 1411 1752 1449 noli
1782 1410 2033 1462 exprobrare,
2057 1421 2107 1450 ne
2129 1414 2171 1450 et
2204 1413 2251 1450 tu
2272 1421 2412 1462 expro-

1458 1471 1617 1509 brabilis
1641 1472 1824 1511 efficiaris
1845 1486 1853 1510 :
1878 1473 1982 1511 circa
2005 1482 2146 1512 omnes
2173 1472 2281 1511 enim
2309 1471 2414 1522 judi-

1459 1525 1565 1571 cium
1590 1533 1675 1572 DEI
1699 1538 1780 1583 est,
1805 1538 1845 1573 et
1870 1539 1915 1573 ut
1934 1533 2091 1584 justum
2113 1537 2177 1574 est
2190 1532 2357 1584 judicat.

1511 1595 1816 1635 Misericordiam
1839 1596 1987 1634 faciens
2009 1596 2202 1635 absconse
2218 1589 2346 1645 facito,
2370 1600 2410 1635 et

1456 1667 1533 1694 non
1568 1657 1790 1696 confundes
1830 1669 2040 1709 personam
2083 1661 2206 1697 tuam.
2244 1658 2283 1698 Si
2314 1658 2409 1698 facis

1455 1721 1499 1755 ut
1522 1717 1571 1755 ab
1594 1718 1680 1756 aliis
1702 1719 1857 1769 publice
1879 1718 2073 1765 videaris,
2097 1723 2138 1758 et
2161 1723 2206 1758 ut
2229 1719 2410 1770 magnifi-

1455 1781 1557 1818 ceris
1577 1780 1625 1818 ab
1648 1779 1876 1820 hominibus
1895 1810 1904 1831 ‚
1924 1781 2022 1820 nibil
2046 1780 2115 1820 tibi
2137 1779 2323 1832 proderit.

1509 1841 1690 1880 Adorans
1710 1843 1924 1881 Dominum
1947 1847 2101 1882 secreto
2121 1841 2252 1891 adora,
2271 1846 2314 1882 et
2330 1843 2408 1882 noli

1457 1904 1666 1942 notabilem
1689 1904 1819 1943 locum
1842 1905 2005 1956 eligere,
2029 1905 2180 1956 ubique
2209 1905 2315 1944 enim
2345 1909 2408 1944 est

1454 1966 1610 2014 DEUS,
1653 1970 1693 2004 et
1739 1966 1964 2017 ubicunque
2006 1968 2215 2007 invocatus
2257 1966 2402 2017 fuerit,

1453 2026 1577 2066 adest.
1599 2027 1783 2074 Quotidie
1806 2032 1942 2068 autem
1966 2028 2020 2068 illi
2043 2029 2191 2080 gratias
2217 2039 2316 2079 age,
2344 2028 2403 2067 vi-

1454 2089 1580 2139 gilans
1603 2093 1644 2127 et
1663 2089 1891 2139 dormiens,
1913 2094 1956 2130 ut
1979 2091 2191 2141 propitium
2211 2101 2306 2130 eum
2334 2089 2404 2129 ha·

1453 2150 1571 2199 beas,
1602 2156 1643 2188 et
1671 2150 1867 2191 desideria
1886 2155 1954 2191 tua
1989 2152 2164 2203 impleat.
2192 2152 2244 2191 Et
2282 2161 2403 2190 orans

1452 2211 1529 2249 noli
1566 2212 1738 2250 multum
1776 2212 1880 2262 loqui
1900 2242 1908 2261 ,
1948 2212 1984 2261 b)
2028 2223 2078 2251 ne
2107 2212 2231 2252 stulto
2259 2211 2401 2251 similis

1450 2272 1640 2311 habearis.
1671 2274 1754 2312 Scit
1781 2275 1888 2313 enim
1911 2273 2044 2314 DEUS
2073 2275 2285 2325 petitiones
2308 2278 2399 2314 tuas

1448 2340 1661 2384 antequam
1672 2339 1839 2386 petas,et
1858 2347 1959 2387 quae
1974 2337 2124 2388 cogitas
2139 2347 2217 2375 non
2234 2336 2399 2388 ignorat.

1503 2421 1535 2461 a)
1559 2421 1639 2453 Data
1662 2421 1759 2455 venia
1782 2422 1935 2464 capitalis
1958 2422 2128 2464 supplicii.

1501 2470 1537 2511 b)
1559 2472 1674 2506 matth.
1703 2475 1754 2505 vi.
1777 2474 1808 2506 7.
