2500 4009
376 230 452 270 182

375 300 466 338 bere
491 301 638 338 incerta
661 295 802 335 eruditi
826 294 899 331 viri
937 291 1067 332 llut‘tii
1099 286 1325 341 conjectura

376 373 462 412 pag.
488 362 564 399 2:32
588 359 852 405 Origenianor.

429 421 700 461 BELLlSAllll
719 418 952 456 Scholastici
969 418 1006 455 in
1017 416 1326 456 SeduliuniPoe—

375 490 454 522 tam
483 493 624 520 versus
655 480 878 525 acrostichi,
911 480 978 530 qui
1002 480 1139 530 primis
1160 483 1200 516 et
1237 478 1327 516 ulti—

375 548 448 584 mis
474 545 611 582 lituu-is
635 543 693 580 bis
709 542 879 581 reddunt
903 542 973 581 has
988 552 1126 583 voces:
1143 539 1327 579 Sedulius

373 607 555 644 :incestos
580 604 673 643 editi
697 616 718 643 a
742 604 960 643 Mabillonio
993 608 1087 641 tom.
1111 604 1123 641 1
1149 602 1325 641 Analect.

375 680 458 719 pag.
476 669 544 706 361
568 671 575 715 ζ
585 667 677 705 edit.
700 678 826 705 novae
847 678 931 717 pag.
949 667 1024 705 386
1040 666 1139 716 seq.)
1156 666 1329 704 Exstant

373 741 529 779 quoque
552 730 588 767 in
614 729 708 767 Bibl.
736 731 895 768 Patrum
922 728 1041 779 Lugd.
1067 732 1094 766 t.
1118 729 1167 766 vl
1192 739 1228 778 p.
1252 726 1326 766 472

371 791 440 828 sed
467 792 517 828 ita
546 796 585 829 ut
609 792 722 841 primi
748 791 920 830 sedecim
945 801 1107 838 versus,
1125 791 1210 828 sive
1225 790 1328 840 prior

375 853 606 891 acrostichis
650 854 844 892 tribuatur
880 855 924 892 D.
965 852 1161 892 LIBERIO
1190 854 1329 891 Poetae

375 916 699 963 non.Bcllesario‚
711 916 795 953 sive
807 920 849 954 ut
866 916 914 953 ibi
931 916 1116 954 scribitur
1131 914 1326 953 Belisario.

425 978 722 1017 BELTRAML'S
750 976 796 1016 (Ie
835 975 1104 1028 Miynanellis,
1138 976 1329 1015 Senensis

373 1040 490 1091 cujus
514 1042 588 1080 MS.
611 1044 795 1079 servatur
820 1041 856 1078 in
881 1039 1120 1078 Bibliotheca
1139 1039 1330 1077 Caesarea

372 1108 474 1141 teste
500 1104 703 1142 Lambecio
739 1108 832 1141 tom.
858 1103 890 1141 11
925 1113 1009 1153 pag.
1036 1101 1124 1140 977.
1154 1098 1332 1138 Historia

372 1176 561 1204 ascensus
582 1165 773 1213 Barcoch,
799 1165 817 1186 ³*
843 1165 948 1202 servi
972 1163 1149 1210 venditi,
1173 1160 1227 1200 ad
1247 1160 1332 1212 api-

373 1240 454 1266 cem
480 1227 718 1267 soldanatus
742 1228 903 1278 AEgypti
927 1231 967 1264 et
987 1226 1141 1276 Syriae,
1169 1225 1236 1274 qui
1266 1234 1331 1274 po-

374 1296 459 1329 stea
483 1291 703 1341 appellatus
728 1291 799 1329 fuit
823 1288 961 1328 Beseid
986 1287 1159 1327 Barcoch
1182 1286 1330 1326 Melech

375 1353 557 1397 lildabar.
579 1353 776 1405 descripta
798 1351 932 1391 Latine
953 1363 979 1388 a
998 1348 1175 1397 Belo-am
1193 1347 1239 1386 (Ie
1257 1347 1332 1387 Μί-

373 1414 567 1465 ῃηιιηθῖίίε
590 1415 636 1454 (le
676 1415 843 1455 Ciuitate
867 1416 1064 1453 ὅρηαι-1οη
1100 1410 1333 1450 Provinciae

383 1478 561 1516 Tusciae.
586 1477 625 1515 in
651 1477 819 1517 civitate
858 1474 1109 1515 Constantiae
1142 1472 1332 1512 Alaman-

380 1540 488 1578 niae.
512 1539 745 1578 Pro-vinciae
767 1537 1020 1588 ,llayuntiiiae
1041 1547 1143 1573 (ιηηο
1179 1533 1335 1572 Domini

373 1602 644 1642 ,lICCCCXVI
671 1605 840 1652 tempore
868 1599 982 1639 sacri
1017 1596 1184 1639 Concelii
1211 1597 1331 1634 Gene-

377 1664 490 1703 ralis.

429 1727 742 1766 BENEDICTUS
766 1727 779 1764 l
801 1726 1020 1776 Episcopus
1052 1723 1254 1760 Romanus
1282 1721 1331 1758 ab

373 1790 489 1827 Anno
514 1790 590 1827 5755
614 1790 704 1827 .lun.
734 1790 780 1827 16
802 1787 849 1826 ad
876 1788 918 1826 11
944 1786 1112 1833 August.
1147 1782 1221 1821 An.
1254 1781 1328 1821 579

370 1863 419 1889 cu
422 1851 488 1900 jus
499 1852 655 1888 nomine
673 1851 796 1888 fertur
811 1846 988 1899 Epistola
1003 1845 1329 1890 decretalismen·

371 1912 492 1951 ditata
515 1913 564 1951 ab
602 1911 746 1950 Isidoro
767 1906 994 1954 Mercatore,
1019 1919 1138 1959 quam
1161 1907 1328 1957 scripse-

373 1976 423 2013 rit
445 1975 493 2014 ad
523 1974 713 2014 Davidem
756 1975 994 2024 Episcopum
1033 1972 1250 2020 llispanum
1280 1967 1326 2006 cle

374 2038 524 2076 unitate
551 2038 589 2075 in
608 2039 647 2076 S.
677 2035 876 2074 Trinitate.
909 2033 1003 2073 Vide
1024 2031 1211 2071 Blondelli
1237 2032 1329 2068 Pse-

376 2099 464 2138 udo.
491 2098 683 2136 lsidorum
707 2109 743 2147 p.
769 2098 857 2135 619.

429 2160 741 2198 Blimibttsscs
766 2159 796 2195 ll
821 2157 869 2195 ab
893 2156 966 2195 An.
989 2156 1081 2204 684,
1108 2156 1155 2194 14
1176 2154 1263 2204 Maji
1279 2154 1326 2192 ad

377 2222 400 2259 7
417 2221 502 2270 Maji
517 2221 590 2260 An.
609 2222 696 2259 6835.
718 2220 765 2258 de
782 2230 859 2269 quo
876 2219 973 2257 Acta
989 2221 1222 2257 Sanctorum
1244 2227 1331 2265 sep-

377 2285 472 2320 timo
496 2283 581 2334 Maji
606 2287 698 2320 tom.
726 2283 756 2320 ll
779 2294 813 2332 p.
841 2282 915 2320 196
951 2292 1033 2330 seq.
1055 2281 1113 2319 Ex
1144 2277 1331 2330 Epistolis

377 2344 532 2383 duobus
556 2356 656 2395 quae
683 2346 718 2382 in
743 2344 1006 2382 (loncilioruni
1033 2343 1149 2380 tomis
1173 2342 1330 2391 saepius

378 2407 570 2458 prodiere⁷
613 2408 782 2457 priorem
815 2405 869 2444 ad
913 2406 1100 2453 Petrum,
1134 2406 1333 2441 notarium

381 2469 651 2520 reqionarium
686 2482 754 2519 pro
777 2470 947 2516 genuina
972 2468 1088 2506 habet
1111 2465 1335 2504 Ludovic-us

379 2532 547 2571 jacobus
573 2534 608 2570 in
641 2531 735 2569 Bibl.
763 2532 960 2569 Pontiiicia
990 2542 1075 2580 pag.
1101 2529 1150 2566 20
1188 2532 1229 2565 et
1257 2526 1337 2576 Ag-

375 2597 518 2633 virrius
539 2600 632 2633 tom.
656 2596 686 2632 ll
711 2593 858 2632 Concil.
877 2594 1034 2643 llispan.
1053 2603 1138 2641 pag.
1155 2590 1232 2629 716
1250 2601 1337 2640 pro-

381 2658 525 2706 batque
546 2657 742 2694 Antonius
767 2657 855 2705 Pagi
879 2654 927 2693 ad
952 2655 998 2692 A.
1023 2653 1098 2691 684
1139 2664 1246 2691 num.
1269 2652 1335 2690 IX.

382 2720 515 2757 Altera
551 2717 604 2756 aa
638 2717 861 2768 Erot'ssium,
891 2715 1176 2766 Visiqotlzorum
1199 2716 1339 2764 Reyem

385 2782 524 2826 legitur
548 2783 685 2830 quinta
716 2779 1030 2829 inter1‹‘.pistolas
1052 2778 1192 2816 Leonis
1214 2778 1245 2815 ll
1268 2777 1339 2815 Pa—

387 2856 467 2892 pae.
494 2843 690 2893 lipistolae
717 2841 836 2891 hujus
863 2840 1060 2879 Benedicti
1083 2839 1138 2878 ad
1177 2838 1338 2890 Episco-

383 2917 454 2954 pos
479 2905 674 2955 Hispanos
698 2906 866 2954 scriptae
890 2904 938 2941 de
959 2902 1118 2942 tuendis
1140 2903 1259 2941 certis
1277 2913 1341 2941 ca-

391 2968 539 3017 pitulis.
566 2969 710 3005 mentio
736 2968 770 3003 in
797 2967 967 3004 Concilio
988 2966 1173 3004 Toletano
1197 2965 1267 3004 XV
1293 2963 1340 3003 A.

391 3032 479 3066 tit-48.
505 3030 646 3067 Confer
668 3030 807 3067 iterum
831 3030 989 3074 l'agium
1014 3027 1061 3066 ad
1085 3027 1129 3066 A.
1147 3028 1224 3066 (385
1252 3038 1287 3064 n.
1306 3028 1342 3065 6.

447 3092 755 3129 tilssxlitittll'cs
780 3092 828 3128 lll
854 3091 902 3129 ab
925 3090 969 3128 A.
990 3091 1066 3129 855
1096 3089 1294 3141 Septemb.
1320 3091 1334 3128 1

396 3151 441 3187 :nl
469 3154 574 3190 >lai-t.
600 3156 646 3192 10
669 3154 741 3192 An.
764 3154 851 3191 8538,
883 3152 1007 3202 liujus
1033 3153 1227 3203 lipistolae,
1248 3162 1343 3201 qua-

399 3350 410 3380 1
455 3302 465 3311 ”
485 3304 543 3332 An.
577 3302 666 3335 1382.
689 3303 768 3334 vidv
799 3302 960 3335 llerbeloti
982 3304 1064 3335 ltibl.
1089 3304 1245 3336 (triental.
1272 3311 1346 3344 pag.

416 3350 456 3381 >⁴7
475 3358 542 3389 seq.

1141 221 1593 262 BELLlSARlI

1398 296 1488 331 tuor
1510 296 1671 332 exstant
1705 294 1743 332 in
1783 291 2047 333 Conciliorum
2082 293 2214 332 tomis.
2253 289 2352 334 dnae

1397 355 1546 404 priores
1568 357 1686 394 etiam
1725 354 1828 406 apud
1865 355 2075 393 Baronium
2113 355 2161 393 ad
2192 355 2351 395 Annum

1399 416 1474 455 853
1498 428 1535 455 n.
1562 418 1610 456 15
1633 422 1673 455 et
1697 417 1740 456 A.
1765 416 1842 455 726
1867 428 1904 454 n.
1926 416 1976 454 23
1992 420 2110 466 atque
2128 417 2165 454 in
2181 417 2355 456 Sirmon-

1398 477 1436 517 di
1461 478 1644 518 Conciliis
1667 478 1813 516 Galliae
1843 481 1936 514 tom.
1962 478 2010 515 lli
2042 488 2128 528 pag.
2161 478 2235 517 107
2270 489 2353 528 seq.

1401 540 1440 588 1)
1464 539 1518 578 ad
1538 540 1800 578 Hincmaram
1817 539 2054 577 Remensem
2072 550 2150 589 qua
2171 539 2356 589 Synodus

1400 602 1432 640 ll
1457 601 1757 640 Svessionensis
1780 600 1826 639 A.
1846 600 1922 638 853
1941 599 2136 638 celebrata
2150 600 2359 639 confirma-

1398 668 1475 702 tur.
1497 664 1538 713 2)
1562 662 1616 701 ad
1637 661 1850 714 Episcopos
1874 660 1915 698 in
1934 670 2054 710 reyno
2099 660 2238 700 Caroli
2269 672 2358 700 con-

1397 725 1571 772 stitutos,
1591 724 1786 763 adversus
1823 720 2046 761 Hubercum
2077 716 2277 761 clericum.
2307 723 2357 770 3)

1398 787 1452 825 ad
1471 786 1684 837 Episcopos
1709 783 1933 823 Galliarum
1950 785 1988 822 in
2016 784 2354 824 confirmationem

1400 849 1693 900 privilegiorum
1715 845 1920 896 Corbejae:
1944 846 2049 885 edita
2058 847 2231 897 primum
2246 857 2269 886 a
2283 848 2358 886 Da-

1401 910 1532 949 cherio
1556 914 1662 948 tomo
1684 910 1732 948 Vl
1752 909 1926 959 spicileg.
1951 919 2037 959 pag.
2062 907 2138 947 397
2159 907 2270 959 (edit.
2289 920 2359 948 no-

1401 983 1474 1010 vae.
1494 977 1587 1010 tom.
1609 972 1659 1010 lll
1684 982 1770 1022 pag.
1791 970 1886 1019 343)
1903 974 1944 1009 et
1965 970 1986 1008 4
2019 968 2073 1008 ad
2095 968 2360 1009 Hludovicum

1401 1031 1592 1072 Abbatem
1615 1032 1908 1081 monachosque
1927 1032 2155 1070 monasterii
2178 1031 2361 1071 SS.Mar—

1404 1100 1553 1146 tyrum,
1575 1096 1769 1145 Dionysii,
1794 1095 1943 1134 Rustici
1966 1098 2007 1133 et
2028 1093 2261 1133 Elcvtherii.

1456 1159 1739 1198 BEMJICTUS
1764 1158 1811 1197 lV
1835 1157 1883 1196 ab
1906 1155 1982 1196 An.
2005 1155 2082 1195 900
2105 1156 2231 1195 Martii
2254 1155 2278 1196 2
2308 1154 2358 1194 ad

1404 1221 1512 1272 Sept.
1536 1222 1583 1260 16
1607 1220 1682 1259 An.
1706 1220 1796 1259 904.
1819 1218 1946 1270 liujus
1977 1218 2177 1270 Epistolae
2200 1217 2301 1258 duae
2320 1218 2359 1256 in

1404 1285 1522 1322 tomis
1545 1282 1806 1322 Conciliorum
1831 1282 2035 1333 leguntur,
2073 1292 2154 1321 una
2179 1279 2234 1319 ad
2269 1278 2362 1319 Gal-

1404 1344 1552 1384 liarum
1574 1345 1786 1397 Episcopos
1809 1348 1845 1383 et
1859 1343 2063 1396 Principes
2085 1344 2126 1382 in
2144 1353 2224 1394 qua
2247 1353 2361 1382 men-

1405 1409 1456 1445 tio
1480 1407 1528 1446 de
1551 1409 1724 1446 Romana
1749 1406 1906 1457 Synodo
1922 1406 1970 1445 ab
1985 1405 2124 1445 eodem
2146 1406 2248 1456 Papa
2265 1415 2360 1443 con-

1404 1476 1544 1509 vocata
1570 1471 1607 1508 in
1628 1472 1895 1509 Lateranense
1926 1468 2133 1519 palatium:
2167 1471 2209 1506 et
2235 1467 2359 1506 altera

1404 1531 1458 1571 ad
1479 1531 1629 1571 cleram
1652 1535 1690 1570 et
1704 1530 1894 1584 populum
1910 1529 2199 1581 Litiyonensem‚
2217 1538 2286 1579 pro
2302 1539 2363 1567 re·

1406 1595 1607 1634 stituendo
1636 1594 1803 1646 Argrino
1825 1594 2034 1645 Episcopo.
2069 1591 2200 1630 Tertia
2235 1589 2364 1642 Ency-

1405 1655 1505 1695 elica
1528 1669 1597 1708 pro
1640 1657 1837 1696 Mal-acono
1878 1655 2071 1705 Episcopo
2107 1664 2130 1692 a
2158 1652 2364 1691 Saracenis

1407 1720 1508 1757 male
1533 1719 1680 1767 habito,
1700 1729 1819 1769 quam
1843 1716 1965 1755 edidit
1983 1715 2228 1755 Mabillonius
2255 1718 2363 1753 tomo

1410 1783 1460 1820 Ill
1485 1781 1663 1820 Analect.
1685 1793 1773 1831 pag.
1795 1781 1870 1819 436
1894 1778 2016 1828 (edit.
2040 1789 2166 1817 novae
2187 1790 2227 1830 p.
2251 1778 2362 1828 428.)

1459 1843 1777 1891 ΒΕΜΕΙΠΟΤΗΒ
1799 1842 1830 1881 V
1855 1841 1904 1881 ab
1923 1840 1999 1880 An.
2023 1840 2114 1879 964.
2133 1838 2220 1891 Maji
2243 1841 2290 1892 19
2311 1840 2361 1880 ad

1401 1908 1564 1946 Junium
1589 1905 1769 1957 ejusdem
1798 1904 1922 1955 Anni,
1945 1902 2062 1954 cujus
2079 1902 2188 1943 nulla
2211 1903 2356 1954 scripta

1405 1969 1600 2008 seruntur.

1455 2029 1769 2069 BENEDICTUS
1802 2029 1851 2067 Vl
1875 2029 1924 2068 ab
1942 2027 2018 2067 An.
2039 2027 2115 2067 972
2131 2027 2227 2078 Sept
2239 2027 2290 2067 22
2307 2026 2357 2066 ad

1401 2091 1489 2142 Maji
1514 2093 1561 2131 14
1585 2091 1659 2130 An.
1679 2092 1755 2129 974
1791 2090 1907 2141 cujus
1930 2094 2062 2129 exstat
2098 2087 2276 2141 Epistola
2302 2087 2356 2127 ad

1401 2153 1667 2202 Fridericum,
1712 2151 2054 2203 Salisburqensem
2087 2151 2325 2204 Episcopum
2344 2182 2355 2200 ,

1403 2228 1479 2267 qua
1499 2218 1569 2267 ipsi
1587 2215 1754 2267 ejusque
1769 2214 2066 2254 successoribus
2081 2215 2190 2252 vices
2209 2224 2304 2252 suas
2320 2214 2359 2251 in

1403 2281 1541 2320 Norica
1579 2284 1619 2318 ct
1646 2279 1867 2317 Pannonica
1891 2276 2085 2316 concedit.
2101 2275 2197 2315 Vide
2218 2275 2360 2317 Luhbet

1405 2344 1620 2382 Conciliat.
1637 2343 1690 2380 lx
1715 2353 1752 2392 p.
1777 2340 1845 2380 711
1869 2339 2056 2379 llarduin.
2076 2343 2105 2376 t.
2120 2338 2171 2377 Vl
2193 2349 2232 2389 p.
2253 2337 2343 2376 690.

1460 2404 1776 2444 BENEDICTUS
1800 2404 1866 2442 Vll
1892 2403 1940 2441 ab
1960 2402 2035 2441 An.
2055 2399 2132 2439 975
2161 2399 2281 2451 April.
2311 2400 2363 2439 25

1406 2467 1455 2506 ad
1475 2467 1552 2506 Jul.
1576 2468 1622 2506 10
1649 2466 1725 2504 An.
1749 2465 1839 2503 984.
1861 2463 1988 2514 Hujus
2010 2460 2191 2514 Epistola
2205 2460 2259 2500 ad
2271 2459 2366 2511 Epi-

1408 2541 1543 2580 scopos
1569 2527 1805 2567 Germaniae
1828 2531 1868 2565 et
1892 2527 1929 2564 in
1955 2526 2016 2564 his
2039 2524 2087 2564 ad
2118 2523 2364 2574 Adaldagum

1409 2593 1758 2643 Archiepiscopum
1790 2591 2046 2628 Bremensem
2077 2597 2146 2638 pro
2177 2583 2366 2636 Piliqrino

1410 2655 1713 2705 Archiepiscopo
1733 2649 1997 2700 marmensi,
2021 2649 2187 2700 ejusque
2206 2646 2367 2688 Archie-
2437 2693 2443 2701 Ι

1411 2719 1632 2769 piscopatu‚
1657 2716 1819 2765 vulgata
1838 2725 1861 2753 a
1884 2714 1934 2752 W
1938 2713 2028 2763 olfg.
2058 2711 2172 2750 Lazio
2194 2709 2260 2749 lib.
2288 2709 2362 2749 XII

1411 2781 1459 2819 de
1483 2782 1575 2831 ltep.
1596 2781 1770 2818 Romana
1789 2780 1886 2816 sect.
1904 2775 1928 2814 7
1950 2785 2035 2826 cap.
2052 2774 2076 2812 8
2097 2772 2169 2812 scd
2181 2770 2368 2811 emenda-

1411 2845 1486 2881 tior
1504 2846 1544 2881 et
1565 2841 1795 2893 praemissis
1828 2837 1999 2889 Piligrini
2028 2834 2076 2875 ad
2107 2834 2363 2875 Benedictum

1412 2906 1552 2944 litteris
1575 2903 1678 2943 edita
1698 2913 1790 2941 cum
1816 2901 1919 2939 notis
1939 2911 1961 2939 a
1984 2898 2190 2938 Lambecio
2212 2900 2306 2934 tom.
2331 2895 2364 2933 11

1413 2980 1498 3019 pag.
1523 2965 1717 3005 645-649.
1740 2962 1931 3013 Ejusdem
1951 2959 2204 3013 privileqium
2223 2954 2371 2996 Abbati

1413 3026 1645 3068 monasterii
1663 3022 1952 3064 Gemblacensis
1972 3030 2207 3062 concessum
2227 3018 2274 3058 A.
2291 3018 2366 3056 983

1417 3092 1466 3131 id.
1490 3104 1529 3142 p.
1552 3091 1646 3138 901,
1670 3088 1760 3127 902.

1468 3150 1781 3192 BENEDICTUS
1803 3148 1887 3187 Vlll
1907 3147 1955 3186 ab
1978 3146 2051 3185 An.
2075 3145 2177 3185 1012
2200 3142 2278 3182 Jul.
2309 3142 2359 3182 20

1415 3216 1462 3254 ad
1496 3216 1543 3254 A.
1569 3214 1669 3253 1024
1694 3211 1808 3262 cujus
1830 3208 2028 3260 Epistolao
2065 3206 2111 3246 ad
2153 3203 2364 3246 Monachos

1415 3278 1690 3323 Cassincnses,
1715 3273 1858 3324 quibus
1883 3271 1987 3309 varia
2007 3266 2186 3308 concedit
2209 3266 2366 3318 privile-

1416 3341 1494 3389 gia7
1515 3338 1614 3390 apud
1642 3335 1738 3375 Lud.
1759 3333 1945 3373 Jacobum
1971 3344 2019 3370 ex
2045 3333 2171 3371 Leone
2194 3328 2366 3386 Ostiensi
