2500 3841
943 201 1293 242 DONATUS

178 263 200 286 *
231 263 485 302 Domnizonis
516 261 721 301 historiam
753 263 883 302 soluta
911 265 1087 304 oratione

125 327 392 375 conscriptam
416 336 466 363 ex
491 325 661 362 Lucensi
688 326 888 365 Francisci
921 328 971 365 M.
1000 328 1087 366 Flo-

126 387 271 426 rentini
303 386 438 424 codice
464 386 571 437 prior
594 387 802 438 evulgavit
828 389 1049 428 Leibnitius
1080 421 1088 440 ,

125 454 211 488 tum
236 459 285 487 ex
319 448 388 487 illo
411 449 651 488 Muratorius
676 451 764 489 Rer.
799 452 884 490 Ital.
920 456 1018 490 tom.
1043 454 1086 490 V.

123 522 211 562 pag.
232 511 322 550 389.
351 511 402 549 ibi
426 522 522 550 vero
547 518 765 552 occurrunt
786 526 831 553 ea
869 517 1003 554 omnia
1038 516 1087 555 de

124 572 347 613 virtutibus
367 577 408 612 et
427 575 662 613 castimonia
685 575 899 614 Theobaldi
924 578 1088 628 Episco-

123 637 160 687 pi
181 636 361 686 Aretini,
392 648 495 687 quae
527 637 701 677 Sandius
726 638 788 677 hic
812 640 916 690 apud
956 640 1089 679 Fabri-

123 700 230 738 cium
267 698 488 738 adnotavit.
526 701 629 738 Haec
667 705 730 739 est
771 702 890 752 igitur
924 702 1088 742 historia

122 763 384 803 Domnizonis
401 762 534 801 soluta
555 764 737 802 oratione
759 766 989 816 conscripta
1009 777 1088 804 non

123 825 286 876 quidem
312 826 398 876 ipso
412 826 663 864 Domnizone
702 825 772 864 sed
799 827 874 865 alio
901 829 1086 878 quopiam

123 888 291 928 authore
322 887 454 933 Quare
472 898 549 925 non
575 892 638 926 est
661 898 734 926 cur
758 888 962 928 Fabricius
982 889 1089 928 dicat

123 962 145 990 a
168 951 331 989 nemine
351 950 563 988 memorari
589 961 688 1000 opus
705 946 800 989 illud
829 952 1088 990 Domnizonis

125 1014 257 1052 soluta
273 1013 470 1062 oratione,
490 1024 567 1051 non
586 1013 694 1051 enim
728 1018 1087 1053 commemoratum

123 1081 213 1127 est,
245 1080 289 1115 ut
322 1087 345 1115 a
376 1077 623 1116 Domnizone
647 1077 907 1126 confectum,
941 1076 1011 1115 sed
1037 1088 1088 1115 ex

122 1140 370 1178 Domnizone
390 1140 566 1189 petitum
597 1150 798 1190 perquam
829 1139 1087 1178 notissimum

123 1205 203 1241 est.
505 1235 513 1244 ,

176 1261 414 1303 DONATUS
453 1262 683 1315 Acciajolus
700 1295 709 1313 ,
740 1275 890 1315 supra,
915 1262 1089 1305 ACCIA-

123 1326 278 1367 JOLUS
302 1329 398 1364 torn.
423 1327 458 1365 4.
484 1337 572 1376 pag.
606 1327 643 1364 3.

177 1386 315 1427 AElius
344 1387 597 1437 DONATUS,
632 1389 870 1439 Praeceptor
892 1389 930 1428 S.
955 1389 1089 1428 Hiero—

125 1452 250 1502 nymi,
275 1441 588 1498 Grammaticus,
609 1450 657 1489 de
685 1462 764 1501 quo
788 1452 827 1488 in
844 1450 1088 1490 Bibliotheca

124 1514 264 1552 Latina
288 1514 366 1562 VI,
406 1512 442 1552 7.

177 1575 415 1615 DONATUS
432 1587 452 1614 e
474 1577 514 1615 S.
538 1574 708 1626 Ayatha,
729 1577 938 1614 Provincia
962 1576 1089 1615 AEmi-

125 1639 227 1687 liae,
250 1638 411 1677 Ordinis
433 1639 655 1686 Minorum,
689 1638 913 1677 haereticae
956 1640 1089 1689 pravi-

126 1702 220 1739 tatis
240 1702 475 1752 Inquisitor,
502 1700 621 1751 cujus
645 1704 864 1740 tractatum
889 1700 1087 1740 adversus

128 1762 347 1803 haereticos
370 1763 623 1814 Waddingus
643 1776 731 1815 pag.
759 1765 834 1803 404
865 1768 1086 1812 memorat,

129 1828 247 1874 cujus
271 1827 427 1864 initium
447 1840 454 1864 :
478 1826 655 1878 Spiritus
676 1826 817 1865 Sancti
836 1825 993 1864 Gratia.

182 1887 512 1937 DONATlSTAE,
537 1890 649 1936 sive,
674 1888 780 1938 quod
807 1888 980 1927 malebat
1001 1889 1089 1936 Cre,

130 1951 291 1990 sconius
307 1950 616 2001 Grammaticus,
631 1949 925 1998 DONATIANI,
946 1961 1089 1989 nomen

131 2013 361 2053 schismatis
386 2014 701 2053 famosissimum
727 2014 763 2051 in
783 2013 915 2052 Africa
932 2013 1091 2051 saeculo

131 2080 273 2127 quarto
298 2068 544 2127 appellat-um
574 2088 596 2114 a
620 2075 836 2115 DONATO.
864 2076 1013 2114 Verum
1053 2076 1092 2113 in

129 2139 429 2178 Donatistarum
454 2138 620 2177 historia
644 2149 693 2176 ne
724 2138 824 2176 alios
845 2135 927 2186 jam
945 2148 1096 2175 memo-

130 2213 247 2248 rem,
271 2205 355 2240 tres
382 2201 564 2252 inprimis
594 2201 738 2239 Donati
769 2199 949 2239 celebres
983 2210 1096 2250 repe»

131 2263 302 2302 riuntur.
338 2265 498 2302 Primus
522 2267 661 2302 auctor
685 2263 916 2301 schismatis
939 2261 1096 2301 DONA—

132 2326 230 2364 TUS
251 2326 476 2376 Episcopus
500 2325 550 2364 de
576 2325 693 2366 Casis
707 2323 837 2376 niqris
854 2326 894 2362 in
909 2324 1095 2364 Numidia

130 2386 205 2426 An.
231 2387 386 2426 CHristi
411 2387 500 2426 343.
523 2387 624 2426 alter
639 2387 891 2438 praepollens
907 2386 1097 2436 eloquen—

131 2449 188 2487 tia
210 2453 332 2498 atque
361 2449 620 2496 auctoritate,
646 2449 819 2487 libenter
855 2459 926 2498 pro
963 2449 1092 2497 capite

130 2510 458 2550 turbulentorum
475 2521 518 2550 se
534 2510 766 2558 venditans,
792 2508 1030 2548 DONATUS
1049 2507 1094 2547 Α.

131 2574 221 2612 328.
256 2575 482 2625 Episcopus
520 2572 894 2622 Carthaginiensis:
936 2571 1095 2609 Tertius

129 2636 367 2677 DONATUS
390 2634 646 2687 Baan‘ensis,
670 2633 822 2684 Bagai,
851 2635 937 2672 sive
968 2634 1096 2683 Vaya-

130 2698 228 2749 dae,
245 2701 283 2737 in
308 2697 737 2747 NumidiaEpiscopus
758 2696 833 2734 An.
861 2697 938 2734 328
966 2696 1035 2735 fax
1055 2700 1096 2734 et

130 2762 227 2801 tuba
253 2762 396 2802 furoris
417 2759 917 2800 CIRCUMCELLIONUM.
940 2759 1001 2797 Ex
1035 2759 1096 2797 his

132 2824 257 2863 solius
281 2823 470 2863 DONATI
495 2821 828 2872 Carthaginensis
846 2821 995 2870 scripta
1012 2832 1095 2859 mc-

131 2886 278 2925 morari
305 2885 434 2936 video,
453 2889 591 2924 contra
616 2883 733 2933 cujus
756 2880 976 2933 Epistolam
1001 2884 1098 2921 scri-

130 2948 260 2999 psisse
285 2957 328 2985 se
367 2950 541 2985 testatur
573 2945 853 2995 Augustinus,
889 2944 958 2982 sed
998 2945 1097 2983 liber

131 3010 196 3049 ille
226 3009 469 3060 Augustini,
509 3010 613 3047 sicut
654 3012 693 3044 et
736 3007 798 3045 alii
837 3006 915 3044 (luo
942 3008 1095 3046 'contra

129 3075 283 3123 partem
311 3073 480 3116 Donati,
516 3069 818 3109 interciderunt.
857 3069 932 3106 Sed
976 3069 1096 3107 inter—

184 3248 219 3290 a)
243 3249 364 3281 Confer
387 3248 501 3280 Sandii
528 3248 686 3280 nucleum
712 3249 835 3279 ilistor.
860 3247 990 3281 Eccles,
1022 3256 1098 3288 pag.

129 3298 200 3331 172.
223 3300 401 3331 Potavium
424 3303 509 3330 tom.
531 3298 550 3328 ⁶2
572 3297 686 3338 dogm.
712 3297 827 3329 Theoi.
846 3298 885 3328 ile
908 3299 958 3328 ss.
978 3299 1098 3330 Trinit.

126 3353 184 3386 lib,
210 3349 225 3380 1
250 3356 323 3388 cap.
350 3347 402 3379 10.
424 3348 454 3387 S.
478 3348 509 3379 8.

2050 207 2123 247 ΠΙ

1165 275 1353 314 ciderunt
1373 275 1492 313 etiam
1515 276 1655 314 Donati
1676 277 1820 325 omnia,
1847 287 1968 327 quom
1994 278 2127 316 Hiero-

1163 348 1312 388 nymus
1336 348 1421 387 cap.
1459 338 1509 376 93
1533 343 1674 377 auctor
1694 343 1758 377 est.
1782 337 1911 377 multa
1934 339 1982 378 ad
2009 351 2124 379 suam

1161 400 1346 439 haeresin
1384 401 1628 450 pertinentia
1662 400 1880 452 opuscula,
1906 406 1946 441 et
1966 401 2014 440 de
2038 402 2113 453 Spi

1160 461 1245 500 ritu
1268 463 1413 502 Sancto
1439 461 1589 501 librum
1604 465 1815 514 scripsisse
1833 463 1980 503 Ariano
2004 465 2037 513 a)
2059 464 2129 503 do-

1162 526 1602 575 gmaticongruentem.
1618 524 1872 575 Augustinus
1889 526 2044 565 haeresi
2062 527 2125 565 69.

1161 586 1345 625 Eoestant
1368 586 1521 638 scripta
1550 588 1698 626 Donati
1710 620 1720 637 ¹.
1747 587 1820 626 ubi
1844 591 2017 640 apparet
2038 600 2128 628 eum

1163 649 1280 687 etiam
1298 661 1374 687 ‘non
1392 648 1640 689 Catholicam
1656 650 1702 689 cle
1724 651 1916 690 Trinitate
1934 649 2125 690 habuisse

1162 710 1409 759 sententiam,
1436 710 1506 749 sed
1527 711 1716 762 quamvis
1741 713 1920 764 ejusdem
1940 713 2129 753 substan-

1164 773 1242 812 tiae
1257 804 1268 822 ,
1293 772 1489 811 minorem
1515 776 1645 812 tamen
1669 776 1792 813 Patre
1816 775 1977 826 Filium,
2000 780 2038 815 et
2055 776 2130 815 mi-

1163 846 1300 873 norem
1344 834 1446 872 Filio
1480 838 1648 886 putasse
1685 836 1883 887 Spiritum
1924 839 2127 877 Sanctum.

1160 898 1303 935 Verum
1330 896 1370 935 z'n
1394 895 1496 935 hunc
1519 926 1527 944 ,
1552 908 1671 948 quem
1691 897 1738 936 (le
1763 898 1953 938 Trinitate
1975 899 2126 950 habuit,

1163 970 1343 997 errorem
1363 989 1370 1006 ,
1396 959 1703 998 Donatistarum
1727 960 1937 1000 multitudo
1979 961 2128 1001 intenta

1164 1032 1242 1058 non
1263 1020 1368 1073 fuit,
1410 1032 1478 1059 nec
1500 1020 1621 1073 facile
1648 1022 1687 1060 in
1719 1022 1776 1061 eis
1808 1022 2022 1075 quisqam,
2061 1024 2134 1076 qui

1162 1082 1232 1122 lzoc
1253 1082 1365 1122 illum
1389 1082 1563 1123 sensisse
1595 1085 1777 1134 noverit,
1804 1085 2021 1124 invenitur.
2046 1086 2128 1125 Au-

1163 1151 1250 1185 ctor
1274 1145 1562 1185 Praedestinati
1588 1147 1652 1185 lib.
1683 1149 1725 1194 i,
1750 1159 1836 1198 cap.
1863 1149 1924 1187 69.
1952 1148 2135 1188 Eoestant

1164 1207 1276 1247 hodie
1305 1208 1459 1259 scripta
1484 1209 1570 1260 ejus
1585 1241 1596 1258 ,
1621 1207 1695 1248 ubi
1710 1208 1912 1262 probatur
1933 1211 1974 1250 in
2003 1211 2130 1250 Trini-

1165 1274 1243 1309 tate
1275 1273 1418 1309 contra
1446 1271 1564 1322 fidem
1591 1271 1839 1312 Catholicam
1863 1274 2049 1313 sensisse.
2080 1274 2135 1312 Et

1164 1332 1351 1383 quamvis
1374 1332 1495 1372 unius
1527 1333 1777 1374 substantiae
1801 1335 1912 1374 dicat
1934 1336 1975 1374 in
2002 1336 2131 1375 Trini-

1165 1397 1243 1433 tate
1266 1395 1336 1432 DE
1342 1396 1423 1444 CM,
1451 1397 1615 1434 Patrem
1641 1400 1772 1435 tamen
1791 1398 1987 1450 majorem
2009 1397 2125 1447 Filio,

1162 1457 1196 1494 F
1199 1457 1310 1496 ilium
1330 1459 1525 1510 majorem
1541 1460 1698 1512 Spiritu
1718 1461 1863 1500 Sancto
1888 1461 2129 1513 confirmare

1162 1520 1337 1559 tentavit.
1361 1521 1440 1560 Sed
1464 1521 1504 1560 in
1539 1521 1643 1560 hunc
1680 1534 1862 1561 errorem
1886 1523 1970 1562 ideo
1993 1522 2129 1563 nullus

1161 1581 1208 1621 cle
1225 1583 1369 1635 populo
1394 1585 1481 1636 esus
1505 1583 1686 1624 adtendit
1704 1617 1714 1634 ,
1738 1585 1834 1637 quia
1850 1585 1936 1624 alia
1960 1590 2052 1625 erat
2072 1586 2132 1625 in-

1164 1646 1283 1684 tentio
1310 1646 1415 1685 inter
1433 1650 1590 1699 partes.

1333 1735 1559 1787 scriptores
1584 1736 1633 1775 de
1660 1723 1974 1777 DONA'rlsris.

1497 1820 1546 1847 ex
1571 1809 1805 1848 veteribus:

1222 1893 1474 1933 Constantini
1488 1895 1628 1946 Mayni
1650 1897 1854 1947 Epistolae
1875 1898 1982 1948 apud
2006 1900 2132 1937 Euse-

1166 1956 1277 1995 bium
1298 1959 1347 2005 X,
1367 1959 1389 1997 ὃ
1409 1962 1450 1996 et
1466 1960 1489 1997 ὃ
1514 1963 1554 1996 et
1571 1959 1841 2010 Nicephorum
1862 1961 1945 2008 VII,
1966 1961 2027 2009 42,
2050 1973 2133 2011 seq.

1222 2018 1468 2060 Philastrius
1490 2021 1646 2060 haeresi
1678 2022 1729 2060 83
1753 2024 1821 2073 qui
1853 2022 2135 2062 PARMEMA-

1168 2081 1266 2120 'NOS
1289 2083 1411 2120 etiam
1437 2082 1566 2121 dictos
1602 2088 1778 2123 testatur
1816 2097 1838 2123 a
1873 2087 2135 2124 Parmeniano

1174 2144 1315 2182 Donati
1332 2144 1368 2181 in
1385 2145 1629 2196 Episcopatu
1641 2146 1871 2197 Carthagin.
1889 2159 2134 2186 successore.

1222 2203 1472 2256 Augyzisti'iizcs
1502 2211 1598 2245 tom.
1622 2209 1672 2246 X.
1701 2207 1879 2259 Operum
1904 2214 1947 2247 et
1972 2209 2020 2248 de
2045 2209 2138 2248 hae-

1169 2268 1327 2306 resibus
1356 2279 1441 2319 cap.
1469 2269 1531 2307 69.

1223 2329 1373 2368 Auctor
1396 2331 1698 2370 Praedestinati
1719 2344 1803 2384 cap.
1827 2334 1890 2372 69.

1227 2392 1347 2431 Gesta
1380 2392 1616 2433 Collationis
1640 2396 1673 2442 a)
1703 2394 2037 2447 Cartliayinensis
2058 2395 2134 2434 An.

1172 2455 1239 2493 441
1272 2459 1311 2492 et
1335 2456 1502 2495 aliorum
1529 2457 1593 2495 illo
1609 2461 1789 2507 tempore
1805 2459 1845 2495 in
1862 2458 1994 2497 Africa
2012 2463 2135 2509 atquo

1170 2513 1260 2551 alibi
1293 2513 1518 2553 habitorum
1549 2514 1835 2554 Consiliorum.

1227 2575 1417 2625 Optatus,
1449 2576 1497 2614 do
1523 2588 1601 2627 quo
1628 2578 1726 2616 infra
1748 2589 1820 2617 suo
1850 2579 1960 2626 loco,
1986 2584 2027 2616 ct
2052 2590 2136 2617 mo-

1174 2640 1364 2675 numenta
1391 2642 1527 2676 vetera
1559 2649 1651 2677 cum
1694 2640 1838 2689 Optato
1877 2651 1898 2678 a
1934 2640 2134 2679 Ludovico

1172 2699 1294 2737 Ellies
1318 2698 1369 2737 du
1393 2700 1461 2737 Pin
1487 2705 1526 2738 et
1556 2704 1652 2738 tom.
1674 2702 1741 2740 IX.
1775 2702 1989 2752 Augustini
2015 2715 2036 2740 a
2061 2705 2134 2741 Bc-

1173 2760 1386 2799 ncdictinis
1408 2761 1526 2800 edita.

1230 2822 1491 2862 Theodorctus
1516 2825 1565 2862 IV
1588 2854 1595 2869 ,
1623 2825 1645 2861 6
1671 2825 1719 2863 de
1743 2825 1954 2865 haereticis
1975 2826 2131 2866 fabulis.

1225 2886 1398 2924 Joannes
1410 2886 1685 2926 Damascenus
1706 2887 1860 2927 haeresi
1880 2890 1943 2927 95.
1962 2890 2133 2927 Harme-

1172 2947 1342 2999 nopulus
1365 2959 1448 2998 cap.
1479 2948 1539 2987 47.

1223 3009 1422 3049 Joliannes
1464 3012 1651 3051 Zonaras
1687 3017 1728 3050 ct
1770 3011 1989 3051 Theodorus
2039 3012 2134 3051 Bal-

1169 3084 1281 3111 samo
1305 3072 1351 3110 ad
1375 3083 1462 3110 can.
1495 3074 1557 3113 61.
1585 3074 1773 3125 Carthag.

1225 3198 1257 3235 af)
1282 3198 1434 3230 Raluzius
1466 3206 1541 3239 pag.
1564 3198 1626 3229 60ss
1649 3199 1691 3230 ad
1715 3201 1921 3239 Cyprianum
1941 3212 1948 3231 :
1993 3201 2138 3233 Utinam

1168 3248 1380 3279 Ilm-«licinus
1406 3248 1575 3280 voluisset
1593 3250 1692 3288 sequi
1725 3250 1916 3282 editionem
1941 3260 2056 3283 meam
2078 3261 2140 3292 ,qe-

1164 3303 1297 3329 stoi-«m
1317 3323 1326 3335 ,
1350 3306 1439 3337 quae
1463 3302 1577 3338 certe,
1601 3298 1695 3330 absit
1716 3299 1818 3331 verbo
1843 3301 1980 3332 invidia
2000 3326 2009 3340 ,
2026 3303 2137 3333 ”tulto

1163 3347 1289 3378 melior
1314 3352 1364 3378 est
1384 3356 1488 3387 quam
1514 3348 1573 3377 ille
1596 3349 1708 3381 dedit.
