2500 3841
875 210 1293 253 nioNYslsss

91 283 306 322 Monachus
330 285 369 318 et
397 279 530 318 Abbas
558 279 791 331 Romanus,
835 282 868 330 a)
904 293 1046 333 magna

66 345 208 384 ⁷’laude
231 343 464 393 magnisque
479 341 704 381 studiorum
725 345 879 383 meritis
900 355 1044 383 nomen

91 401 232 457 ingens
260 407 502 443 consecutus
524 402 630 442 diem
654 404 749 443 obiit
772 409 864 444 ante
883 404 1043 444 Annum

91 469 167 508 556
195 478 274 518 quo
291 466 434 505 librum
456 466 505 504 de
521 466 676 505 Divinis
693 468 930 507 lectionibus
950 469 1046 508 scri-

89 531 220 582 psisse
245 541 288 568 se
315 527 552 568 Cassidorus
578 527 661 578 Jam
685 540 807 569 senex
835 530 1042 582 significat..

91 592 246 643 Scripta
274 589 362 640 ejus
392 594 502 629 sunt.

141 654 157 692 I
202 651 348 705 Cyclas
378 651 587 691 Paschalis
624 653 802 704 quinque
838 654 1042 705 cyclorum

89 716 175 754 sive
211 713 664 764 enneadecaeteridum,
707 721 899 755 constans
927 717 1043 755 annis

86 777 210 826 XCV,
235 778 362 828 primo
378 776 498 816 ducto
514 777 563 816 ab
578 777 652 816 An.
671 779 825 818 CHristi
841 779 1042 826 DXXXII,

86 840 357 891 desinensque
398 841 438 878 in
461 838 537 878 An.
581 841 803 889 DCXXVI,
848 852 940 880 cum
980 841 1044 880 alii

88 908 183 942 ante
212 914 306 941 eum
337 902 696 953 imperfectioribus
715 903 842 954 cyclis
870 904 932 942 usi
950 903 1046 944 fuis,-

83 969 204 1014 sent,
228 966 292 1004 vel
323 975 450 1003 annos
479 976 501 1003 a
521 965 791 1013 Diocletiano,
824 965 941 1015 cujus
973 965 1046 1003 ini-

84 1029 186 1067 tium
212 1029 252 1066 in
275 1026 349 1066 An.
372 1027 527 1068 CHristi
551 1027 628 1066 284
647 1026 797 1074 incidit,
817 1031 1047 1078 computas-

85 1095 187 1129 sent.
213 1091 273 1128 lta
299 1090 406 1128 enim
429 1089 645 1138 Dionysius
666 1102 674 1127 z
699 1088 736 1138 b)
763 1088 867 1138 Quia
891 1100 985 1128 vero
1002 1090 1041 1128 S.

86 1149 277 1203 Cyriillus
293 1149 473 1202 primum
499 1149 664 1202 Cyclum
685 1152 814 1200 (XCV,
832 1151 1039 1200 annorum)

83 1211 135 1252 ab
156 1212 230 1252 An.
256 1211 494 1251 Diocletiani
519 1212 659 1252 CLIII.
672 1214 704 1261 c)
732 1213 870 1265 coepit,
894 1217 931 1253 et
950 1213 1041 1252 ulti-

81 1286 191 1314 mum
225 1274 267 1314 in
305 1274 523 1315 CCXLVII.
559 1274 595 1323 d>
629 1275 870 1324 terminavit,
911 1287 981 1315 nos
1014 1288 1041 1314 a

83 1336 360 1377 CCCXLVIII.
381 1337 414 1386 e)
432 1348 548 1375 anno.
570 1336 758 1388 ejusdem,
785 1337 962 1389 Tyranni
968 1349 1040 1389 po-

83 1398 162 1440 tius
189 1411 312 1452 quam
347 1398 566 1450 Principis,
612 1398 844 1439 inchoantes
859 1432 870 1449 ,
912 1399 1040 1439 nolui-

81 1472 172 1501 mus
213 1459 378 1500 circulz’s
411 1460 564 1501 nostris
601 1460 837 1500 memoriam
866 1461 980 1513 impii
1005 1465 1043 1501 et

77 1522 350 1576 persecutoris
370 1523 567 1562 innectere
580 1555 593 1574 ,
612 1523 683 1564 sed
701 1524 830 1576 mayis
850 1523 1039 1576 eleqzmus

79 1585 150 1625 AB
181 1585 586 1627 INCARNATIONE
618 1587 818 1627 DOMINI
849 1588 1046 1628 NOSTRI

79 1648 209 1689 JESU
226 1649 441 1690 CHRISTI
454 1650 485 1699 f)
505 1660 704 1688 annorum
722 1653 902 1702 tempora
916 1662 1040 1703 prae-

80 1714 244 1761 notare,
265 1714 462 1764 quatenus
500 1711 716 1751 exordium
753 1713 839 1764 spei
877 1716 1038 1752 nostrae

79 1773 210 1813 notius
231 1772 345 1813 nobis
355 1773 607 1823 eoeisteret,et
623 1785 750 1813 causa
765 1774 1037 1825 reparationis

81 1834 303 1886 humanae,
324 1835 366 1874 id
396 1839 456 1875 est
473 1835 612 1887 passio
643 1835 888 1875 Reclemtoris
912 1836 1044 1876 nostri

80 1896 299 1937 evidentius
311 1896 493 1936 eluceret.
508 1898 621 1936 Hunc
635 1897 805 1948 Cyclum
822 1897 897 1937 An.
919 1898 1040 1938 CHri-

81 1960 132 1997 sti
154 1960 326 2010 DXXV,
351 1960 624 2010 composuisse
649 1970 692 1997 se
730 1960 949 2010 Dionysius
982 1964 1041 1999 te-

80 2025 210 2061 statur
230 2051 239 2071 ,
260 2022 515 2072 integriorem
544 2025 680 2059 autem
704 2022 860 2072 primus
884 2034 934 2061 ex
967 2023 1042 2062 Co-

83 2084 170 2123 dice
185 2084 386 2131 Remensi‚
404 2082 632 2123 Colbertino
647 2086 688 2121 et
707 2083 934 2135 Digbaeano
952 2085 1041 2124 vul-

80 2147 189 2196 gavit
207 2150 329 2197 atque
366 2144 522 2185 erudite
546 2144 763 2184 illustravit
791 2147 835 2183 D.
862 2146 1039 2185 Joannes

81 2206 306 2248 Guilelmus
327 2209 453 2247 Janus
474 2207 496 2245 o‘
513 2203 700 2260 μακρίτκς
724 2208 761 2245 in
781 2207 946 2247 historia
960 2208 1039 2258 Cy-

136 2346 169 2387 a)
190 2345 278 2379 Beda
300 2346 341 2378 de
366 2346 497 2377 ratione
520 2349 622 2386 temp.
652 2354 727 2387 cap.
761 2346 816 2379 45.
851 2347 1043 2386 Sigebertus

74 2406 147 2438 cap.
170 2396 212 2428 27
246 2394 287 2427 de
309 2398 340 2428 S.
365 2397 405 2428 E.
428 2397 593 2427 Baronius
616 2395 659 2427 ad
682 2399 816 2428 Annum
844 2396 907 2427 527
949 2404 1043 2428 num.

74 2447 126 2478 67.
150 2445 203 2478 71.
224 2454 295 2486 seq.

135 2494 171 2534 b)
192 2493 342 2535 Epistola
358 2493 390 2524 al
406 2495 603 2526 Petronium
619 2495 826 2534 Episcopum
839 2496 964 2534 scripta
981 2496 1042 2525 Au.

78 2545 206 2577 curisti
228 2542 303 2574 525.

135 2593 169 2633 c)
195 2594 325 2625 curisti
350 2591 425 2624 457.

135 2643 172 2684 d)
194 2644 322 2675 Cflristi
345 2641 418 2674 551.

133 2693 166 2735 e)
189 2692 310 2725 Confer
331 2693 520 2723 Marianum
545 2693 680 2723 scotum
703 2691 746 2722 ad
771 2694 906 2723 Annum
928 2691 990 2724 5⁶26
1009 2694 1043 2725 in

73 2749 156 2778 tom.
177 2751 248 2775 uno
268 2742 405 2774 Pistorii
430 2749 464 2780 p.
486 2740 560 2772 445.

136 2793 174 2834 Υ)
194 2795 330 2824 Praeter
365 2792 507 2831 pagium
531 2789 668 2822 dissert.
691 2788 732 2821 de
754 2789 894 2830 periodo
917 2792 1043 2824 Graeco

74 2847 168 2876 Rom.
191 2842 422 2875 Mabillonium
458 2849 535 2880 pag.
564 2839 623 2870 176
647 2839 687 2870 de
728 2848 763 2871 re
798 2839 1043 2880 diplomatica,

72 2892 256 2926 Ricciolum
276 2891 335 2923 lib.
358 2891 448 2922 vili.
470 2889 715 2929 Chronologiae
737 2888 941 2922 reformatae
968 2897 1044 2930 cap.

79 2945 103 2975 1.
126 2950 204 2983 pag.
229 2940 306 2973 298.
338 2942 376 2971 G.
399 2943 428 2972 J.
450 2941 608 2971 vossium
633 2938 691 2971 lib.
719 2938 758 2970 de
787 2939 887 2968 annis
910 2938 1038 2971 curisti

74 2997 157 3025 tom.
192 2992 246 3022 Vi.
270 2990 415 3029 Operum
437 2997 513 3029 pag.
539 2988 580 3019 65
610 2986 816 3020 consulenda
854 2986 1042 3019 dissertatio

36 3069 40 3075 2
74 3045 113 3075 v.
135 3042 171 3073 C.
195 3040 328 3079 Georgii
342 3038 466 3070 Alberti
483 3037 696 3078 Hambergeri
720 3037 760 3068 de
774 3036 921 3076 epochae
943 3037 1043 3068 Chri-

77 3093 234 3128 stianae,
270 3096 357 3130 quae
379 3096 398 3119 a
421 3089 581 3127 Dionysio
619 3088 682 3119 hoc
722 3095 789 3117 ara
812 3087 1041 3126 Dionysiana

75 3140 194 3179 audit,
219 3143 296 3171 ortu
316 3142 350 3171 et
365 3143 521 3176 auctore,
546 3141 647 3169 senae
672 3136 764 3167 1707.
787 3135 818 3167 4.
843 3137 1039 3167 Franciscus

77 3192 181 3223 Maria
200 3189 425 3221 Florentinius
442 3187 483 3219 ad
498 3188 711 3227 Martyrolog.
732 3188 866 3218 Hieron.
882 3193 958 3225 pag.
978 3184 1038 3216 185

75 3249 144 3280 seq.
166 3239 316 3272 Andreae
341 3237 479 3269 Kobavii
495 3260 504 3276 ‚
527 3240 556 3268 S-
582 3240 610 3268 J.
636 3236 804 3268 vindiciae
828 3236 1038 3266 Astronomi-

77 3298 135 3322 rac
153 3297 212 3330 pro
235 3289 393 3327 Dionysio
422 3289 559 3329 ejusque
585 3295 660 3319 acra
676 3309 685 3324 ,
709 3287 854 3318 Viennae
887 3286 1038 3317 Austriae

81 3339 159 3371 1045
185 3339 217 3371 8.

1991 217 2068 257 ft'tO

1120 283 1169 321 cli
1194 283 1425 333 Dionysiani
1449 311 1457 330 ,
1480 282 1773 335 Wittembegae
1807 285 1936 335 4748,
1963 288 1997 326 4.
2036 290 2079 326 In

1122 345 1194 383 hac
1233 356 1318 395 pag.
1350 345 1399 384 59
1436 346 1610 384 occurrit
1642 345 1822 397 Epistola
1854 347 1910 387 acl
1946 350 2082 388 Petro-

1120 407 1230 445 nium
1267 405 1537 458 Episcopum,
1572 409 1658 447 sive
1695 408 1900 461 Praefatio
1923 442 1934 459 ,
1971 412 2078 451 edita

1121 469 1273 520 pridem
1299 480 1320 508 a
1345 470 1506 508 Petavio
1531 468 1581 508 ad
1615 471 1765 510 calcem
1790 474 1885 511 tomi
1912 474 2080 514 secundi

1119 531 1323 570 doctrinae
1354 536 1580 582 temporum
1625 544 1712 583 pag.
1756 533 1846 573 874.
1882 535 2080 585 (editionis

1118 593 1406 632 Amstelodam.
1445 604 1532 644 pag.
1575 595 1677 642 498.)
1717 600 1758 634 et
1793 597 1988 637 Bucherio
2031 599 2082 638 ad

1118 656 1276 694 Victorii
1300 655 1506 694 Canonem
1528 655 1763 696 Paschalem
1788 669 1877 708 pag.
1903 659 1993 699 485.
2011 659 2081 700 Se-

1117 719 1254 768 quitur
1276 715 1381 767 apud
1404 717 1550 755 Janum
1594 728 1680 768 pag.
1720 718 1782 756 74.
1824 721 1973 770 Cyclus
2012 722 2080 762 de-

1117 778 1445 818 cemnovennalis
1469 778 1517 816 ab
1535 789 1598 816 an.
1620 779 2079 834 DiocletianiCCXXIX,

1118 841 1271 880 CHristi
1300 841 1376 880 543
1401 838 1450 878 ad
1481 840 1549 879 534
1584 840 1675 878 inde
1705 853 1793 892 pag.
1831 843 1893 882 76.
1935 845 2080 897 Cyclas

1120 905 1204 954 ipse
1226 901 1495 954 Dionysianus
1531 913 1730 941 annorum
1764 905 1869 944 XCV
1892 935 1900 953 ,
1927 907 1975 945 ad
2000 908 2081 946 An-

1121 976 1218 1004 num
1255 964 1409 1003 CHristi
1450 965 1526 1003 532
1554 963 1601 1002 ad
1634 965 1710 1004 626
1745 965 1973 1017 descriptus
2009 981 2080 1019 per

1120 1027 1327 1066 columnas
1346 1030 1435 1065 octo
1451 1056 1460 1073 ,
1481 1039 1654 1078 quarum
1677 1027 1775 1067 haec
1799 1028 1934 1068 addita
1954 1030 2080 1070 clavis

1115 1090 1201 1128 sive
1225 1090 1500 1140 interpretatio
1519 1102 1527 1127 :

1109 1169 1466 1207 Linea,CHristiTuos
1474 1171 1733 1210 primaestquae
1751 1172 1903 1202 continet
1915 1180 2044 1210 atticos,

1109 1222 1215 1258 Atque
1232 1219 1378 1251 secunda
1396 1223 1487 1251 tenet
1503 1219 1587 1258 cycli
1603 1228 1696 1258 quae
1716 1220 1871 1250 Imlictio
1891 1225 2050 1259 constet,

1112 1268 1264 1300 servabit
1282 1277 1438 1300 numeros
1456 1269 1608 1309 Epactis
1628 1271 1727 1301 tertia
1746 1273 1853 1301 certos
1868 1294 1877 1308 ,

1110 1321 1236 1356 Quarta
1255 1318 1331 1348 dies
1352 1323 1507 1350 numerat
1525 1323 1652 1359 septem
1670 1319 1702 1352 a)
1723 1319 1903 1352 bissextilis
1920 1322 2000 1351 anni

1109 1370 1235 1406 Quinta
1253 1368 1315 1399 tibi
1333 1368 1453 1407 cyclos
1469 1369 1623 1399 lunaris
1640 1368 1676 1406 b)
1696 1372 1869 1408 computat
1889 1372 1968 1401 anni
1990 1393 2000 1408 ,

1108 1420 1180 1448 Jam
1204 1421 1356 1456 quartas
1379 1418 1538 1449 decimas
1556 1417 1714 1455 designat
1731 1422 1890 1458 sextaque
1913 1419 2020 1451 lunas
2036 1443 2045 1457 ,

1107 1469 1287 1506 septimam
1305 1468 1467 1499 Paschae
1477 1467 1509 1506 c)
1525 1467 1672 1500 ostendit
1693 1473 1893 1508 tempusque
1916 1469 2084 1509 diemque,

1109 1519 1269 1549 AEtatem
1286 1518 1407 1549 Lunae
1425 1521 1591 1550 monstrat
1608 1519 1812 1550 novissimus
1839 1519 1940 1551 Ordo.

1115 1587 1312 1636 Deinceps
1332 1584 1437 1636 apud
1453 1585 1659 1625 laudatum
1681 1587 1827 1625 Janum
1845 1587 2070 1626 succedunt.

1113 1660 1201 1700 pag.
1225 1647 1288 1687 79.
1317 1646 1565 1698 Aryumenta
1605 1648 1717 1696 XVI,
1758 1647 1804 1687 de
1839 1648 1965 1688 titulis
2001 1651 2079 1688 Pa·

1113 1708 1337 1761 schalibus,
1358 1709 1723 1751 AEGYPTIORUM
1739 1710 1979 1762 investiyata
2000 1711 2078 1750 sol-

1113 1771 1242 1821 lertia,
1263 1775 1311 1810 ut
1324 1776 1560 1822 praesentes
1578 1771 1759 1821 indicent,
1777 1774 1951 1824 primum
1970 1773 2075 1812 edita

1113 1845 1163 1872 ex
1184 1833 1328 1874 Codice
1353 1834 1590 1884 Digbaeano.
1627 1835 1776 1874 Horum
1805 1834 2076 1886 Argumento-

1115 1907 1204 1934 rum
1222 1899 1380 1946 praeter
1400 1895 1648 1946 Dioynisium
1669 1897 1802 1947 ipsum
1816 1897 1999 1948 Epistola
2022 1897 2070 1937 ad

1115 1958 1343 1997 Petronium
1366 1987 1374 2006 ,
1405 1959 1588 1996 meminit
1614 1958 1837 1998 Ceolfridus
1861 1959 1967 2010 apud
2003 1961 2077 1999 Bc-

1116 2019 1208 2058 dam
1232 2020 1278 2068 V,
1299 2020 1361 2059 22.
1386 2019 1538 2059 Eadem
1558 2021 1662 2059 inter
1683 2020 1812 2060 Bedae
1833 2021 1962 2072 Opera
1980 2027 2073 2060 tom.

1116 2084 1150 2121 4.
1176 2093 1263 2132 pag.
1294 2082 1364 2122 324
1396 2083 1617 2133 leguntur,
1649 2082 1720 2121 sed
1749 2084 1871 2122 variis
1901 2085 2076 2135 interpo-

1113 2143 1194 2181 lata
1225 2142 1366 2192 modis,
1397 2143 1470 2182 hoc
1495 2144 1638 2183 titulo:
1665 2144 1846 2184 Canones
1871 2143 2077 2184 lunarium

1112 2203 1450 2245 (lecemnovalium
1479 2205 1749 2246 Circulorum.
1780 2208 2076 2259 Argumentum

1113 2266 1315 2306 decimum
1343 2272 1532 2318 quartum
1556 2280 1607 2308 ex
1637 2269 1747 2308 hisce
1771 2269 1952 2309 ediderat
1975 2271 2078 2311 Can-

1112 2331 1201 2380 gius
1230 2330 1280 2369 ad
1309 2330 1460 2369 calcem
1500 2331 1685 2371 Chronici
1724 2332 1926 2371 Paschalis
1963 2345 2073 2372 num.

1112 2393 1255 2441 XXIV,
1266 2403 1354 2442 pag.
1376 2393 1444 2431 484
1468 2393 2077 2445 inscripseratque:Arqumenla

1111 2453 1418 2506 2E99ptiorum,
1444 2466 1616 2506 quorum
1649 2456 1827 2495 meminit
1859 2456 2073 2508 Dionysias

1114 2515 1153 2553 in
1176 2514 1357 2566 Epistola
1383 2516 1438 2554 ad
1470 2517 1701 2556 Petronium
1737 2522 1775 2557 et
1806 2518 2002 2558 Victorius
2032 2518 2073 2556 in

1115 2578 1273 2617 Canone
1308 2576 1507 2617 Paschali.
1540 2581 1721 2630 Denique
1752 2581 1881 2620 Janus
1904 2593 1992 2632 pag.
2021 2582 2072 2620 95

1114 2640 1323 2689 subJunxit
1343 2633 1599 2689 PROTERII,
1625 2642 1662 2690 d)
1692 2643 1876 2692 Episcopi
1902 2642 2076 2681 Alexan-

1114 2701 1217 2739 drini
1239 2700 1288 2739 ab
1307 2701 1382 2739 An.
1408 2702 1476 2740 454
1504 2703 1553 2741 ad
1581 2703 1656 2741 472
1675 2706 1863 2755 scriptam
1884 2704 1957 2744 An.
1985 2706 2074 2744 454.

1114 2763 1335 2813 Epistolam
1356 2763 1588 2803 Paschalem
1613 2777 1662 2804 ex
1687 2766 2070 2817 Dionysiiversione,

1113 2825 1160 2864 ad
1195 2824 1361 2865 Codices
1399 2826 1507 2865 MSS.
1532 2826 1794 2879 Bodlejanum
1828 2833 1948 2879 atque
1983 2827 2075 2878 Dig-

1113 2887 1309 2927 baeanum
1330 2888 1601 2928 emendatam:
1631 2895 1671 2929 et
1695 2902 1782 2942 pag.
1808 2890 1900 2930 405.
1917 2891 2074 2941 Episto-

1167 3062 1201 3101 a)
1236 3064 1312 3095 Dies
1350 3063 1603 3102 hebdomadae,
1629 3066 1781 3098 Aureum
1803 3074 1904 3106 quem
1927 3065 2073 3100 solemus

1103 3120 1287 3143 numerum
1309 3113 1489 3153 appellare.

1161 3174 1196 3213 b)
1209 3157 1282 3205 ”ern
1303 3161 1471 3206 σελήνης.

1161 3236 1193 3276 0)
1219 3222 1263 3261 τὸ
1280 3222 1435 3275 νομικὸν
1457 3224 1631 3276 Πάσχα.

1162 3285 1196 3324 d)
1226 3289 1271 3317 ne
1293 3287 1445 3318 Proterio
1469 3288 1699 3320 Hensciienius
1715 3290 1747 3320 in
1768 3291 1857 3321 Artis
1880 3291 2076 3323 Sanctorum

1106 3336 1143 3364 28
1167 3336 1260 3368 Febr.
1290 3342 1370 3367 tom.
1395 3336 1414 3367 5
1439 3345 1471 3376 p.
1494 3337 1569 3368 72⁴).
1594 3346 1666 3376 seq.

1561 3421 1604 3443 δέ
