2500 3841
26 3481 35 3664 .————«

836 242 1322 285 FULGEN'I'IUS

87 318 151 355 lus
175 315 340 365 Spinosa
368 312 430 350 lib.
453 312 490 349 2.
514 309 810 360 Antiquitatum
836 312 1039 362 Hispalen-

85 378 189 415 sium
222 375 277 414 ait
320 371 516 424 quaedam
555 382 648 410 eum
674 369 871 409 Hebraice
895 375 1041 425 scripta

85 437 310 487 reliquisse.
328 433 478 473 Mirum
499 436 569 481 est,
594 433 723 482 inquit
748 433 977 482 Bollandus‚
1002 447 1049 473 ea

89 508 213 549 opera
228 507 306 534 non
321 493 508 547 proferri
529 493 570 532 in
587 492 713 532 lucem
733 523 741 543 ⁷
764 504 934 543 quorum
955 494 1052 532 alio—

89 558 212 611 quin,
249 556 346 609 quia
384 555 652 608 antiquiorem
685 554 879 594 neminem
918 559 1052 594 testem

89 618 303 668 habemus⁷
329 629 457 670 neque
481 616 686 671 affirmata
708 615 886 668 opinione
914 620 1053 654 nostra

93 693 181 722 esse
207 679 403 729 volumus,
431 680 550 731 (unde
574 691 714 731 parum
740 677 829 717 fidei
857 678 934 716 illis
957 689 1054 728 quo-

94 755 174 795 que
198 743 339 782 tribuit
360 742 545 781 Nicolaus
565 741 766 780 Antonius
786 769 793 788 ,
818 741 884 790 qui
910 750 1053 778 consu-

89 805 236 845 lendus
253 804 317 844 lib.
334 805 379 843 V.
397 803 664 842 Bibliothecae
687 803 839 841 veteris
856 802 1052 852 Hispanae

90 879 176 918 cap.
203 867 268 914 4.)
295 877 365 905 uec
397 876 474 918 pro
511 864 628 904 vanis
650 867 951 916 praetermissa.
975 862 1059 902 Alii

85 927 342 981 probabilius
379 926 611 980 compositos
651 925 702 965 ab
741 938 782 965 eo
821 925 1055 965 existimant

93 995 175 1030 tres
209 988 544 1042 Mytholoyiarum
578 987 714 1037 libros,
748 989 797 1027 de
822 988 968 1039 quibus
992 1001 1053 1027 rc-

92 1054 198 1092 ctius
219 1053 258 1089 in
287 1049 574 1089 FULGENTIO
596 1048 796 1088 Placiade.

146 1111 300 1153 Fabius
331 1110 526 1151 Claudius
573 1109 801 1150 Gordianus
836 1111 1054 1150 FULGEN-

93 1176 208 1216 TlUS
233 1176 278 1213 V.
308 1174 351 1214 C.
389 1177 529 1212 auctor
570 1172 658 1211 libri
688 1184 804 1223 prosa
836 1174 981 1224 scripta
1012 1178 1052 1211 et

96 1237 297 1277 distributi
329 1237 367 1273 in
397 1235 551 1273 libellos
579 1235 738 1281 XXIII,
763 1246 933 1285 quorum
959 1236 1054 1273 titu-

97 1302 162 1340 lus
180 1313 188 1338 :
214 1300 271 1337 De
291 1295 492 1337 aetatibus
514 1295 656 1336 Mundi
676 1299 716 1335 et
734 1296 927 1345 Homims,
958 1308 1055 1348 opus

99 1361 314 1414 mirificum
332 1390 339 1409 ,
360 1359 444 1398 sine
465 1358 619 1407 litteris,
642 1370 734 1398 nam
760 1360 797 1396 in
823 1364 905 1397 toto
928 1361 1055 1410 primo

100 1424 231 1462 libello
251 1423 301 1461 de
325 1421 478 1461 Adamo
499 1421 654 1460 nullum
680 1420 726 1469 A,
752 1422 790 1458 in
817 1420 993 1459 secundo
1008 1420 1056 1459 de

99 1486 221 1525 Abele
246 1485 400 1524 nullum
425 1486 480 1533 B,
507 1485 544 1521 in
569 1484 686 1522 tertio
726 1483 775 1522 de
812 1484 934 1522 Caino
972 1484 1060 1522 nul-

101 1549 184 1588 lum
213 1549 274 1597 C,
313 1550 434 1597 atque
465 1547 518 1584 ita
549 1546 587 1583 in
625 1546 808 1584 caeteris.
841 1544 976 1584 Edidit
1010 1556 1060 1583 ex

101 1610 245 1651 Codice
269 1608 483 1648 Sorbonico
509 1608 560 1658 (in
586 1618 665 1658 quo
688 1606 868 1658 perinde,
891 1611 936 1645 ut
956 1606 1060 1657 apud

102 1672 354 1723 Sigebertum
392 1681 477 1721 cap.
511 1670 576 1709 28.
611 1670 821 1721 Fulgentio
863 1669 1062 1719 Ruspensi

101 1737 260 1784 praeter
275 1744 360 1771 rem
391 1732 657 1781 tribuebatur)
683 1735 725 1770 et
754 1732 860 1770 notis
891 1732 1064 1770 illustra-

101 1796 160 1833 vit
181 1794 353 1833 Jacobus
380 1796 599 1844 Hommey‚
624 1798 657 1844 a)
689 1795 852 1833 Pictavii
885 1794 1000 1841 4694,
1027 1793 1062 1830 8.

102 1856 237 1895 addito
271 1857 392 1895 etiam
423 1857 644 1906 specimine
673 1857 823 1895 PETRI
861 1855 909 1894 de.
938 1857 1033 1905 Riga
1058 1884 1065 1902 ‚

103 1918 475 1970 recapitolationum
521 1919 741 1968 Utriusque
785 1918 1033 1956 Testamenti
1054 1948 1064 1965 ,

103 1981 289 2019 versibus
309 1981 433 2032 elegis
447 2011 459 2029 ‚
486 1991 588 2031 quas
610 1981 786 2031 integras
801 1980 947 2030 publici
964 1980 1068 2031 juris

104 2043 196 2081 fecit
218 2043 466 2094 Polycarpus
492 2043 698 2093 Leyserus
723 2043 762 2080 in
787 2042 951 2081 historia
974 2046 1067 2092 poe-

102 2115 193 2143 seos
217 2104 337 2143 medii
361 2106 450 2143 aevi
475 2116 563 2155 pag.
579 2103 760 2144 705-727
785 2106 823 2143 in
844 2105 991 2155 quibus
1015 2105 1066 2142 si-

101 2167 253 2205 militer
276 2167 403 2217 prima
424 2168 550 2206 sectio
575 2168 662 2206 sive
682 2167 885 2205 distinctio
910 2167 1064 2205 nullum

102 2229 225 2279 habet
244 2228 276 2268 A
295 2260 306 2278 ,
333 2229 515 2268 secunda
539 2229 695 2268 nullum
717 2231 746 2267 B
765 2259 773 2278 ⁷
797 2232 918 2279 atque
944 2229 996 2267 ita
1017 2227 1065 2266 ad

103 2291 127 2328 Z
170 2300 313 2340 usque.
337 2290 576 2340 Hujusmodi
620 2290 783 2329 Iliadem
833 2293 1070 2340 λειπογραμ-

112 2364 239 2404 ματ-ον
268 2352 441 2403 singulis
466 2353 612 2390 litteris
641 2363 711 2403 per
741 2353 920 2403 singulos
949 2353 1070 2391 libros

41 2461 45 2463 p
104 2415 327 2458 diminutis,
344 2414 508 2453 Graecis
532 2414 624 2452 olim
643 2414 830 2452 versibus
855 2415 1070 2464 scripserat

103 2479 248 2518 Nestor
271 2476 555 2524 Larandensis,
580 2481 701 2526 atque
725 2476 946 2526 Odysseam
973 2477 1071 2526 Try-

105 2539 336 2592 ρὴὶοι1οω5ἲ
353 2538 402 2577 de
419 2539 566 2590 quibus
583 2538 740 2577 dictum
762 2538 859 2576 libro
877 2538 914 2575 2.
928 2538 1071 2576 Biblio—

106 2602 247 2642 thecae
270 2601 445 2640 Graecae
469 2612 559 2652 cap.
585 2602 620 2639 5.
651 2601 900 2651 Fulgentiani
934 2601 1069 2651 scripti

107 2665 228 2704 alium
257 2663 444 2705 Codicem
475 2675 598 2702 manu
628 2667 865 2710 exaratum,
904 2661 973 2700 sed
1005 2674 1072 2712 po-

109 2726 343 2765 sterioribus
382 2726 492 2764 libris
517 2736 730 2773 mancum,
763 2725 898 2763 laudat
923 2724 1072 2763 Sande-

109 2799 179 2834 rus
199 2793 312 2839 parte
333 2789 368 2828 2.
387 2788 661 2827 Bibliothecae
686 2788 867 2839 Belgicae
888 2788 964 2826 MS.
984 2798 1070 2838 pag.

109 2852 174 2890 23.
195 2852 238 2890 ln
267 2851 340 2889 hoc
365 2861 443 2889 non
475 2848 628 2889 Fabius
648 2881 659 2898 ‚
688 2854 732 2889 ut
757 2849 805 2888 ab
828 2851 1070 2899 Hommeyo7

110 2914 180 2953 sed
209 2912 376 2952 Flavius
414 2912 605 2953 Claudius
642 2912 867 2951 Gordianus
905 2912 1074 2961 Fulgen-

109 2977 191 3015 tius
228 2976 465 3026 appellatur.
506 2977 656 3014 Tamen
691 2974 908 3014 Bollandus
933 2974 1072 3012 eodem

36 3033 59 3085 j
112 3038 252 3076 mutilo
274 3048 373 3076 usus
400 3037 544 3076 Codice
565 3039 686 3076 etiam
709 3035 881 3075 Fabium
901 3036 1073 3086 appellat

111 3103 206 3138 tom.
235 3101 270 3138 4.
319 3100 482 3138 Januar.
524 3110 611 3150 pag.
638 3099 727 3137 97⁶2.
761 3098 949 3150 Libycum
991 3098 1074 3136 sive

111 3159 258 3213 Afrum
287 3171 328 3200 sc
357 3171 434 3198 non
456 3172 533 3200 uno
556 3160 636 3199 loco
656 3164 798 3199 auctor
821 3159 990 3207 scitetur.
1018 3159 1074 3196 ›sd-

63 3217 75 3225 ”
112 3234 187 3275 que
211 3233 310 3276 opus
325 3253 336 3271 ,
357 3223 640 3273 Xenophontis
659 3225 798 3275 poetae
821 3221 965 3258 Graece
988 3219 1073 3257 imi-

166 3362 201 3404 ει)
224 3364 361 3397 Journal
389 3363 445 3397 des
469 3366 593 3396 savans
621 3367 656 3393 Α.
683 3360 772 3392 1694.
802 3367 876 3398 pag.
902 3360 973 3390 757.

1988 250 2060 287 (521

1126 316 1272 355 tatione
1298 328 1529 368 (199⁷'essum
1552 332 1560 355 .·
1585 320 1780 369 Γ()η]ἰ’(·ΐυῖ
1795 317 1939 370 aliquis
1959 320 2073 358 Clau-

1123 378 1230 417 dium
1267 379 1424 430 fuisse,
1467 380 1652 418 Gordiani
1691 379 1847 431 filium,
1882 381 2072 431 Fulgentii

1123 440 1338 488 Ruspensis
1356 445 1514 492 patrem
1533 471 1541 488 .
1560 441 1634 491 qui
1656 453 1710 480 eac
1731 441 1848 480 ltalia
1871 452 1947 492 quo
1976 441 2075 479 Geu-

1123 499 1244 537 serici
1255 499 1374 551 furor
1385 506 1591 552 parentem
1602 502 1859 551 eoeturbarat,
1884 514 2074 541 reversus

1125 560 1164 597 in
1184 560 1389 611 Africam,
1412 563 1530 602 avitis
1552 564 1868 614 possess.'onibus
1891 576 1938 602 ac
1963 563 2075 602 domo

1125 619 1318 670 spoliatus
1341 623 1479 660 merito
1502 624 1541 661 in
1565 623 1748 674 publicas
1778 626 1946 677 rapinas
1970 626 2076 664 inve-

1126 684 1218 719 ctus
1237 680 1300 719 lib.
1319 685 1333 721 4
1359 684 1476 733 queri
1488 686 1617 735 potuit
1630 690 1704 723 etc.
1724 689 1824 726 llaec
1845 687 2073 726 Bollandus.

1179 742 1494 782 FULGENJNJS
1511 747 1730 794 Donatista,
1756 747 1872 797 cujus
1896 749 2071 786 libellum

1128 803 1356 842 confutasse
1401 806 1654 844 existimatus
1695 813 1756 845 est
1799 810 2046 857 Augustinus
2067 822 2073 846 :

1129 863 1198 902 sed
1223 864 1365 902 librum
1388 867 1535 915 scripto
1559 866 1677 915 hujus
1702 869 1894 918 Fulgentii
1925 871 2078 919 opposi-

1128 929 1240 970 tum,
1277 926 1344 975 qui
1388 927 1490 964 inter
1528 927 1739 978 Augustini
1769 940 1885 979 opera
1921 932 2078 980 saepius

1129 987 1289 1034 editus⁷
1311 993 1431 1038 atque
1470 999 1492 1026 a
1529 988 1794 1027 Benedictinis
1826 991 1862 1027 in
1893 991 2080 1040 appendi-

1127 1060 1214 1087 cem
1235 1051 1328 1087 tomi
1355 1051 1445 1087 noni
1470 1050 1642 1101 rejectus
1666 1051 1828 1101 legitur,
1853 1051 2075 1101 Augustino

1129 1111 1336 1161 indignum
1362 1113 1433 1149 viri
1458 1112 1563 1150 docti
1596 1102 1788 1161 judicant.
1822 1114 1862 1151 In
1895 1124 1940 1151 eo
1970 1113 2081 1163 plura

1129 1172 1250 1223 hujus
1290 1174 1486 1225 Fulgentii
1513 1175 1732 1224 fragmenta
1767 1180 1925 1214 servata
1948 1186 2084 1214 occur-

1129 1239 1235 1273 runt.
1261 1236 1321 1274 Ea
1353 1236 1492 1285 juncta
1518 1238 1554 1274 in
1584 1248 1709 1275 unum
1734 1238 1967 1275 continuum
1998 1247 2081 1274 ser-

1128 1308 1309 1345 monem,
1339 1298 1572 1336 Germanice
1603 1300 1723 1336 vertit
1752 1298 1952 1348 ediditque
1973 1298 2077 1336 God-

1131 1359 1255 1398 fridus
1270 1360 1470 1399 Arnoldus
1490 1362 1526 1398 in
1553 1360 1714 1399 historia
1735 1360 1957 1399 haeresium
1980 1365 2075 1398 tom.

1134 1423 1196 1460 IV.
1220 1434 1308 1473 pag.
1334 1422 1397 1461 75.
1420 1421 1481 1461 76.

1188 1484 1502 1523 FULGENFIUS
1523 1484 1774 1531 Ferranclus7
1792 1485 1983 1535 Fulgentii
2007 1486 2086 1523 Ru-

1136 1546 1292 1596 spensis
1314 1545 1562 1596 discipulus,
1592 1551 1631 1585 et
1660 1548 1856 1585 Diaconus
1885 1545 2089 1595 Carthagi-

1136 1609 1288 1646 niensis
1327 1608 1550 1646 celebratur
1573 1619 1594 1646 a
1616 1608 1772 1645 Victore
1795 1608 2018 1645 Tononensi
2050 1607 2088 1643 in

1138 1671 1334 1708 Chronico
1358 1670 1404 1709 ad
1432 1670 1592 1708 Annum
1618 1670 1772 1707 CHristi
1798 1668 1887 1707 547.
1911 1673 1951 1706 et
1975 1680 1996 1706 a
2021 1670 2091 1706 Fa-

1137 1732 1267 1771 cundo
1292 1733 1354 1771 IV.
1381 1733 1415 1770 3.
1441 1731 1570 1782 Opera
1608 1730 1796 1769 Ferrandi
1833 1741 1934 1780 quae
1963 1731 2092 1780 potuit

1139 1795 1334 1846 reperire,
1360 1794 1517 1845 collegit
1537 1795 1788 1843 J'unctimque
1809 1792 1931 1831 edidit
1952 1794 2091 1831 Petrus

1140 1858 1378 1895 Franciscns
1416 1857 1639 1903 Chissetius‚
1665 1857 1750 1894 Soc.
1775 1856 1896 1903 Jesu,
1927 1856 2091 1893 Divione

1144 1920 1257 1958 4649.
1297 1921 1330 1958 4.
1369 1919 1474 1958 unde
1498 1930 1638 1958 recusa
1669 1923 1764 1957 sunt
1789 1920 1824 1956 in
1852 1917 2089 1956 Bibliotheca

1141 1982 1306 2021 Patrum
1331 1982 1589 2032 Lugdunensi
1612 1985 1718 2019 tomo
1739 1982 1804 2019 IX.
1832 1981 1933 2019 Sunt
1957 1984 2089 2018 autem

1142 2047 1175 2083 4.
1202 2045 1250 2083 ad
1288 2044 1478 2095 Reqinum
1506 2045 1701 2083 Comitem
1743 2043 2020 2094 paraeneticus
2049 2041 2094 2079 cle.

1143 2107 1227 2145 VII.
1250 2105 1409 2157 Reyulis
1428 2105 1696 2153 innocentiae.
1721 2117 1807 2156 pag.
1834 2105 1921 2142 494.
1946 2115 2023 2154 quo
2055 2105 2090 2140 in

1142 2170 1289 2220 scripto
1314 2168 1540 2207 Ferrandus
1568 2169 1849 2219 persequitur,
1880 2178 1982 2217 quae
2011 2166 2100 2204 Ful-

1142 2232 1302 2282 gentius
1324 2230 1545 2281 Ruspensis
1582 2230 1761 2280 Epistola
1795 2229 1934 2267 xviii.
1974 2227 2101 2265 absol-

1143 2305 1238 2332 vere
1268 2297 1395 2331 morte
1425 2296 1669 2343 praeventus
1699 2302 1777 2329 non
1806 2292 1945 2341 potuit.
1977 2290 2016 2328 2.
2052 2288 2099 2327 ad

1143 2354 1391 2401 Anatolium,
1417 2356 1634 2393 Diaconum
1658 2354 1906 2399 Romanum,
1933 2350 1980 2389 de
2005 2350 2101 2388 dua-

1144 2418 1220 2456 bus
1262 2419 1300 2455 in
1336 2417 1502 2455 CHristo
1525 2416 1696 2463 naturis,
1721 2419 1761 2453 et·
1784 2413 1886 2464 quod
1929 2423 2034 2451 unus
2060 2413 2097 2448 in

1146 2480 1213 2518 SS.
1239 2480 1434 2518 Trinitate
1460 2483 1579 2517 natus
1604 2487 1826 2528 passusque
1856 2475 1928 2512 dici
1961 2475 2096 2524 possit.

1145 2554 1180 2592 p.
1209 2542 1298 2580 502.
1324 2542 1359 2579 3.
1385 2541 1433 2580 ad
1459 2539 1700 2592 Euyz'ppz'um
1740 2538 1787 2576 de
1825 2537 1997 2575 essentia
2029 2536 2096 2573 SS.

1148 2605 1354 2642 Trinitatis
1378 2608 1418 2642 et
1442 2604 1489 2642 de
1515 2603 1669 2642 duabus
1691 2601 1842 2639 naturis
1864 2598 2040 2648 Epistola
2060 2608 2096 2647 p.

1148 2666 1235 2704 509.
1262 2677 1364 2716 quae
1403 2670 1535 2704 exstat
1559 2666 1675 2702 etiam
1702 2664 1738 2700 in
1764 2660 1977 2712 appendice
2008 2671 2098 2708 ope-

1147 2740 1235 2766 rum
1261 2729 1456 2779 Fulgentii
1480 2727 1709 2777 RuspensiS.
1742 2725 1774 2761 4.
1800 2723 1846 2760 ad
1878 2724 2067 2760 Severum
2089 2753 2095 2761 .

1149 2791 1438 2830 Scholasticum
1470 2786 1806 2837 Constantinopol.
1839 2784 1940 2834 quod
1968 2785 2096 2821 Domi-

1149 2865 1226 2892 nus
1268 2858 1405 2891 noster
1428 2853 1579 2891 ‚IESIJS
1604 2851 1792 2889 Cliristns
1827 2849 1873 2884 sit
1912 2856 2014 2884 nnus
2049 2845 2096 2881 de

1150 2916 1293 2954 Sancta
1318 2919 1358 2952 et
1379 2914 1580 2952 individua
1599 2912 1798 2950 Trinitate.
1822 2921 1858 2958 p.
1880 2909 1966 2945 5509.
1990 2909 2024 2943 55.
2048 2906 2095 2943 ad

1151 2976 1354 3027 Pelayium
1399 2981 1434 3013 et
1479 2973 1718 3012 ΛηαῖοΙίιιηι.
1751 2973 1940 3009 Diaconos
1984 2968 2096 3005 l'i-bis

1149 3041 1321 3085 Romae.
1356 3049 1432 3087 pro
1459 3034 1631 3086 Epistola
1666 3032 1755 3070 mae
1783 3029 1984 3068 lz'dessem'.
2011 3041 2096 3078 pag.

1149 3101 1238 3138 5¹55.
1270 3100 1309 3136 ln
1335 3099 1405 3135 liae
1430 3097 1603 3145 Epistola
1631 3107 1712 3144 pag.
1737 3095 1822 3131 5516.
1841 3094 1883 3127 (i.
1911 3092 2096 3135 leguntur

1149 3160 1289 3204 verba,
1315 3169 1415 3207 quae
1433 3158 1571 3202 allegat
1595 3155 1803 3199 Catalogus
1820 3153 1902 3189 ΧΗ.
1926 3152 2096 3201 Scripto-

1148 3219 1510 3266 1·un1,sul›jum-ias
1536 3216 1727 3253 lldesonse
1745 3214 1791 3250 (le
1816 3213 1909 3249 viris
1936 3213 2096 3250 illustri-

1148 3282 1240 3320 bus.
1268 3290 1433 3318 narrans
1458 3275 1697 3314 Ferrandum
1723 3286 1742 3312 a
1771 3274 1920 3321 Pelagio
1952 3274 2096 3311 Anato-

1148 3345 1275 3391 lioque
1310 3340 1535 3376 consultum
1565 3340 1696 3373 utrum
1734 3335 1847 3373 liceat
1875 3347 2093 3385 quenquam
