2500 4009
420 221 472 259 92
830 211 832 213 ’
1248 211 1595 251 ANDREAS

421 290 588 328 condere
598 297 808 338 aggressus
825 285 1011 335 pleraque
1022 283 1275 321 remotiorum
1285 287 1385 321 tem-

423 365 562 404 porum
573 365 619 391 ex
635 352 736 390 notis
747 347 1032 398 scriptoribus,
1048 350 1092 385 ut
1108 345 1244 384 multis
1260 345 1383 384 Chro-

423 417 598 454 nicorum
615 409 878 462 scriptoribus
896 408 1076 451 solenne,
1093 408 1266 458 repetiit,
1281 419 1381 458 quae

424 477 592 514 editione
621 473 777 523 indigna
803 476 913 510 ratus
943 470 1235 510 eruditissimus
1257 471 1382 508 Mura-

426 529 548 575 torius
564 536 691 574 solum
708 533 931 573 chronicon
950 531 1201 571 Tarvisinum
1217 532 1265 570 ab
1280 542 1382 570 anno

430 601 442 637 l
455 600 529 635 :368
539 597 586 635 ad
607 599 619 636 4
633 598 707 635 ias
724 609 772 635 cx
789 596 932 635 Codice
946 595 1146 633 Comitum
1161 594 1382 634 Collaltino-

426 672 514 698 rum
531 660 710 709 vulgavit
732 664 838 697 tomo
860 659 952 697 xlx
975 656 1167 708 splendidi
1183 657 1311 707 operis
1326 666 1384 693 rc-

428 733 515 760 rum
548 710 797 767 italicarum,
826 720 1028 759 Mediolon.
1061 719 1174 758 4731.
1206 717 1300 756 Vide
1329 718 1384 755 sis

427 785 475 823 de
495 784 566 822 hoe
582 783 751 823 Redusio
767 782 865 822 Aeta
879 781 1134 821 Eruditorum
1152 780 1180 819 A
1188 782 1284 819 nnol
1297 780 1384 827 733,

427 858 513 898 pag.
538 847 612 884 354
639 857 720 896 seq.

480 909 522 946 In
547 906 678 946 codice
699 908 927 946 Trivisaneo
950 907 1025 945 MS.
1056 910 1144 956 post
1173 905 1382 943 chronicon

427 971 678 1009 Tarvisinum
703 969 879 1008 eiusdem
906 970 1125 1019 scriptoris,
1148 968 1217 1018 ipsi
1242 969 1385 1018 pariter

428 1033 613 1071 tribuitur
637 1033 766 1082 ibique
782 1033 962 1069 occurrit.
983 1029 1161 1080 Leqenda
1181 1029 1385 1080 yloriosis-

427 1094 520 1131 simi?
540 1092 776 1145 confessoris
801 1094 840 1131 S.
868 1090 1110 1138 Prosdocini,
1131 1092 1197 1141 qui
1214 1091 1386 1141 baptiza-

427 1158 481 1193 vit
509 1155 745 1194 Vitalianum
772 1165 903 1203 regem
926 1152 1095 1200 Paduae7
1125 1157 1165 1190 et
1201 1154 1383 1192 comitem

426 1218 602 1262 Tarvisii,
618 1229 665 1255 ex
691 1228 768 1266 quo
792 1215 1039 1254 descendunt
1058 1216 1210 1253 Domini
1231 1214 1279 1252 de
1299 1215 1387 1253 Col-

427 1280 518 1318 lalto
541 1280 706 1316 comites
737 1278 914 1315 Tarvisii.
948 1278 1004 1315 lta
1029 1277 1113 1323 lego
1136 1278 1173 1314 in
1197 1278 1386 1328 opusculo

429 1343 626 1390 inscripto.
673 1340 827 1378 Lector-(1,
873 1338 1093 1378 de'seorsiva
1130 1338 1173 1377 (Ii
1209 1338 1387 1390 Apostoli)

432 1404 534 1441 Zeno
563 1413 683 1454 sopra
722 1401 754 1440 Ie
790 1400 1044 1441 Mede'tazz‘om'
1070 1399 1301 1452 Filosoficlie
1329 1400 1391 1439 del

431 1464 510 1515 δίῃ.
534 1463 739 1502 Rerum-clo
769 1463 985 1503 Trim'sano.
1010 1464 1187 1502 Venetiis
1228 1462 1348 1513 4704,
1366 1465 1387 1501 4

431 1539 516 1577 pag.
550 1527 610 1564 38.

482 1588 716 1629 ANDREAS
734 1619 741 1635 2
758 1587 888 1627 Abbas
906 1587 1161 1627 strumensis.
1181 1588 1296 1637 infra,
1313 1587 1392 1627 An-

431 1650 547 1689 dreas
571 1649 831 1689 Vallumbros.

483 1712 716 1752 ANDREAS
731 1725 755 1750 a
777 1714 937 1759 svessa,
955 1713 1167 1751 Monachus
1181 1713 1392 1752 Cassinen-

429 1775 502 1822 sis.
523 1776 625 1813 circa
641 1774 800 1813 Annum
828 1774 928 1813 4:578
952 1775 1108 1824 scripsit
1128 1777 1296 1826 Reqesla
1313 1774 1389 1812 cluo

427 1835 598 1873 omnium
614 1836 774 1873 duriam
791 1834 1031 1874 othonorum
1047 1836 1297 1875 Cassmensis
1312 1837 1391 1876 Μο-

430 1897 611 1947 nasceri'c',
625 1903 669 1936 ut
687 1899 806 1937 refert
822 1899 1001 1937 Placidus
1023 1900 1222 1938 Romanus
1240 1900 1278 1937 in
1298 1911 1391 1949 sup—

426 1959 626 2009 plemento
650 1960 697 1997 de
718 1961 820 1999 Viris
841 1961 1060 1999 illustribus
1085 1961 1390 2001 Cassinensibus

431 2032 515 2071 cap.
540 2022 601 2059 30.

480 2082 715 2121 ANDREAS
742 2083 914 2133 Sylvius.
946 2095 1082 2134 supra,
1106 2082 1388 2122 Atrebatense's.

482 2142 714 2181 ANDREAS
743 2145 1020 2195 Tr·as'ectense'8‚
1045 2147 1257 2184 Monachus
1280 2146 1391 2184 Ordi-

432 2205 492 2241 nis
525 2205 765 2242 Benedictini
802 2206 1104 2257 spanhemensis
1123 2239 1131 2256 ,
1170 2209 1207 2246 in
1248 2208 1390 2247 linibus

431 2265 620 2303 dioecesis
640 2268 886 2315 Moguntinae,
904 2299 912 2317 ,
928 2269 1020 2307 obiit
1036 2269 1150 2308 Anno
1169 2271 1182 2308 4
1196 2270 1269 2307 483
1289 2274 1389 2308 teste

434 2327 647 2365 Trithemio
671 2340 754 2379 cap.
781 2331 855 2368 484
880 2330 927 2368 de
948 2332 1390 2381 scriptoribustssierma-

436 2391 556 2431 nieis,
578 2391 642 2439 qui
669 2390 716 2428 de
742 2391 803 2428 illo
827 2394 944 2431 etiam
967 2393 1163 2432 videndus
1185 2405 1217 2431 c.
1244 2395 1311 2432 804
1339 2393 1387 2431 (10

433 2451 696 2501 Scriptoribus
735 2454 1043 2503 Eccl‹.·siasticis‚
1068 2459 1108 2493 et
1139 2456 1201 2493 lib.
1240 2457 1269 2494 ll
1303 2467 1385 2505 cap.

434 2514 500 2552 ,141
534 2513 745 2552 illustrium
763 2515 1105 2554 Benedictinorum
1122 2531 1128 2554 ;
1145 2522 1262 2567 atque
1277 2529 1387 2568 prae-

431 2579 491 2612 ter
521 2574 713 2614 Carmina
736 2580 775 2613 et
799 2575 1025 2628 Rhyllimos‚
1046 2579 1321 2631 Epistolasque
1345 2585 1384 2617 et

432 2636 662 2676 collationes
696 2640 852 2686 varias,
895 2647 1085 2680 memorat
1119 2641 1206 2692 ejus
1242 2643 1382 2682 librum

430 2699 735 2751 ,Soliloqaioram
749 2700 913 2743 hominis
929 2703 981 2741 ad
1000 2705 1069 2742 DE
1074 2706 1147 2744 ΗΜ
1160 2735 1167 2753 ‚
1185 2706 1383 2756 aliumque

430 2762 475 2801 cle
485 2761 879 2814 proseeln'virtacam7
889 2763 935 2803 (le
943 2764 1176 2806 abstmentia
1190 2766 1383 2815 earnium,

430 2829 470 2862 et
492 2823 537 2862 de
557 2836 633 2862 usn
649 2825 864 2875 floccorum
887 2839 964 2877 quo
979 2830 1130 2879 Caputii
1147 2829 1383 2868 Monachalis

429 2898 572 2937 genere
595 2888 812 2925 etiamnum
838 2889 1076 2929 Benedictini
1103 2892 1288 2930 utuntur.'

481 2948 714 2988 ANDREAS
743 2949 790 2987 de
825 2950 974 3000 Turre⁷
1000 2952 1156 2991 Ordinis
1186 2953 1384 2992 Praedica—

430 3012 1028 3061 iorum,Episcopuslanuensis
1045 3014 1093 3052 ab
1110 3014 1381 3055 AnnoCllristi

432 3075 444 3111 4
457 3074 531 3110 368
547 3073 595 3111 ad
613 3074 875 3123 l377praeter
890 3075 1161 3115 Ordinationes
1179 3079 1214 3115 in
1226 3078 1382 3128 Synodo

429 3136 612 3172 Januensi
651 3135 764 3173 Anno
796 3136 895 3174 ‹1371'›
930 3138 1195 3187 promulgatas
1225 3142 1380 3191 scripsit

431 3197 631 3234 Summam
656 3198 830 3236 Casuum
861 3199 1132 3238 Conscientiae
1153 3232 1159 3250 ‚
1183 3206 1226 3239 ut
1253 3202 1380 3247 Quae—

430 3257 576 3294 stiones
596 3258 886 3302 Quodlibetales
910 3261 1184 3313 'theologie-as,
1209 3264 1377 3302 Philoso-

430 3317 640 3367 phicasquc
665 3327 916 3368 praeteream.

1513 280 1749 321 ANDREAS
1771 282 1820 320 de
1835 280 2031 330 Albalate,
2058 281 2280 323 Valentinus
2296 283 2334 323 in
2353 285 2417 324 111-

1458 345 1593 396 spania
1625 345 1845 396 Episcopus
1879 344 1928 384 ab
1955 343 2070 384 Anno
2100 345 2202 385 4248
2223 346 2272 385 ad
2297 345 2412 386 4276.

1456 406 1611 445 Ordinis
1620 407 1946 446 Praedicatorum.
1966 405 2092 457 Hujus
2113 407 2411 448 Constitutiones

1457 468 1670 520 Synodales
1691 470 1728 506 in
1745 467 1916 517 Synodis
1933 468 2152 507 Valentinis
2168 468 2281 509 Anno
2298 471 2412 517 4255,

1460 531 1577 579 42336,
1598 531 1722 579 1262,
1747 529 1869 579 4263,
1894 528 2014 578 4267,
2038 530 2138 569 4269
2155 531 2311 571 014273
2329 543 2418 583 pro-

1458 593 1654 639 mulgatae
1684 591 1915 639 laudantur,
1940 594 2091 642 partem
2120 591 2246 646 editae
2274 604 2296 632 a
2323 594 2418 632 Car-

1460 655 1577 693 ‹linali
1599 655 1646 693 (10
1666 652 1834 704 Agvirre
1859 658 1964 691 tomo
1988 654 2053 692 111.
2076 653 2336 694 Conciliorum
2356 657 2421 694 Hi-

1459 719 1616 767 spaniae
1626 727 1710 767 pag.
1728 716 1804 754 506
1819 719 1859 753 et
1876 716 1912 754 in
1929 715 2117 754 Harduini
2132 715 2416 755 Conciliistom.

1458 779 1524 818 Vll
1546 782 1586 816 et
1605 778 1727 818 Coleti
1746 781 1839 816 tom.
1860 778 1929 816 XV
1947 781 1987 816 et
2011 781 2102 817 ante
2119 777 2191 816 hos
2209 789 2232 818 a
2246 777 2418 829 Gaspare

1460 840 1653 880 Escolano
1673 840 1712 877 in
1736 840 1904 879 llistoria
1924 841 2034 891 regni
2054 840 2263 880 Valentini.
2278 840 2420 880 Valen-

1463 905 1538 941 tiae
1564 901 1663 941 4640
1686 901 1745 939 sol.

1513 962 1770 1012 ANUREAS,
1807 961 1939 1002 Abbas
1977 963 2223 1003 strumensis
2250 963 2421 1014 Congre-

1460 1027 1627 1075 gationis
1675 1023 2046 1076 Vallumbrosanae,
2088 1025 2301 1064 defunctus
2343 1022 2416 1064 An.

1461 1087 1574 1127 4097.
1599 1089 1741 1127 Exstat
1760 1086 1846 1137 ejus
1870 1087 1918 1126 de
1944 1086 2033 1127 Vita
2055 1088 2191 1127 coaevi
2214 1089 2275 1127 sui
2297 1088 2337 1127 S.
2357 1088 2421 1126 Jo-

1459 1149 1598 1188 hanne's
1623 1148 1850 1199 Gaalberti',
1875 1150 1895 1173 ³¹⁵
1919 1149 2078 1190 Ordinis
2107 1150 2420 1190 Vallumbrosani

1460 1212 1702 1261 fundatoris⁷
1735 1214 1799 1263 qui
1839 1211 1956 1252 Anno
1990 1212 2140 1253 CHristi
2178 1212 2279 1253 4073
2315 1213 2419 1252 idem

1460 1274 1577 1325 obiit,
1601 1274 1714 1314 obvia
1752 1276 1789 1313 in
1827 1273 1939 1313 Actis
1979 1274 2213 1314 Sanctorum
2250 1275 2298 1315 42
2328 1275 2420 1314 Julii

1461 1340 1552 1375 tom.
1578 1337 1627 1375 111
1649 1348 1758 1388 ,pag
1777 1338 1864 1375 343.
1886 1336 1971 1377 Vita
1989 1337 2162 1388 Magistri
2182 1338 2243 1376 sui
2261 1335 2422 1376 Arialdi

1460 1399 1617 1437 Diaconi
1641 1398 1714 1438 An.
1741 1398 1842 1438 4075
1867 1400 2058 1450 extincti,
2083 1403 2123 1439 et
2149 1397 2419 1438 Herlembaldi

1463 1461 1597 1498 militis
1620 1460 1692 1500 An.
1719 1462 1821 1500 4443
1859 1461 1896 1499 in
1921 1461 2059 1500 iisdem
2094 1460 2204 1501 Actis
2231 1461 2280 1502 27
2316 1462 2419 1502 Junii

1464 1528 1555 1562 tom.
1578 1524 1634 1573 V,
1664 1535 1748 1574 pag.
1775 1524 1864 1563 284.
1891 1523 1987 1562 Vide
2023 1527 2176 1563 tomum
2201 1524 2420 1564 secundum

1463 1586 1586 1624 Martii
1614 1587 1661 1625 40
1686 1597 1771 1636 pag.
1798 1586 1847 1623 48
1870 1596 1952 1635 seq.

1517 1646 1774 1694 ANUREAS,
1812 1648 1969 1686 natione
2005 1646 2183 1699 Anglus‚
2206 1648 2419 1688 Monachus

1464 1708 1777 1759 August-inianus
1805 1711 1846 1749 S.
1878 1709 2041 1749 Victoris
2066 1711 2184 1749 Paris.
2214 1712 2317 1749 circa
2345 1709 2418 1750 An.

1465 1772 1578 1810 4450.
1604 1773 1777 1822 liugonis
1801 1771 1849 1810 de
1873 1772 1910 1810 S.
1925 1773 2079 1811 Victore
2095 1771 2322 1823 discipulus.
2340 1774 2418 1812 llu-

1458 1831 1525 1882 jus
1550 1832 1859 1873 Commentarios
1875 1833 1915 1872 in
1929 1832 2097 1873 Esaiam
2115 1835 2344 1886 perstringit
2358 1835 2423 1874 Ri-

1461 1895 1632 1934 chardus
1655 1896 1703 1935 de
1727 1897 1765 1935 S.
1795 1897 1951 1936 Victore
1979 1896 2087 1935 libris
2115 1895 2163 1936 de
2191 1896 2420 1939 Emanuele.

1464 1957 1554 1996 Illos
1577 1959 1891 1998 Commentarios
1919 1959 2048 1998 MStos
2076 1959 2114 1997 in
2140 1959 2259 2009 Regia
2282 1959 2423 1998 Biblio-

1464 2018 1577 2057 theca
1601 2020 1809 2058 Parisiensi
1830 2023 1986 2058 exstare
2014 2023 2189 2070 testatur
2216 2021 2421 2072 Oudinus,

1465 2081 1566 2119 sicut
1590 2082 1707 2119 etiam
1733 2082 1769 2119 in
1799 2082 1886 2120 aliis
1914 2081 2164 2121 Bibliotheeis
2191 2083 2421 2123 Historicam

1466 2143 1638 2192 Magistri
1663 2142 1844 2182 Andreae
1859 2144 2143 2193 expositionem
2161 2144 2201 2183 in
2220 2146 2425 2186 Pentateu-
2491 2153 2493 2156 ’

1462 2203 1594 2252 chum,
1619 2202 1740 2243 libros
1760 2206 1922 2255 Requm,
1948 2205 1969 2229 *
1987 2205 2327 2259 Paralipomenon,
2344 2210 2420 2248 Pa-

1462 2265 1624 2305 rabolas
1653 2271 1693 2305 et
1717 2266 2020 2317 Ecclesiastem‚
2054 2268 2284 2320 Danielem,
2317 2271 2415 2310 Pro-

1457 2327 1596 2378 phetas
1609 2327 1779 2367 minores
1792 2333 1831 2367 01
1846 2328 2149 2369 Maccabaerum
2163 2331 2292 2370 libros.
2309 2333 2416 2372 idem

1461 2392 1621 2429 minime
1646 2403 1836 2441 nugacem
1857 2423 1864 2441 ,
1889 2392 1958 2429 sed
1984 2403 2105 2432 sensu
2125 2405 2285 2444 gravem
2310 2394 2415 2434 hunc

1460 2454 1689 2503 scriptorem
1712 2465 1801 2491 esse
1821 2454 1981 2504 judicat.
2012 2455 2125 2494 Hisce
2147 2456 2301 2495 Pitseus
2328 2468 2414 2507 pag.

1459 2515 1535 2554 244
1571 2515 1680 2554 addit
1715 2527 1871 2567 quoque
1906 2516 1947 2555 in
1967 2517 2084 2556 Josue
2098 2547 2110 2566 ,
2136 2515 2282 2557 librum
2302 2516 2415 2558 Judi‘-

1459 2588 1547 2615 cnm
1562 2608 1572 2625 ,
1600 2576 1888 2629 Ecclesiasten,
1911 2582 1952 2616 01
1976 2577 2016 2617 in
2036 2578 2262 2618 Jeremz‘am.

1510 2640 1569 2678 Ex
1577 2640 1716 2679 Labbei
1727 2640 1965 2680 Bibliotheca
1977 2640 2304 2681 Bibliothecarum
2313 2653 2417 2681 com-

1457 2702 1537 2751 peri
1561 2700 1761 2740 Andream
1790 2700 2055 2754 Saussayium
2083 2703 2271 2744 volumini
2300 2703 2347 2742 de
2375 2704 2413 2742 S.

1457 2761 1636 2803 Andreae
1656 2764 1830 2816 Apostoli
1854 2763 2035 2804 laudibus
2050 2767 2091 2804 et
2105 2764 2224 2816 gloria
2236 2792 2247 2815 ‚
2267 2775 2413 2803 excuso

1456 2824 1610 2864 Parisiis
1625 2826 1728 2878 apud
1745 2827 2022 2867 Sebastianum
2038 2825 2295 2866 Cramoisium
2311 2827 2412 2866 4656

1510 2938 1523 2952 *
1542 2939 1649 2982 Hujus
1667 2941 1835 2973 Gualberti
1854 2943 1920 2974 vita
1936 2943 2057 2982 scripta
2074 2942 2174 2974 etiam
2191 2940 2233 2971 ab
2243 2940 2321 2972 aliis
2339 2941 2414 2973 Bla-

1453 2989 1503 3020 sio
1525 2990 1705 3021 Melanesio
1721 3013 1731 3027 ,
1750 2991 1951 3030 Hieronymo
1965 3013 1974 3030 ,
1993 2992 2062 3023 slve
2079 2992 2183 3022 Aucto
2199 2988 2389 3022 Florentino
2403 3014 2413 3030 ‚

1458 3039 1675 3071 Generalibus
1703 3039 1981 3078 congregationis
2011 3038 2320 3077 vallumbrosanae,
2338 3045 2370 3072 et
2394 3048 2412 3071 a

1453 3088 1577 3120 Jacobo
1606 3089 1763 3119 Fornerio
1779 3112 1788 3126 ‚
1811 3087 2038 3127 Fontisfrigidi
2063 3090 2097 3120 in
2131 3089 2277 3120 uioecesi
2305 3089 2412 3121 Bello-

1453 3140 1584 3169 vacensi
1619 3137 1756 3168 Abbate.
1787 3136 1868 3168 Vide
1896 3137 2053 3168 Sandium
2085 3136 2126 3169 ad
2159 3139 2310 3170 vossium
2333 3146 2409 3179 pag.

1447 3190 1508 3223 509
1527 3187 1683 3219 editionis
1702 3194 1720 3217 a
1743 3194 1794 3217 me
1812 3189 1963 3217 curatae.

1505 3238 1518 3253 *
1537 3238 1698 3270 Andream
1714 3235 1802 3267 hunc
1821 3234 1939 3267 refellit
1955 3237 2100 3275 Lyranus
2114 3234 2154 3266 ad
2173 3234 2185 3265 1
2204 3237 2287 3268 Sam.
2301 3237 2327 3267 X
2342 3245 2372 3268 v.
2388 3236 2407 3267 8

1446 3288 1527 3321 adde
1545 3287 1702 3319 iacobum
1721 3285 1835 3323 Quetir
1854 3288 1934 3317 tom.
1952 3287 1964 3315 Ι
1981 3284 2021 3318 de
2048 3286 2183 3326 scriptis
2209 3288 2402 3320 Dominlca-

1450 3347 1569 3371 norum
1588 3345 1663 3378 pag.
1682 3334 1754 3367 479.
