2500 3841
882 203 1332 246 BERNARDUS

114 271 230 323 cujus
252 269 400 310 Auctor
421 270 484 309 vel
521 271 578 308 sic
603 269 782 321 proditur
821 283 911 312 esse
941 280 1076 315 noster

113 331 352 374 Bernardus.
370 333 582 371 Caeterum
601 332 805 372 Bernardi
822 346 964 375 nomen
983 337 1074 376 olim

113 399 154 436 et
190 393 470 442 Bernaredus,
496 396 582 433 sive
605 395 858 436 Berneredus
882 399 1077 438 scribeba-

115 458 258 507 tur,uti
275 455 575 506 Medaredus,et
591 457 819 508 Medardus,
836 459 1076 502 Gildaredus

111 523 153 560 et
179 517 499 567 Gildardus,etc.
521 519 630 566 Quod
670 520 804 560 docuit
840 522 1074 562 Sirmondus

112 581 162 621 ad
185 582 290 620 Petri
318 581 514 620 Cellensis
533 582 658 632 Epist.
677 583 690 620 Ι
708 583 770 621 lib.
788 584 823 621 9.
846 585 948 623 Haec
972 586 1076 624 Dau-

113 644 219 683 mius
249 644 287 681 in
318 643 422 681 notis
460 654 546 694 pag.
587 644 648 682 44.
677 645 755 684 Nec
788 646 1074 696 omittendum,

112 703 219 756 quod
247 704 472 756 Palponista
500 710 590 757 post
612 707 824 746 Daumium
850 709 992 748 iterum
1018 710 1077 749 lu—

112 778 201 806 cem
223 765 323 806 vidit
347 767 384 805 in
409 769 585 807 auctario
621 767 670 808 ad
699 770 817 809 Flacii
840 770 1074 823 Catalogum

113 829 280 868 testium
309 829 510 868 Veritatis.

121 925 125 928 .
164 890 466 932 BERNARDUS
481 891 528 931 de
545 892 760 945 Gordom'o,
777 894 953 934 Medicus
967 896 1075 933 Mon-

112 953 349 1005 tispellanus
387 953 602 994 defunctus
635 957 738 995 circa
770 956 934 995 Annum
972 956 1074 996 1305

112 1014 229 1067 cujus
247 1015 390 1055 Litium
421 1017 638 1058 Medicinae
657 1020 735 1058 MS.
764 1023 959 1058 memorat
978 1019 1075 1057 San-

112 1077 234 1118 derus
254 1080 292 1117 in
314 1079 556 1120 Bibliotheca
578 1081 732 1132 Belgica
756 1085 850 1120 tom.
873 1082 906 1119 ΙΙ
926 1111 935 1130 ,
955 1091 992 1131 p.
1010 1081 1074 1119 89.

111 1140 222 1180 Idem
259 1142 417 1194 saepius
456 1145 564 1194 typis
586 1145 811 1195 excriptum
841 1147 1000 1192 exstat,
1028 1147 1073 1181 ut

112 1208 202 1255 post
217 1205 385 1255 primam
407 1205 620 1244 editionem
636 1206 829 1244 Venetam
849 1204 954 1243 Anni
971 1205 1073 1244 4494

112 1265 176 1304 fol.
196 1267 316 1305 etiam
340 1268 499 1306 Parisiis
522 1272 563 1307 et
582 1267 777 1318 Lugduni.
811 1266 910 1306 Vide
934 1266 1076 1305 Linde-

112 1329 224 1367 nium
242 1357 251 1377 ,
271 1328 530 1369 Mercklinum
549 1358 557 1378 ,
576 1330 816 1380 Mangetum.
835 1329 944 1375 Quae
971 1327 1078 1378 ejus-

113 1390 205 1430 dem
246 1392 467 1432 Bernhardi
506 1393 714 1442 feruntur,
752 1390 799 1430 de
831 1391 990 1439 urinis,
1029 1390 1076 1429 cle

109 1451 292 1506 febribus
303 1485 315 1504 ,
333 1453 379 1493 de
393 1454 600 1494 sterilitate
616 1484 624 1503 ,
640 1454 816 1506 reyimen
824 1485 835 1504 ,
853 1457 894 1492 et
909 1452 956 1492 de
986 1464 1076 1491 con-

44 1568 47 1571 ,
111 1515 336 1556 servatione
362 1516 470 1557 Vitae
493 1516 715 1567 humanae,
736 1528 787 1556 ex
811 1515 952 1555 eodem
980 1516 1076 1555 Lilio

108 1581 279 1631 repetita
301 1584 412 1619 sunt.

157 1643 462 1682 BERNARDUS
482 1641 696 1693 Gvidonis,
720 1653 867 1695 supra,
896 1641 1074 1681 Bernar-

108 1703 185 1744 dus
212 1703 260 1743 de
286 1705 431 1745 Castro
458 1705 562 1745 Vinc.

161 1766 462 1807 BERNARDUS
476 1766 826 1807 Hildesheimensis
839 1766 888 1805 ab
904 1765 950 1805 A.
968 1767 1070 1805 1130

108 1828 159 1868 ad
181 1830 283 1869 1153
305 1830 528 1881 Episcopus
542 1861 554 1878 ,
579 1820 684 1869 teste
708 1831 923 1868 Possevino
947 1829 1076 1878 Syno-

109 1891 219 1931 dales
235 1892 551 1933 constitutiones
565 1904 615 1932 ex
630 1894 649 1931 J
655 1904 725 1932 ure
741 1897 782 1931 et
800 1893 960 1931 Patrum
979 1891 1075 1929 scri-

108 1955 208 2006 ptiS,
231 1966 277 1994 ac
299 1955 478 1994 Decretis
506 1956 688 2007 collegit,
710 1956 904 2005 Cleroque
932 1964 1074 2005 propo-

108 2017 202 2057 suit.
223 2018 313 2056 Fuit
335 2021 376 2056 et
404 2017 660 2056 Bernhardus
680 2018 714 2056 Π
741 2018 964 2068 Episcopus
992 2016 1073 2055 Hil-

107 2077 399 2118 desbeimensis
419 2079 468 2118 ab
487 2079 532 2118 A.
556 2080 659 2119 1452
683 2079 733 2118 ad
755 2080 871 2120 1459.

161 2141 463 2182 BERNARDUS
478 2141 746 2182 Justinianus.
767 2142 895 2192 Infra,
919 2141 1075 2180 JUSTI-

107 2202 304 2244 NIANUS.

159 2266 460 2308 BERNARDUS
477 2267 727 2309 Lombardus
749 2268 1067 2315 Grammaticus,

107 2328 224 2380 cujus
245 2331 477 2371 Tractatum
493 2343 614 2383 super
635 2333 828 2383 majorem
856 2329 1069 2370 editionem

106 2392 248 2431 Donati
265 2398 330 2443 ,et
343 2394 466 2434 alium
485 2394 535 2433 de
554 2394 673 2434 dubio
688 2398 857 2433 accentu
877 2397 1071 2433 memorat

108 2455 312 2494 Sanderus
328 2457 367 2494 in
390 2457 632 2496 Bibliotheca
652 2457 811 2508 Belgica
836 2455 914 2494 MS.
936 2467 972 2506 p.
994 2455 1071 2493 203

108 2515 253 2555 ibidem
277 2518 395 2557 etiam
414 2520 548 2557 nescio
572 2518 690 2569 cujus
703 2520 750 2557 M.
767 2517 1072 2557 BERNARDINI

108 2578 253 2618 librum
270 2579 320 2618 de
335 2579 957 2630 dictaminibUS,Exornationum
973 2577 1074 2616 Rhe—

109 2642 324 2681 toricarum
333 2643 589 2693 exceptiones
598 2647 640 2681 et
653 2643 798 2681 librum
807 2641 926 2681 exord
933 2643 1071 2679 iorum.

164 2704 464 2745 BERNARDUS
482 2703 724 2753 Monachus,
755 2705 931 2755 Scriptor
955 2705 1074 2742 ltine-

110 2769 214 2809 rarii.
236 2768 335 2807 infra
353 2797 361 2816 ,
384 2766 620 2806 Bernardus
639 2766 819 2818 Sapiens.

107 2855 111 2859 -
162 2830 462 2870 BERNARDUS
488 2829 730 2878 Monachus,
754 2830 822 2880 qui
859 2829 963 2867 circa
993 2827 1075 2867 An-

111 2905 209 2933 num
239 2893 340 2933 1124
380 2894 538 2944 scripsit
571 2891 617 2930 de
651 2889 863 2942 disciplina
897 2889 1074 2929 Musicae

110 2955 213 2996 artis
227 2987 238 3006 ,
261 2955 366 2995 idem
382 2955 567 3003 videtur,
589 2955 637 2993 de
657 2965 735 3005 quo
760 2953 878 3001 infra,
893 2954 1073 2992 BERNO.

112 3018 192 3058 Sed
220 3019 322 3058 alius
342 3017 641 3058 BERNARDUS
664 3017 838 3056 Musicus
864 3015 967 3053 circa
995 3014 1075 3053 An-

112 3091 210 3120 num
232 3080 411 3121 wisado
427 3092 505 3132 quo
526 3081 623 3119 haec
644 3079 859 3119 Sabellicus
875 3076 1075 3115 Enneadis

113 3153 240 3182 novae
255 3143 352 3182 libro
372 3144 409 3182 8.
423 3143 601 3183 Musicae
616 3142 719 3180 artis
735 3141 868 3180 virum
889 3138 1074 3186 omnium,

113 3204 187 3256 qui
198 3217 376 3258 unquam
388 3205 661 3259 fueruntssine
677 3201 949 3242 controversia
960 3213 1080 3252 prae-

115 3267 407 3308 stantissimum
425 3269 565 3322 plnres
585 3277 709 3306 annos
731 3264 910 3305 Venetiae
935 3262 1082 3303 habue-

120 3333 219 3372 runt
238 3331 564 3373 BERN.··1RDL'J!
583 3331 828 3381 cogynomento
858 3328 1081 3379 Teutonein,

2024 216 2102 256 2¹5

1149 281 1379 328 aryumento
1392 279 1543 330 (sentis,
1564 279 1697 332 inqua
1713 284 1823 321 ortus
1838 286 1960 322 esset:
1977 285 2107 324 omnia

1149 341 1326 381 ,illusicae
1349 342 1452 382 artis
1475 342 1737 383 instrumenta
1751 344 2007 385 scientissime
2028 351 2110 386 tra-

1149 404 1272 443 ctavit
1286 418 1293 443 :
1304 404 1464 456 primus
1486 404 1526 443 in
1548 405 1718 456 Oryanis
1753 407 1876 447 auoeit
1903 420 2107 459 numeros,

1149 468 1195 503 ut
1216 469 1253 504 ct
1270 466 1389 517 pedes
1410 480 1562 520 quoque
1578 467 1770 519 juvarent
1785 474 2030 523 concentum,
2044 472 2110 525 fn-

1148 527 1367 567 nicolorum
1404 533 1604 569 attractu:
1625 531 1731 569 mira
1760 531 1799 569 in
1822 544 1864 571 eo
1888 533 1993 572 artis
2017 546 2110 573 eru-

1148 588 1260 639 ditio,
1286 602 1446 642 voa-que
1478 591 1533 629 ad
1554 604 1686 631 omnes
1715 604 1902 633 numeros
1938 606 2112 634 accomo-

1148 649 1244 689 data
1265 681 1273 700 ,
1296 651 1481 691 Numinis
1499 653 1754 703 providentia
1777 655 1832 694 ad
1852 656 1893 695 id
1914 660 2052 707 natus,
2069 662 2114 696 ut

1148 725 1254 753 unus
1273 718 1397 763 esset,
1423 713 1463 752 in
1482 726 1557 765 quo
1590 727 1661 754 ars
1679 715 1957 767 pulcherrima
1981 732 2112 761 omnes

1147 774 1256 814 vires
1279 775 1538 827 experiretur
1561 788 1670 816 suas.

1200 837 1500 876 BERNARDUS
1536 850 1562 876 a
1593 840 1795 890 Mentesa,
1834 844 2108 896 Bilbilitanus,

1147 898 1363 937 Carmelita
1400 900 1504 939 circa
1539 901 1702 941 Annum
1729 903 1830 941 1460
1856 907 1922 955 qui
1954 910 2111 958 scripsit

1148 961 1186 997 in
1210 960 1431 1000 Johannem
1453 964 1858 1014 Hierosolymitanum
1883 966 1930 1005 de
1955 968 2112 1008 institu-

1146 1022 1253 1060 tione
1273 1024 1552 1064 Monachorum
1575 1026 1791 1076 ,Thomam
1810 1027 2048 1079 Aquinatem
2065 1032 2112 1070 de

1147 1084 1199 1123 IV
1224 1084 1448 1125 Virtutibus
1468 1087 1759 1139 Cardinalibus,
1775 1094 1815 1128 et
1840 1090 1876 1128 in
1892 1090 2112 1131 Johannem

1146 1146 1349 1186 Ribottum
1377 1148 1425 1187 de
1446 1151 1713 1200 peculiaribus
1733 1153 1857 1203 gestis
1885 1153 2114 1193 Carmelita—

1147 1220 1251 1247 rum.

1202 1272 1501 1313 BERNARDUS
1534 1274 1818 1325 Mor-lanensis,
1858 1278 1987 1316 Pitseo
2025 1290 2112 1330 pag.

1149 1334 1227 1372 205
1251 1334 1431 1385 Anglus,
1469 1337 1556 1376 aliis
1592 1340 1740 1377 rectius
1772 1339 1939 1378 fortasse
1975 1340 2113 1379 Gallus

1149 1409 1196 1436 cx
1222 1398 1388 1437 Morlaco
1424 1400 1683 1440 Morlacensis
1714 1402 1997 1451 Aremoricus,
2026 1405 2112 1442 sive

1152 1463 1194 1498 ut
1216 1460 1254 1497 in
1271 1462 1380 1500 MSS.
1405 1462 1668 1502 Morvalensis
1694 1465 1741 1513 (a
1760 1466 1885 1515 patria
1913 1464 2018 1504 Valle
2032 1466 2114 1504 Mo-

1148 1520 1304 1570 rienne)
1328 1524 1545 1563 Monachus
1586 1526 1860 1564 Cluniacensis
1896 1528 1999 1565 circa
2034 1526 2115 1566 An-

1150 1596 1247 1622 num
1270 1585 1372 1624 1130
1411 1585 1529 1636 cujus
1567 1585 1690 1626 libros
1727 1591 1806 1627 tres
1840 1588 1886 1627 de
1920 1592 2114 1627 contemtu

1146 1646 1312 1697 Mundi,
1333 1648 1354 1671 *
1389 1651 1566 1688 carmine
1605 1650 1800 1700 dactylico
1821 1653 1991 1689 Leonino
2022 1652 2117 1689 scri-

1144 1713 1260 1758 ptos,
1281 1709 1503 1761 dignosque
1525 1712 1633 1751 lectu
1650 1713 1804 1763 primus
1821 1713 2001 1763 vulgavit
2020 1715 2116 1752 Mat-

1146 1771 1251 1810 thias
1272 1773 1427 1812 Flacius
1446 1775 1549 1812 inter
1569 1778 1751 1826 poemata
1769 1774 1818 1813 de
1841 1780 2027 1826 corrupto
2042 1776 2116 1814 Ec—

1147 1833 1291 1873 clesiae
1312 1838 1439 1884 statu,
1464 1836 1641 1874 Basileae
1664 1835 1787 1885 4557,
1812 1837 1835 1874 8
1863 1848 1950 1887 pag.
1977 1837 2055 1876 247
2075 1842 2115 1876 et

1147 1895 1307 1945 quidem
1318 1897 1552 1947 integriores
1565 1897 1951 1949 emendatioresque,
1964 1899 1983 1921 ³*
1993 1889 2116 1950 quam

1146 1957 1288 1997 deinde
1316 1959 1472 1998 Nathan
1499 1959 1726 2010 Chytraeus
1745 1990 1753 2006 ,
1775 1962 1841 2011 qui
1865 1963 2020 2012 primus
2042 1975 2114 2013 pu-

1146 2021 1245 2058 tavit
1285 2033 1353 2059 eos
1391 2033 1434 2060 sc
1465 2022 1655 2073 vulgare,
1699 2024 1865 2061 Bremae
1905 2024 2006 2062 4597
2045 2025 2114 2064 85⁰

1147 2082 1328 2133 Denique
1353 2084 1559 2123 meliorem
1586 2084 1800 2123 editionem
1824 2084 2017 2124 debemus
2040 2087 2120 2124 Eil-

1148 2144 1271 2184 hardo
1291 2146 1468 2195 Luhino,
1493 2147 1691 2185 Rostochii
1717 2148 1817 2186 1610
1849 2148 1888 2184 8.
1911 2149 2119 2197 repetitam

1147 2208 1306 2247 Rintelli
1338 2209 1440 2248 1626
1465 2210 1488 2246 8
1515 2213 1554 2248 et
1579 2208 1806 2260 Luneburgi
1832 2209 1932 2248 1640
1960 2210 2021 2248 12.
2051 2211 2118 2259 qui

1147 2270 1224 2308 illis
1247 2272 1368 2310 etiam
1393 2272 1597 2322 praemisit
1619 2270 1800 2321 ejusdem
1834 2271 2050 2309 Bernhardi
2073 2270 2119 2309 Ii-

1146 2330 1264 2370 brum
1287 2332 1334 2371 de
1358 2332 1536 2372 vanitate
1558 2332 1699 2373 Mundi
1720 2336 1758 2371 et
1790 2333 1967 2384 appetitu
1991 2336 2119 2371 aeter—

1145 2406 1220 2433 nae
1261 2395 1388 2445 Vitae,
1424 2396 1609 2434 versibus
1650 2395 1894 2434 hexametris
1932 2395 2112 2433 similiter

1147 2458 1360 2503 LeoniniS,
1386 2457 1494 2496 hunc
1519 2459 1557 2496 in
1582 2457 1770 2496 modum:

1201 2516 1262 2549 Sed
1280 2517 1360 2557 quid
1384 2518 1534 2549 lucratur
1551 2518 1708 2556 credens,
1727 2519 1784 2558 qui
1807 2526 1874 2549 non
1891 2521 2050 2556 operatur
2063 2520 2078 2547 P

1202 2569 1262 2598 Hic
1281 2567 1363 2599 male
1381 2576 1415 2598 se
1432 2567 1547 2598 laedit.
1567 2568 1652 2599 Male
1671 2570 1786 2599 vivens
1802 2575 1867 2597 non
1887 2566 1970 2597 bene
1984 2564 2103 2597 credit.

1201 2620 1242 2647 At
1256 2624 1333 2648 cum
1351 2621 1500 2648 mutatur
1517 2616 1604 2648 mala
1624 2625 1718 2648 mens
1732 2640 1741 2654 ‚
1756 2618 1853 2646 DEUS
1871 2616 1934 2646 hoc
1953 2620 2121 2654 operatur.

1201 2668 1372 2697 Virtutum
1390 2675 1513 2698 munus
1529 2672 1698 2706 praestare
1718 2671 1825 2705 polest
1842 2667 1939 2696 DEUS
1957 2673 2058 2696 unus.

1202 2714 1263 2746 Sed
1285 2717 1438 2754 quamvis
1457 2718 1562 2755 gratis
1586 2716 1713 2746 tribuat
1730 2717 1827 2746 DEUS
1847 2717 1910 2745 ista
1929 2714 2034 2745 beatis
2051 2737 2060 2746 .

1201 2767 1301 2795 Nemo
1322 2769 1432 2795 tamen
1450 2767 1563 2802 segnis
1584 2766 1671 2795 vitae
1690 2764 1751 2795 sert
1768 2765 1853 2796 dona
1872 2764 2028 2803 perennis
2043 2787 2053 2800 ,

1200 2816 1237 2845 Ni
1257 2814 1373 2845 melior
1387 2814 1492 2845 suctus
1511 2816 1665 2854 proprios
1683 2815 1865 2845 correxerit
1889 2817 1997 2845 actus.

1147 2865 1198 2904 At
1222 2867 1327 2904 enim
1354 2867 1527 2916 priorum
1550 2866 1672 2903 trium
1694 2864 1883 2902 librorum
1905 2863 2019 2914 longe
2043 2862 2116 2901 dis-

1149 2927 1290 2966 ficilius
1315 2939 1442 2978 genus
1480 2929 1669 2966 carminis
1708 2926 1928 2977 triplicibus
1958 2936 2116 2975 semper

1148 2990 1478 3028 liomoeotelevtis
1497 2989 1741 3040 syllabarum
1751 2989 1812 3027 bis
1829 2988 2007 3039 repetitis
2025 2999 2113 3038 pro-

1148 3051 1282 3100 cedit,
1309 3058 1349 3091 ut
1378 3054 1414 3090 in
1438 3052 1499 3090 liis
1519 3052 1731 3091 versibus:

1206 3186 1220 3199 ⁸
1245 3188 1418 3218 Diversum
1439 3185 1537 3225 plane
1561 3193 1694 3217 carmen
1718 3185 1803 3222 boc,
1839 3183 1935 3215 titulo
1961 3184 2121 3216 Anselmi‘

1150 3237 1399 3267 cantuariensis
1415 3259 1424 3273 ,
1451 3235 1492 3267 de
1515 3245 1583 3275 quo
1611 3242 1710 3274 supra
1734 3243 1810 3274 pag.
1836 3234 1907 3265 100.

1212 3285 1224 3298 ·
1248 3288 1293 3318 Ex
1317 3286 1548 3318 Elmstadiensi
1584 3288 1644 3317 MS.
1668 3284 1740 3316 loca
1764 3283 1928 3324 quaedam
1962 3284 2116 3315 emendat

1153 3340 1307 3376 inopertis
1332 3344 1406 3376 pag.
1423 3335 1482 3368 -115
1500 3344 1566 3377 seq.
1584 3337 1704 3367 ilistor.
1722 3335 1898 3367 Poetarum
1915 3334 2013 3366 medii
2032 3334 2116 3365 aevi.-
