2500 4009
1101 493 1403 533 YENERANDO
1433 493 1498 531 ET
1527 489 1827 531 CLARISSIMO

1122 576 1125 579 ’
1394 573 1543 617 VIRO

909 653 1348 704 JACOBO
1420 650 2041 705 BRUCKERO

1123 740 1438 791 Ecclesiaste
1482 740 1815 792 liufborensi

1103 831 1150 866 de
1190 842 1299 867 sacro
1342 843 1456 880 grege
1495 844 1564 867 suo
1607 842 1687 865 non
1732 828 1860 864 minus
2499 834 2500 880 l

1220 915 1336 950 quam
1367 902 1414 937 de
1442 901 1558 939 bonis
1586 899 1725 936 litteris

1275 974 1428 1022 egregie
1458 971 1674 1021 promerito

1162 1107 1391 1143 faustissima
1417 1117 1593 1154 quaeque
1624 1113 1804 1153 precatur

1467 1184 1503 1211 et

1000 1248 1268 1298 Volumen
1308 1264 1559 1316 praesens
1597 1263 1808 1297 sacrum
1847 1261 1962 1294 esse

1423 1339 1547 1386 cupit,
2498 1344 2500 1374 Ι

1202 1421 1273 1455 pro
1298 1408 1473 1453 jucundo
1504 1408 1584 1454 ejus
1612 1418 1773 1443 munere

939 1478 1069 1526 tomi
1111 1478 1285 1548 quinti
1326 1477 1593 1528 Historiae
1632 1472 2038 1543 philosophicae
2497 1494 2500 1513 ι

1170 1579 1248 1614 quo
1279 1567 1393 1602 rebus
1423 1569 1541 1604 medii
1569 1566 1651 1603 aevi
1680 1565 1792 1601 etiam

1156 1639 1219 1672 lux
1253 1650 1328 1672 non
1360 1637 1565 1676 inficianda
1593 1636 1820 1674 accenditur

1127 1709 1224 1743 hanc
1253 1709 1536 1755 qualiscunque
1566 1705 1860 1745 redhostimenti

1297 1778 1418 1812 vicem
1450 1777 1672 1812 redditurus

1154 1885 1224 1918 Μ).
1255 1884 1521 1919 ALBERTUS
1552 1879 1818 1917 FABRICIUS

1306 2088 1372 2127 Al)
1403 2086 1672 2126 LECTOREM

599 2227 699 2264 Ecce
728 2224 895 2262 alterurn
926 2223 1118 2260 Volumen
1150 2221 1269 2271 hujus
1298 2218 1589 2266 Bibliothecae,
1621 2218 1658 2255 in
1690 2229 1768 2268 quo
1791 2228 1878 2267 pag.
1903 2216 1978 2255 487
2002 2215 2300 2256 emendandum
2329 2217 2434 2268 quod

550 2292 585 2326 in
617 2298 735 2325 xersu
776 2285 989 2324 lilierliardi
1022 2284 1300 2322 Betliuniensis
1329 2283 1471 2321 GETAM
1500 2280 1548 2319 de
1579 2279 1713 2319 Osidio
1742 2279 1840 2318 Geta
1869 2280 2155 2329 interpretatus
2200 2289 2320 2329 sum,
2351 2283 2436 2318 erat

550 2363 597 2387 un
619 2362 654 2387 m
681 2349 741 2385 Ιιίο
762 2347 809 2384 do
826 2348 921 2385 Geta
947 2349 982 2383 in
1001 2346 1288 2396 Amphitruone
1308 2345 1445 2383 vitalis
1462 2344 1599 2382 Gallici
1618 2340 1928 2392 intelligenduS,
1953 2340 2001 2379 de
2031 2351 2110 2391 quo
2135 2351 2208 2379 suo
2233 2340 2328 2379 loco.
2349 2339 2436 2379 Non

602 2411 735 2449 dubito
751 2409 822 2447 alia
843 2409 964 2446 multa
981 2417 1070 2446 esse
1094 2410 1129 2445 in
1148 2408 1293 2458 quibus
1313 2408 1427 2445 venia
1446 2407 1527 2444 Tua
1550 2404 1643 2443 mihi
1666 2405 1718 2442 sit
1738 2414 1859 2454 opus,
1881 2402 1949 2441 sed
1969 2413 2115 2454 gnarus
2132 2402 2206 2441 bas
2229 2402 2385 2442 litteras

629 2472 872 2520 allici-quiem
893 2475 934 2507 ut
952 2469 1036 2506 dies
1060 2469 1163 2507 diem
1189 2469 1340 2516 doceat,
1367 2479 1443 2506 non
1468 2471 1676 2514 constare,
1700 2466 1966 2514 consciusque
1984 2463 2104 2502 studii
2120 2463 2223 2514 quod
2242 2464 2355 2504 attuli

721 2542 892 2581 sumque
922 2542 1035 2581 porro
1051 2563 1060 2578 ,·
1093 2532 1282 2581 largiente
1315 2530 1393 2568 Deo
1422 2530 1569 2579 optimo
1598 2527 1899 2574 valetudinem,
1928 2526 2151 2575 allaturus,
2179 2526 2282 2565 bene

763 2596 961 2643 acquitate
991 2593 1071 2631 Tua
1103 2604 1263 2643 sperare
1287 2604 1363 2630 non
1389 2591 1541 2629 desino.
1565 2591 1749 2629 Doctrina
1775 2590 1819 2628 D.
1846 2588 2026 2627 Severini
2046 2588 2230 2640 Episcopi

820 2655 922 2693 volui
955 2655 1045 2692 liuic
1076 2656 1270 2693 Volumlni
1300 2654 1562 2704 colophonem
1594 2653 1820 2702 imponere)
1852 2655 1896 2689 ut
1925 2652 2030 2690 sicut
2053 2651 2171 2702 priori

942 2718 990 2753 llil
1024 2716 1112 2755 liuic
1143 2728 1300 2767 «pioque
1329 2728 1349 2754 a
1380 2717 1454 2766 piis
1485 2714 1643 2751 monitis
1670 2725 1766 2752 usus
1795 2717 1835 2751 et
1864 2712 2040 2764 dignitas

1305 2777 1522 2815 accederet.
1553 2774 1644 2813 Vale
1667 2776 1675 2811 ἱ
