2500 4009
438 194 514 233 130

440 265 478 300 iu
501 263 759 313 elegantiores
785 261 916 297 lavi-as
942 256 1199 294 laudatissimi
1221 256 1299 294 Viri
1326 256 1389 293 Jo-

438 322 547 375 seplu'
578 321 735 361 Il'assii.
759 317 1042 365 cantabrigiae.
1068 317 1165 354 Nam
1185 315 1233 355 de
1254 315 1388 355 Gessio

442 385 542 422 idem
569 384 749 421 mellente
770 377 1004 425 I-'1·acol'ui·ti,
1023 376 1118 415 nihil
1142 378 1298 428 percepi
1314 379 1388 416 nisi

441 445 542 495 quod
568 445 705 493 legitur
726 442 761 477 in
786 439 980 477 Memoriis
1005 437 1204 476 litterariis
1231 439 1390 478 Trevol-

443 506 600 544 tinistA.
632 502 727 542 4722
752 512 837 552 pag.
861 500 963 538 2023
988 504 1028 537 ct
1051 499 1099 538 ‹le
1128 497 1295 539 Il'alcero
1314 500 1390 540 An.

442 567 540 604 -172’1-
566 576 649 614 pag.
677 564 765 601 945.
786 563 862 601 Mr.
885 558 1062 609 Il'allcer,
1078 561 1147 613 qui
1164 573 1191 599 a
1208 563 1390 601 ramasse

440 630 521 664 tant
541 625 587 663 de
606 624 782 664 diverses
799 623 925 672 legans
942 634 1047 674 pour
1062 622 1101 661 la
1121 622 1296 663 nouvelle
1311 622 1390 662 ecli-

439 688 515 725 tion
532 687 584 725 (lu
600 688 791 726 Xouveau
811 686 1047 734 Testament,
1067 696 1140 737 que
1165 684 1246 723 l'on
1260 684 1393 724 attend

437 750 483 787 de
506 751 581 788 Mr.
606 748 783 800 Bentley,
804 759 980 799 prepare
1009 759 1090 786 una
1112 746 1286 787 nouvelle
1315 746 1393 786 ecli-

438 811 515 850 tion
535 809 749 857 (l'Arnobe,
772 809 870 862 qu'il
892 809 1101 848 euricliera
1123 808 1190 848 cles
1217 812 1322 848 notes
1346 808 1391 847 de

434 872 638 926 plusieurs
663 874 834 921 Sat-ans,
853 875 936 909 tant
959 870 1177 923 imprime&
1192 882 1267 923 que
1280 872 1390 910 MSS.

439 935 672 973 Gelenianas
697 934 854 973 Arnobii
879 933 1073 972 editiones
1094 935 1238 972 iniruin
1256 935 1294 971 in
1311 944 1392 971 mo—

437 997 532 1036 dum
558 996 811 1047 interpolatas
835 1006 924 1033 csse
944 1006 1020 1032 non
1045 999 1202 1033 tantum
1218 994 1392 1033 Theodo-

438 1071 507 1097 rus
545 1061 739 1097 canterus
768 1061 830 1095 cst
854 1061 1097 1107 conquestus
1131 1062 1172 1095 ct
1206 1056 1390 1095 Bartliius

437 1122 557 1159 xciv
586 1121 618 1158 4.
643 1119 853 1158 Adversar.
892 1118 961 1156 scd
996 1123 1038 1156 et
1072 1118 1390 1169 elegantissimus

436 1184 629 1221 Graevius
651 1182 775 1232 Epist.
800 1181 848 1219 ad
877 1181 946 1220 Me
981 1181 1186 1219 Ileinsiuiu
1216 1185 1309 1219 tom.
1339 1181 1389 1220 IV

437 1245 608 1295 sylloges
632 1244 944 1282 Burmannianae
968 1253 1052 1293 pag.
1080 1244 1147 1282 334
1182 1246 1223 1281 et
1241 1243 1390 1282 Auctor

438 1307 686 1355 praelationis
700 1304 749 1343 ad
765 1303 856 1343 edit.
874 1304 996 1355 Lugd.
1018 1306 1101 1342 Bat.
1119 1305 1212 1344 4654
1243 1302 1308 1342 4.¹⁰
1328 1306 1391 1342 Iu-

434 1367 541 1417 (senie'
557 1366 707 1418 fiducia
731 1366 914 1405 Gelenius
948 1365 1051 1404 malo
1084 1365 1263 1418 eacemplo
1292 1377 1390 1406 usus

434 1431 679 1482 conjecturas
703 1440 798 1468 suas
822 1428 955 1468 textui
984 1428 1174 1477 inseruit,
1204 1429 1390 1481 antiquas

438 1491 614 1529 lectiones
630 1503 700 1530 suo
719 1490 879 1542 imperio
896 1490 1024 1543 ejecit,
1043 1494 1081 1528 et
1092 1489 1310 1529 Arnobium
1328 1502 1393 1528 uo-

440 1553 498 1592 bis
522 1553 689 1606 esliitrit,
710 1553 782 1604 qui
800 1551 968 1590 Arnobii
987 1552 1154 1604 speeiem
1174 1564 1250 1591 uon
1264 1552 1392 1606 refer-

437 1619 508 1653 ¹ret.
534 1615 700 1653 Editioni
725 1616 962 1653 ilanoviensi
999 1626 1092 1653 cum
1117 1616 1220 1653 notis
1247 1618 1389 1654 Gever.

439 1677 718 1716 Elmcnliorstii
746 1678 860 1727 4603,
879 1677 952 1723 8,“’
976 1676 1239 1726 subjiciuntur
1256 1678 1390 1716 Variae

440 1741 642 1778 Lectiones
664 1750 685 1777 e
709 1736 800 1777 Mb‘w
825 1743 865 1777 ct
888 1749 937 1776 ex
958 1737 1193 1777 editionibus
1207 1740 1392 1777 Romanis

439 1803 629 1840 Francisci
656 1801 791 1840 Sabaei
815 1805 854 1839 et
879 1801 1004 1840 Fulvii
1032 1801 1170 1839 Ursini.
1189 1801 1232 1838 ln
1249 1800 1388 1838 Biblio-

436 1865 548 1902 theca
573 1864 674 1901 Petri
698 1864 847 1901 Francii
871 1864 943 1901 tria
964 1863 1071 1901 sucre
1104 1863 1285 1913 exempla
1307 1863 1388 1901 edi-

436 1927 552 1964 tionis
568 1925 744 1974 Lugdun.
771 1926 905 1964 Batav.
924 1926 1016 1963 4651
1051 1921 1122 1973 4,‘⁰
1144 1935 1313 1975 quorum
1330 1924 1386 1962 bi-

438 1990 497 2025 nis
523 1988 708 2025 Francius
733 1988 830 2037 ipsc,
855 1987 966 2024 alteri
1003 1986 1102 2024 alius
1126 1997 1282 2036 quoque
1312 1986 1385 2024 Va-

436 2052 514 2087 rias
543 2050 745 2086 Lectiones
768 2048 1047 2097 adscripscrat,
1073 2049 1214 2085 tertius
1236 2047 1385 2085 abbun—

436 2110 551 2146 (labat
593 2110 713 2147 ,xistis
756 2108 1072 2146 annotationibus
1117 2108 1382 2146 Salmasianis.

437 2171 549 2208 l'lura
573 2169 730 2207 Arnobii
755 2169 837 2207 loca
864 2168 1077 2207 emendant
1111 2174 1151 2207 et
1188 2169 1385 2207 illustrant

436 2230 666 2269 Desiclerius
689 2230 888 2270 Ileraldus
916 2230 1322 2269 animadversionibus
1347 2231 1384 2268 in

438 2294 616 2332 Salinasii
639 2296 710 2331 Jus
733 2295 908 2331 Atticum
933 2293 996 2331 lib.
1017 2293 1079 2331 Vll
1103 2304 1185 2342 cap.
1209 2293 1257 2330 24
1284 2293 1387 2330 l’ari-

437 2357 505 2392 siis
534 2358 628 2394 4630
655 2356 714 2393 sol.
741 2367 825 2407 pag.
849 2358 922 2393 600
948 2367 1029 2405 seq.
1046 2353 1249 2393 Adrianus
1265 2354 1387 2392 Bello-

437 2418 515 2456 tius
540 2419 577 2455 in
608 2418 882 2468 Apophoretis,
921 2418 1076 2455 Parisiis
1114 2419 1214 2456 4622
1239 2418 1315 2465 8,“”“’
1346 2421 1386 2456 et

435 2480 628 2519 Mem-icus
649 2479 853 2523 Erus-tans,
882 2479 997 2529 cujus
1033 2483 1147 2517 notac-
1176 2479 1318 2517 brcvcs
1346 2480 1384 2518 in

433 2543 647 2581 Arnobium
673 2547 877 2594 postumae
902 2541 1251 2593 prodicrellafniae
1272 2541 1383 2590 4726,

435 2606 483 2643 42
505 2617 580 2643 una
603 2617 693 2643 cum
709 2604 796 2654 ejus
810 2607 985 2644 Censura
1001 2605 1038 2641 in
1054 2605 1278 2642 Orationem
1296 2605 1385 2655 ilip-

432 2667 564 2717 polyto
579 2668 816 2717 adscriptam
831 2666 878 2705 de
896 2668 1236 2705 consummatione
1251 2667 1382 2705 Mundi

434 2735 471 2766 vt
495 2730 541 2766 di·
565 2730 816 2767 Antichristo.
841 2730 937 2767 sisti
962 2730 1067 2779 Regii
1093 2730 1209 2768 Paris.
1239 2730 1384 2767 Lectio—

436 2803 504 2828 nes
526 2803 615 2830 cum
639 2792 806 2830 editione
829 2791 982 2830 llcraldi
1005 2797 1186 2830 accurate
1222 2792 1383 2830 collatas

433 2866 453 2890 a
478 2855 666 2892 salmasio
691 2854 824 2892 habuit
847 2855 1028 2893 Nicotaus
1052 2855 1246 2902 Heinsius,
1265 2858 1308 2892 ut
1325 2859 1382 2892 te-

435 2919 563 2954 status·
585 2921 647 2953 est
671 2916 810 2954 litteris
839 2916 885 2954 ad
922 2917 1148 2955 (jisbertum
1178 2917 1378 2966 Cuperum

436 2980 526 3013 toni.
554 2978 584 3014 lI
606 2978 783 3027 Syllogcs
810 2979 1121 3017 Burmannianac
1138 2989 1222 3029 pag.
1248 2977 1323 3017 7⁴4
1341 2983 1381 3016 et

432 3043 525 3074 tom.
551 3039 597 3076 lv
623 3051 706 3089 pag.
733 3042 824 3086 329,
847 3041 936 3088 23:32,
959 3042 1033 3079 3:553
1056 3045 1096 3078 et
1121 3041 1193 3080 337
1217 3040 1279 3079 ubi
1297 3052 1379 3078 mae-

434 3109 547 3145 ῃιωηι
572 3101 800 3139 merularum
826 3101 902 3139 vim
930 3102 1140 3140 etiamnum
1162 3100 1380 3141 Arnobium

439 3157 611 3198 obsidere
634 3166 753 3200 uram
769 3165 826 3201 ius
850 3165 1061 3213 quaeritur.

492 3222 880 3264 AitMiiiitsJunior
895 3227 1075 3264 circaAu.
1094 3228 1134 3265 (Ι.
1156 3228 1228 3266 460
1245 3227 1292 3266 ad
1312 3229 1381 3266 Le—

443 3285 587 3319 ontium
608 3285 872 3327 Ari-latenscin
890 3294 928 3326 ct
945 3289 1381 3330 {insinuamus-bonen-

1238 187 1609 229 ARNOBIUS

1462 269 1546 298 sem
1554 261 1766 313 Episcopos
1783 265 1938 315 scripsit
1951 267 2228 305 commentaria
2243 266 2282 305 iu
2296 268 2407 308 Psat-

1459 332 1559 371 mos,
1587 322 1635 362 dc
1657 336 1734 374 quo
1769 325 1826 364 Jo.
1865 326 2109 367 Maldonatus
2149 330 2323 380 Epistola
2355 331 2405 370 ad

1459 383 1709 424 Franciscum
1727 388 1958 427 Turi-ianam
1974 400 2059 440 pag.
2078 391 2124 429 49
2140 390 2176 429 b.
2203 396 2405 431 auctorem

1459 446 1843 497 commentariorum,
1867 449 1937 500 qui
1956 450 2125 490 Arnobio
2137 450 2239 504 salso
2254 452 2408 493 adscri-

1461 504 1624 557 buntur,
1648 520 1714 559 eqo
1736 510 1914 561 suspicor
1939 510 2063 563 fuisse
2097 515 2285 554 Faustum
2316 514 2409 554 Gal-

1461 566 1608 608 liarum
1622 571 1973 623 Epi'scopum,uam
1987 573 2111 626 stylus
2132 573 2296 616 hominis
2317 576 2410 616 Gal-

1463 628 1493 668 li
1513 635 1570 669 est
1590 636 1627 670 et
1646 644 1720 671 non
1741 632 1939 686 Africani:
1963 639 1999 674 et
2017 634 2229 687 Augustini
2240 641 2410 691 tempore

1462 691 1616 732 viaeisse
1637 698 1786 734 eertum
1808 700 1874 735 est.
1902 697 2015 736 Certe
2038 696 2140 736 idem
2172 697 2276 750 quod
2304 700 2410 739 Fau-

1463 756 1563 803 stuS,
1581 754 1627 793 de
1642 756 2000 796 Praedestinatione
2014 757 2143 808 sentit,
2159 759 2232 798 hoc
2247 763 2309 799 est
2317 772 2409 800 cum

1465 817 1829 870 Semi-Pelagianis,
1868 824 1912 858 ut
1948 819 1996 859 de
2030 824 2197 871 utroque
2239 822 2412 862 ostendit

1464 879 1657 918 Ilenrieus
1680 881 1791 919 Neris
1813 881 1905 920 hist.
1930 881 2295 933 Pelagianaelib.11.
2311 896 2344 924 c.
2364 886 2413 926 45

1462 945 1599 980 contra
1617 942 1800 982 Vossium
1824 943 2042 994 disputans.
2068 943 2178 984 Unde
2197 957 2275 984 non
2303 945 2413 986 defu-

1462 1014 1544 1052 ere,
1573 1005 1640 1054 qui
1663 1005 1893 1056 scriptorem
1930 1004 2070 1044 horum
2103 1007 2412 1048 Commentario-

1461 1077 1549 1104 rum
1573 1065 1742 1105 eundcm
1765 1067 1883 1105 etiam
1907 1067 2066 1106 voluere
2085 1071 2286 1107 auctorem
2304 1070 2408 1108 Pra-

1462 1127 1679 1175 edestinati,
1703 1139 1821 1178 quem
1846 1127 2080 1168 Sirmondus
2103 1129 2295 1181 vulgavit.
2312 1130 2412 1171 Vide

1463 1191 1754 1229 Tillemontiam
1774 1193 1867 1229 tom.
1894 1191 1995 1230 XVI.
2021 1193 2241 1233 memoriar.
2282 1204 2318 1244 p.
2349 1194 2412 1233 24.

1461 1252 1575 1292 Edita
1593 1258 1686 1292 sunt
1700 1252 1841 1304 Agent.
1860 1254 1980 1302 4522,
1998 1254 2020 1291 4
2036 1264 2128 1293 cum
2141 1254 2296 1293 Erasmi
2309 1265 2415 1294 com-

1463 1316 1655 1353 mentario
1676 1316 1713 1352 in
1738 1315 1936 1354 Psalmum
1953 1316 1989 1356 2.
2003 1315 2100 1355 Vide
2122 1315 2333 1356 Erasmum
2349 1316 2412 1356 lib.

1462 1378 1625 1416 XXVIII
1646 1378 1769 1428 Epist.
1795 1378 1817 1415 9
1841 1377 1933 1416 edit.
1961 1377 2080 1416 Lond.
2101 1377 2249 1417 Deinde
2274 1389 2414 1418 recusa

1464 1441 1596 1480 Colon.
1623 1440 1741 1488 4532,
1766 1440 1801 1477 8.
1827 1439 1942 1478 Basil.
1969 1440 2090 1489 4538,
2115 1441 2139 1478 8
2162 1451 2212 1479 ex
2230 1441 2343 1480 Laur.
2364 1440 2413 1480 de

1464 1503 1582 1541 Barre
1603 1502 1831 1541 recensione
1852 1502 1970 1540 Paris.
1994 1502 2112 1550 4639,
2135 1502 2160 1540 8
2183 1513 2274 1542 cum
2292 1514 2413 1541 anno-

1464 1562 1675 1602 tationibus
1711 1562 1889 1613 ejusdem
1926 1562 2086 1602 Arnobii
2125 1563 2174 1602 ad
2219 1563 2412 1615 quaedam

1463 1626 1808 1676 Evangelistarum
1832 1625 1914 1663 loca
1950 1626 2059 1675 (post
2095 1624 2305 1664 editionem
2334 1626 2415 1664 Gil-

1463 1687 1550 1726 bcrt
1572 1688 1755 1737 Cognati,
1776 1687 1950 1726 Basileae
1975 1687 2094 1735 4543,
2118 1687 2166 1736 8)
2199 1698 2222 1726 3
2251 1687 2413 1727 Schotto

1464 1751 1685 1796 recensitis,
1706 1753 1746 1788 et
1771 1750 1806 1786 in
1831 1748 2112 1798 Supplemento
2135 1748 2314 1788 Biblioth.
2345 1752 2414 1790 Pa-

1461 1815 1566 1850 trum
1601 1811 1808 1850 Parisiensi
1836 1813 1930 1847 tom.
1955 1820 2041 1860 pag.
2066 1810 2158 1860 388,
2182 1811 2270 1850 8115.
2297 1815 2338 1850 et
2367 1812 2406 1850 in

1459 1873 1637 1912 Biblioth,
1660 1874 1820 1911 Pati-um
1840 1871 2092 1922 Lugdunens.
2110 1876 2204 1911 tom.
2223 1873 2309 1912 VIII
2324 1885 2411 1926 pag.

1457 1936 1549 1983 203,
1588 1936 1675 1975 329.
1718 1935 1844 1973 Latini
1879 1934 2020 1973 Latinii
2056 1935 2334 1985 castigationes
2361 1935 2410 1975 ad
2479 1930 2481 1933 ’

1459 1996 1670 2034 editionem
1683 1996 1950 2034 Basileensem
1967 1994 2067 2035 4637
2083 1999 2242 2035 exstant
2262 1997 2302 2036 in
2322 1995 2410 2047 ejus

1456 2057 1669 2096 Biblitheca
1693 2056 1990 2106 sacro—profana
2009 2067 2094 2108 pag.
2116 2057 2258 2097 95-98.
2280 2056 2411 2098 Alter-

1457 2118 1647 2156 eationem
1669 2130 1760 2157 cum
1780 2117 1993 2168 Serapione
2006 2117 2211 2171 AEyyptio,
2234 2119 2283 2160 ad
2308 2121 2412 2173 Vigi-

1459 2181 1553 2219 lium
1578 2181 1820 2231 Tapsensem
1844 2179 2020 2219 referunt
2039 2179 2219 2221 Oudinus
2242 2186 2282 2221 et
2302 2183 2413 2224 Colo-

1460 2243 1628 2280 mesius:
1654 2246 1761 2280 certe
1783 2252 1860 2280 non
1880 2241 1928 2280 ad
1950 2241 2060 2281 illum
2084 2242 2320 2293 Arnobium,
2345 2246 2412 2296 qui

1460 2304 1497 2341 in
1520 2303 1695 2342 Psalmos
1719 2303 1895 2354 scripsit,
1920 2314 2012 2342 cum
2041 2303 2105 2342 hic
2142 2303 2334 2344 faventior
2361 2308 2413 2344 sit

1459 2353 1876 2415 semi-ifelagianorum
1893 2366 2131 2405 sententiae:
2147 2366 2412 2407 altercationis

1458 2431 1593 2466 auctor
1616 2438 1710 2465 vcro
1735 2431 1841 2466 totus
1864 2427 2001 2478 probet
2015 2426 2296 2479 Augustinum.
2311 2428 2410 2468 Vide

1458 2489 1657 2528 Oudinum
1682 2493 1774 2527 toni.
1801 2490 1815 2528 l
1839 2501 1923 2540 pag.
1951 2489 2051 2529 4283
2071 2501 2157 2540 sqq.
2188 2501 2274 2541 pag.
2306 2491 2409 2531 4328

1458 2563 1516 2602 sq.
1542 2552 1647 2590 llanc
1671 2551 1719 2590 ad
1743 2551 1890 2590 calcem
1908 2552 2056 2590 Irenaei
2075 2552 2208 2592 Colon.
2226 2553 2327 2592 4569
2343 2564 2412 2592 su—

1456 2613 1573 2663 bjecit
1596 2613 1879 2652 Fevardentius
1896 2614 1950 2663 (in
1969 2613 2162 2653 Grabiana
2177 2618 2217 2653 et
2238 2615 2411 2654 Massve-

1457 2677 1562 2714 tiana
1585 2676 1733 2714 Irenaei
1757 2674 1925 2714 editione
1949 2675 2154 2724 omissam)
2179 2680 2220 2715 et
2240 2677 2278 2715 in
2307 2677 2408 2728 Sup-

1457 2738 1655 2788 plemento
1679 2749 1750 2777 suo
1774 2741 1880 2776 tomo
1903 2738 1918 2776 Ι
1942 2748 2028 2789 pag.
2063 2738 2138 2777 352
2167 2737 2408 2778 recuderunt

1456 2801 1694 2838 l‘arisienses
1717 2804 1757 2838 et
1780 2799 2066 2849 Lugdunenses
2103 2803 2208 2838 tomo
2230 2799 2317 2839 VIII
2345 2801 2408 2840 Bi-

1455 2861 1589 2900 blioth.
1615 2863 1775 2901 Patrum
1799 2862 1888 2902 236.

1506 2924 1752 2975 AROLDUS,
1766 2925 1869 2963 Petri
1885 2923 2013 2963 Waldi
2022 2928 2112 2975 post
2125 2922 2286 2964 Annum
2304 2923 2405 2964 4476

1454 2988 1584 3026 socius
1605 2987 1642 3024 in
1665 2985 1777 3037 opido
1815 2986 1961 3025 Galliae
1997 2986 2260 3025 Narbonensis
2292 2982 2405 3024 Albio

1453 3048 1647 3087 adversus
1662 3051 1936 3098 persecutores
1957 3057 2153 3097 quaerens
2168 3046 2403 3097 perfugium,

1455 3111 1543 3149 inde
1566 3106 1839 3161 Albiqenstbus
1872 3110 1974 3147 inter
2007 3108 2224 3147 haereticos
2261 3118 2404 3148 nomen

1453 3172 1577 3223 dedit,
1596 3177 1640 3211 ut
1657 3171 1822 3210 Waldus
1849 3167 2132 3211 waldensibus.
2150 3168 2211 3208 Ab
2231 3169 2403 3209 Arnaldo

1454 3233 1501 3272 de
1526 3235 1654 3273 Brixia
1678 3244 1754 3271 non
1777 3233 1861 3271 sine
1884 3241 2002 3271 causa
2022 3230 2222 3270 diversum
2246 3230 2404 3282 conjicit

1456 3297 1495 3335 B.
1516 3295 1683 3337 „lacobus
1698 3294 1947 3345 Thomasius,
1972 3293 2009 3332 in
2033 3292 2097 3331 filii
2113 3292 2322 3334 Christiani
2340 3294 2403 3334 fli-
