2500 4009
414 206 493 245 272·

417 275 560 312 .lt'.tum
595 269 952 319 Andegavensem,
993 264 1030 300 in
1068 261 1232 299 historia
1268 261 1376 299 Juris

419 334 630 380 Canonici‚
655 329 869 380 praemissa
892 325 1002 363 libi-is
1025 323 1152 362 tribus
1167 323 1274 361 Juris
1297 321 1380 372 eju-

423 397 534 434 sdem
553 392 867 437 institutionum,
884 386 1042 425 Parisiis
1058 385 1153 424 1681
1170 414 1178 432 ,
1196 385 1246 423 42
1264 384 1381 423 Clau-

426 460 534 497 dium
553 455 696 502 Flcury
718 452 756 488 in
773 449 936 488 historia
950 448 1059 487 Juris
1077 447 1279 494 Canonici,
1295 446 1383 485 vul-

427 515 676 569 gatadlallice
694 511 787 551 ibid.
810 510 913 551 4720
929 539 937 558 ,
955 511 978 548 8
994 514 1034 548 et
1049 510 1094 547 Ι).
1110 508 1383 547 Christianum

428 577 650 617 Gotfridum
667 575 935 614 Hofmannum
952 602 961 622 ,
977 570 1283 610 Antecessorem
1299 570 1387 609 Via-

428 640 564 679 drinae
600 636 856 684 Academiae,
881 632 1172 672 introductione
1210 633 1248 669 in
1286 631 1388 671 Juri-

431 699 705 752 sprudentiam
746 696 985 737 Canonicam
1026 699 1067 732 et
1113 693 1356 732 Pontiticiam
1379 720 1388 739 ,

431 762 605 803 Francos.
629 761 730 800 4725
753 760 789 797 8.

486 827 741 864 Decretorum
762 820 1055 860 pontificiorum
1074 818 1171 857 ratio
1187 818 1305 856 etiam
1323 815 1391 853 lia-

432 889 549 927 betur
572 887 610 924 in
634 882 932 923 collectionibus
966 881 1175 920 Canonicis
1199 878 1393 916 recentio—

435 960 524 988 rum
546 948 782 997 scriptorum
802 973 810 990 ‚
836 944 868 981 F
872 941 1046 981 ranci'sci
1065 939 1235 988 lover-ii,
1259 939 1393 989 :luqu-

432 1010 530 1050 stini
541 1007 742 1048 Barbosae.
751 1007 1016 1054 aliorumque:
1029 1004 1116 1041 etin
1127 1001 1391 1041 Conciliorum

433 1074 571 1120 tomis,
591 1071 654 1110 ubi
671 1068 871 1120 Epistolae
889 1065 1122 1104 Pontificum
1151 1062 1392 1112 descriptae,

436 1134 701 1182 Conciliisque
717 1128 926 1179 adjunctae
945 1127 1143 1176 leguntur.
1162 1123 1312 1161 Passim
1337 1126 1395 1161 et-

437 1200 513 1236 iam
543 1193 736 1233 adductae
766 1190 814 1229 ab
843 1187 1058 1228 Annalium
1096 1185 1396 1225 Ecclesiastico-

439 1268 527 1297 rum
545 1253 826 1294 conditoribus.
844 1249 1052 1299 Singulare
1069 1251 1203 1286 aut-em
1218 1245 1396 1284 studium

439 1321 480 1357 in
503 1317 692 1368 Epistolis
714 1312 949 1353 Pontificum
973 1308 1203 1360 colligendis
1222 1311 1262 1346 et
1285 1318 1398 1358 sepa-

440 1381 556 1419 ratim
595 1375 834 1427 vulg-andis,
858 1373 1046 1423 auspiciis
1069 1372 1170 1410 Sixti
1198 1371 1229 1409 V
1253 1374 1293 1408 et
1312 1370 1399 1409 Cle-

442 1442 590 1480 mentis
618 1440 701 1477 VIII
733 1438 865 1488 posuit
892 1435 981 1474 Ant.
1014 1432 1193 1485 Carasa,
1217 1431 1333 1471 Card.
1358 1435 1398 1469 et

442 1504 539 1544 Bibl.
555 1503 678 1541 Vatic.
703 1500 928 1551 praefectus
943 1526 950 1545 ‚
967 1497 1034 1547 qui
1058 1506 1149 1534 cum
1167 1492 1331 1532 Antonio
1353 1491 1399 1531 (Ie

443 1565 599 1617 Aquino
619 1565 764 1602 Romae
788 1562 882 1600 ’1591
916 1559 976 1597 sol.
1003 1562 1084 1595 tres
1105 1561 1233 1594 tomos
1262 1555 1401 1604 vulga-

445 1630 526 1675 vit,
555 1628 591 1666 Χ
625 1635 763 1664 mense
791 1626 1006 1671 antequam
1036 1620 1178 1658 tertius
1201 1629 1223 1655 e
1257 1617 1402 1667 praelis

443 1691 572 1729 exiret
605 1687 686 1737 jam
723 1685 960 1724 defunctus:
992 1683 1029 1719 in
1066 1691 1236 1731 quorum
1277 1679 1403 1729 primo

447 1751 646 1802 Epistol-ae
670 1749 691 1786 a
721 1749 759 1786 S.
791 1747 997 1785 Clemente
1023 1744 1035 1781 I
1061 1742 1109 1781 ad
1141 1741 1338 1790 Pelagium
1370 1740 1403 1777 II

450 1815 488 1851 in
504 1810 672 1851 secundo
689 1822 710 1847 a
726 1808 912 1858 Gregorio
932 1806 979 1844 M.
1006 1805 1119 1842 Anno
1141 1803 1216 1841 590
1240 1800 1289 1840 ad
1314 1805 1409 1841 Leo-

450 1886 541 1913 nem
561 1874 621 1912 IV.
641 1874 677 1910 in
701 1869 813 1908 tercio
833 1868 1005 1917 denique
1029 1877 1050 1904 a
1067 1864 1221 1903 Nicolao
1237 1864 1250 1901 I
1267 1863 1315 1901 ab
1330 1860 1405 1900 An.

449 1937 526 1975 858
549 1935 597 1973 ad
621 1932 854 1983 Gregorium
877 1929 945 1968 VII
968 1926 1086 1978 cujus
1112 1926 1340 1976 Registrum
1366 1924 1403 1961 in

452 1998 526 2037 An.
569 1997 670 2035 1083
717 1993 874 2032 desinit.
915 1990 1148 2029 Auctarium
1189 1985 1406 2025 meditatus

454 2061 581 2098 fuerat
604 2057 802 2096 Antonius
825 2054 873 2091 de
896 2051 1069 2101 Aquino,
1093 2048 1162 2087 sed
1194 2048 1289 2086 illud
1324 2049 1406 2098 ipso

457 2132 533 2158 non
559 2120 626 2157 diu
651 2121 737 2167 post
761 2115 943 2153 Carafam
978 2111 1164 2150 defuncto
1193 2109 1405 2155 intercidit,

456 2181 635 2230 exceptis
661 2180 706 2215 iis
729 2175 918 2226 Epistolis
942 2184 1042 2224 quas
1061 2171 1256 2210 Baronius
1285 2170 1333 2209 ab
1362 2181 1407 2209 eo

457 2246 641 2291 acceptas
675 2239 824 2289 passim
853 2234 1075 2274 Annalibus
1108 2233 1192 2270 suis
1227 2232 1405 2270 inseruit.

460 2303 608 2342 Laudat
642 2301 749 2339 bunc
777 2298 1022 2340 Antonium,
1053 2298 1173 2344 atque
1219 2295 1254 2331 in
1299 2305 1410 2331 acce-

459 2367 536 2416 ptis
559 2365 610 2402 illi
641 2362 785 2401 debere
809 2371 852 2397 se
877 2358 1038 2397 easdem
1075 2360 1211 2406 gratus
1248 2356 1411 2393 conlite-

457 2434 524 2466 tur
544 2425 736 2464 Baronius
765 2427 851 2460 tum
876 2420 992 2467 alibi,
1019 2423 1103 2456 tum
1135 2417 1181 2454 ad
1208 2417 1252 2454 A.
1275 2419 1316 2456 C.
1342 2417 1408 2454 131

460 2499 568 2528 num.
594 2487 678 2526 XV.

511 2550 570 2589 Ab
590 2560 635 2587 eo
656 2553 849 2597 tempore,
865 2555 967 2583 novo
990 2549 1030 2581 et
1049 2542 1318 2582 curiosissimo
1329 2545 1414 2579 stu-

458 2613 537 2660 dio,
554 2616 646 2650 ante
664 2619 810 2661 paucos
826 2618 950 2647 annos
969 2606 1168 2657 Epistolas
1191 2606 1300 2643 ltom.
1318 2605 1416 2641 l‘on-

457 2675 608 2713 tisscum
633 2684 655 2711 a
679 2672 716 2710 S.
739 2669 977 2710 Clementel
1005 2679 1131 2718 usque
1155 2666 1203 2705 ad
1226 2667 1417 2705 Innocen-

457 2738 557 2775 tium
584 2735 633 2774 III
662 2733 855 2783 genuinas
879 2733 1083 2781 separatas
1107 2741 1128 2768 a
1153 2727 1417 2779 supposititiis

456 2807 664 2836 recensere
685 2799 804 2844 atque
819 2793 924 2830 notis
945 2792 1141 2830 illustrare
1168 2791 1340 2829 instituit
1357 2790 1418 2826 vir

459 2859 640 2898 eruditus
658 2857 799 2894 Petrus
822 2854 1030 2900 Constant,
1054 2852 1265 2902 Presbyter
1287 2855 1327 2889 et
1343 2851 1421 2889 Mo-

461 2920 611 2958 nachus
631 2917 789 2957 Ordinis
807 2914 1046 2954 Benedictini
1065 2926 1086 2953 e
1105 2914 1418 2964 Congregatione

461 2983 499 3020 S.
521 2981 667 3020 Mauri:
694 2977 762 3015 sed
789 2978 940 3026 primus
961 2980 1119 3015 tantum
1144 2976 1288 3027 egregii
1314 2975 1418 3013 illius

464 3044 602 3092 Operis
626 3046 759 3078 tomus
788 3039 917 3076 lucem
948 3037 1046 3075 vidit
1074 3038 1193 3076 l'aris.
1225 3037 1318 3076 1721
1356 3036 1418 3074 t'ol.

463 3105 528 3152 qui
553 3103 695 3140 desinit
726 3102 761 3138 in
805 3101 931 3149 Xysto
955 3100 1070 3137 tertio
1094 3103 1133 3137 et
1162 3098 1234 3137 An.
1261 3099 1302 3137 C.
1330 3098 1416 3135 440.

468 3166 518 3200 l)‹·
550 3165 610 3201 illo
649 3163 807 3201 uberius
844 3161 922 3199 dixi
954 3165 1058 3199 tomo
1102 3162 1154 3199 xi
1190 3159 1416 3199 Bibliothec.

465 3225 633 3261 tii-aecae
663 3237 750 3274 pag.
778 3224 852 3262 760
883 3235 965 3273 seq.
996 3223 1227 3261 Constantio
1255 3225 1413 3266 autem,

467 3283 605 3322 rodi-in
629 3284 699 3322 An.
730 3286 820 3324 1721
848 3284 1004 3323 Octobr.
1027 3286 1072 3324 18
1094 3284 1212 3324 rebus
1232 3284 1417 3324 humanis

1219 192 1607 233 BULLARIA

1453 261 1667 310 subducte,
1691 261 1730 309 a)
1752 266 1793 300 et
1813 261 1970 302 Simone
1991 263 2185 314 Mopinoto
2204 265 2406 315 Remensi,

1454 323 1521 373 qui
1547 334 1685 362 curam
1719 324 1975 363 continuandi
2011 324 2116 363 illius
2148 327 2277 377 operis
2303 328 2339 365 in
2365 337 2409 366 se

1455 390 1705 436 susceperat,
1720 387 1902 424 similiter
1915 388 2092 426 extincto
2113 389 2154 427 11
2185 387 2344 427 Octobr.
2362 387 2409 427 Α.

1459 447 1560 487 1721
1585 447 1630 497 b)
1650 450 1686 485 in
1713 448 1805 486 llere
1828 449 1970 486 aetatis
1990 458 2082 486 cum
2103 460 2253 488 annum
2276 453 2412 500 ageret

1459 508 1942 559 undequadragesimum:
1968 509 2017 546 ab
2044 519 2090 546 eo
2115 513 2292 559 tempore
2309 509 2412 560 jussi

1460 581 1602 610 sumus
1622 570 1844 609 secundum
1866 570 2041 618 itemque
2060 570 2224 608 tertium
2240 571 2416 622 sylloges

1461 632 1582 683 hujus
1621 633 1855 671 utilissimae
1897 628 2089 669 Volumen
2127 635 2361 682 exspectare
2393 635 2416 672 a

1462 695 1567 734 eluro
1590 698 1647 731 tot
1675 694 1761 731 aliis
1788 693 2014 742 antiquitati
2049 692 2351 733 Ecclesiasticae
2376 695 2420 734 il-

1464 755 1693 795 lustrandae
1716 754 1925 792 exhaustis
1951 753 2152 792 laboribus
2177 753 2318 794 Ursino
2340 756 2422 794 Du-

1463 816 1613 865 rando,
1637 817 1677 865 c)
1699 816 1764 854 cui
1787 819 1973 865 vegetam
2001 819 2252 855 senectutem
2274 821 2315 855 et
2339 817 2422 856 feli—

1464 890 1532 918 ces
1552 878 1839 929 propositorum
1856 877 2011 927 publico
2025 881 2302 928 susceptorum
2321 878 2422 918 bono

1467 950 1682 980 successus
1705 939 1856 978 lubenti
1880 939 2012 977 animo
2031 950 2303 990 apprecamur.

1520 1003 1563 1040 In
1585 1001 1877 1051 Prolegomenis
1891 1000 2151 1039 Constantius
2170 1012 2207 1052 p.
2224 1001 2322 1040 LVII
2339 1013 2423 1052 seq.

1467 1063 1515 1102 de
1531 1063 1921 1113 antiquisCanonum
1935 1061 2234 1102 collectionibus
2249 1062 2426 1111 disserit,

1470 1126 1618 1164 Latinis
1633 1125 1866 1176 praesertim
1884 1154 1893 1174 ,
1909 1123 1988 1161 MS.
2015 1121 2248 1175 corbejense·
2268 1124 2355 1164 Sec.
2372 1124 2422 1162 VI

1471 1188 1545 1228 sub
1561 1188 1590 1225 V
1597 1187 1698 1237 igilio
1721 1198 1757 1236 p.
1774 1186 1891 1224 LXII.
1909 1183 2186 1234 Qvesnelliana
2204 1185 2253 1225 ad
2276 1185 2427 1224 calcem

1471 1261 1634 1302 operum
1677 1249 1818 1287 Leonis
1854 1249 1901 1287 M.
1926 1258 2046 1298 quam
2079 1247 2225 1287 Gelasii
2249 1251 2426 1298 tempore

1473 1314 1535 1352 vel
1561 1323 1638 1350 non
1663 1310 1731 1349 diu
1750 1314 1840 1361 post
1862 1311 2120 1360 compositam
2141 1309 2319 1361 disputat
2337 1320 2425 1360 pag.

1474 1376 1624 1415 LXVII.
1646 1370 1944 1424 Lonyobardica
1965 1372 2146 1411 Biblioth.
2164 1371 2428 1417 Colbertinae,

1474 1448 1592 1489 quam
1616 1437 1743 1488 priore
1780 1446 1857 1473 non
1888 1433 2087 1484 juniorem
2124 1433 2311 1472 observat
2340 1444 2427 1483 pag.

1474 1500 1637 1539 LXXIX
1657 1503 1697 1536 et
1720 1498 1793 1536 alia
1814 1497 2002 1548 ampliore
2017 1495 2198 1546 ejusdcm
2218 1494 2430 1534 Bibliothe-

1473 1574 1567 1611 cae,
1591 1572 1640 1600 ex
1663 1560 1818 1599 duabus
1841 1558 2110 1610 superioribus
2132 1559 2237 1596 circa
2268 1555 2432 1596 Annum

1477 1625 1552 1662 660
1583 1624 1622 1661 in
1649 1622 1786 1661 Galliis
1807 1622 1975 1660 conflata
2003 1631 2090 1671 pag.
2116 1619 2345 1659 LXXXVII.
2378 1620 2435 1657 De

1476 1686 1706 1725 collectione
1724 1684 1948 1723 DIONYSII
1981 1681 2154 1731 Eoeiyuz',
2177 1683 2246 1731 qui
2275 1679 2434 1720 Pontifi-

1478 1758 1569 1786 cum
1593 1747 1751 1785 decreta
1767 1746 1950 1784 hortante
1970 1745 1990 1782 J
1996 1745 2125 1783 uliano
2147 1743 2187 1782 S.
2201 1741 2436 1782 Anastasiae

1480 1808 1715 1858 Presbytero
1739 1806 1921 1857 adjunxit
1944 1806 2048 1845 circa
2070 1804 2218 1844 saeculi
2242 1804 2345 1843 sexti
2369 1803 2441 1841 ini-

1481 1871 1535 1909 tia
1558 1882 1595 1921 p.
1619 1869 1704 1909 XC.
1732 1869 1789 1908 De
1818 1868 1961 1909 Codice
1990 1867 2200 1907 Canonum
2234 1865 2438 1906 Ecclesiae

1478 1930 1698 1984 Africanae
1712 1942 1747 1982 p.
1766 1930 1901 1970 XCIV.
1927 1931 1984 1970 De
1999 1927 2216 1969 Concordia
2231 1929 2437 1970 canonum

1479 1997 1640 2032 auctore
1677 1991 1962 2033 CRESCONIO
1999 1989 2093 2029 Afro
2133 1990 2237 2028 circa
2272 1988 2437 2027 Annum

1481 2055 1556 2093 690
1581 2066 1618 2105 p.
1642 2055 1719 2094 CV.
1744 2054 1799 2092 De
1822 2052 1964 2092 Codice
1988 2052 2219 2099 Canonum,
2244 2061 2365 2101 quern
2389 2048 2438 2088 Α·

1480 2115 1557 2154 774
1581 2115 1646 2154 vel
1671 2113 1746 2153 787
1766 2112 2055 2152 HADRIANUS
2077 2113 2105 2152 Ι.
2131 2112 2269 2152 Carolo
2288 2112 2336 2151 M.
2361 2115 2440 2150 tra-

1482 2176 1595 2222 didit,
1619 2175 1724 2215 edito
1747 2176 1921 2226 primum
1955 2176 2177 2225 Moguntiae
2201 2172 2247 2213 A.
2273 2174 2377 2214 4525
2402 2185 2441 2224 p.

1482 2239 1614 2279 CVIII.
1654 2239 1710 2276 De
1738 2237 1970 2276 collectione
1994 2236 2099 2287 apud
2122 2235 2322 2287 Hispanos
2345 2236 2442 2274 scri-

1482 2303 1549 2351 pta
1565 2304 1654 2349 post
1673 2298 1832 2338 Annum
1848 2299 1923 2337 589
1940 2303 1980 2337 et
1996 2297 2144 2337 Isidoro
2159 2299 2222 2337 VI.
2239 2299 2289 2338 15
2307 2297 2439 2349 Origg.

1484 2361 1665 2409 laudata,
1690 2373 1726 2412 p.
1748 2362 1850 2400 CXI.
1876 2362 1932 2399 De
1955 2360 2097 2400 Codice
2121 2360 2384 2399 Canonurnin
2403 2360 2441 2398 X

1485 2423 1612 2461 diviso
1636 2423 1754 2463 libros
1779 2427 1819 2462 ct
1841 2424 1919 2462 MS.
1959 2424 1999 2461 in
2027 2421 2208 2461 Biblioth.
2237 2421 2442 2462 Ecclesiae

1486 2486 1698 2524 Toletanae
1714 2498 1750 2536 p.
1767 2486 1927 2525 CXXII.
1939 2486 1996 2524 De
2009 2485 2239 2524 collectione
2258 2484 2444 2524 ISIDORI

1487 2546 1807 2588 MERCATORIS
1826 2559 1876 2586 ex
1895 2548 2003 2586 veris
2031 2547 2219 2597 falsisque
2250 2549 2291 2586 et
2324 2547 2446 2585 inter-

1488 2611 1630 2662 polatis
1675 2610 1947 2649 monumentis
1995 2608 2163 2648 conflata
2206 2619 2243 2659 p.
2286 2608 2442 2648 CXXV.

1489 2673 1574 2711 Hac
1595 2670 1761 2723 fraude,
1786 2675 1881 2711 sunt
1904 2683 1941 2722 p.
1963 2670 2141 2710 CXXVII
2158 2669 2280 2708 verba
2295 2668 2445 2709 laudati

1490 2735 1733 2784 Constantii,
1751 2745 1871 2785 quam
1893 2733 1946 2772 sit
1952 2731 2175 2785 perniciose
2197 2730 2244 2770 de
2263 2730 2444 2770 Ecclesia

1490 2795 1656 2836 meritas
1679 2795 1762 2834 clici
1779 2795 1855 2837 vice
1872 2798 2011 2847 potest.
2036 2793 2136 2835 Hinc
2158 2791 2355 2832 debilitati·
2373 2804 2444 2846 pe-

1547 2948 1581 2988 a)
1598 2946 1733 2979 Journal
1749 2945 1804 2978 des
1818 2949 1942 2978 Savans
1959 2949 1995 2978 Α.
2011 2945 2092 2977 1722
2109 2953 2183 2986 pag.
2197 2942 2235 2976 21
2255 2942 2313 2975 166
2329 2941 2447 2975 et217.

1485 3000 1656 3029 Mernoires
1670 2996 1709 3027 de
1725 2999 1873 3026 Trcvoux
1895 2999 1957 3027 An.
1975 2995 2057 3026 1722
2073 3004 2147 3036 pag.
2167 2992 2245 3024 1541
2271 2992 2364 3024 1681.

1550 3047 1585 3086 b)
1601 3046 1688 3078 Idem
1701 3048 1760 3076 An.
1780 3044 1859 3075 1725
1873 3053 1947 3084 pag.
1968 3044 2039 3076 182.
2053 3046 2111 3076 nic
2126 3044 2313 3083 Moplnotus
2328 3045 2448 3074 auctor

1487 3096 1659 3138 apologiae
1677 3102 1736 3136 pro
1748 3095 1944 3125 coustantio
1957 3094 2064 3125 editae
2075 3095 2197 3124 Romae
2210 3093 2247 3125 Α,
2263 3090 2343 3122 1724
2357 3092 2447 3130 quod

1487 3149 1521 3179 in
1554 3148 1717 3184 paparum
1743 3145 1978 3174 auctoritatem
2001 3143 2142 3182 inJ‘urIus
2172 3148 2238 3172 non
2270 3138 2381 3172 ruerit.
2401 3140 2447 3172 id.

1488 3204 1563 3236 pag.
1582 3194 1674 3225 1708.
1943 3193 1951 3200 ·

1547 3243 1579 3281 c)
1602 3243 1690 3274 Idem
1709 3250 1783 3281 pag.
1806 3239 1888 3271 2¹0⁴
1910 3239 2046 3272 Journal
2063 3240 2120 3273 des
2137 3242 2260 3272 savans
2290 3241 2350 3271 An.
2368 3237 2449 3270 1726

1487 3302 1562 3334 pag.
1581 3292 1642 3324 520
1655 3295 1687 3324 ct
1704 3295 1741 3324 A.
1760 3290 1839 3322 1752
1853 3297 1929 3330 pag.
1945 3290 2019 3322 232.
