2500 3841
873 270 1261 311 FRANCIAE

125 338 162 378 7.
193 338 311 376 Gesta
336 334 510 386 Philippi
543 335 740 387 Auyusu,
784 339 1024 379 Francorum

68 401 208 451 Regis,
230 399 428 448 descripta
447 409 468 436 a
481 399 667 447 Magistro
682 399 876 450 Ri'yorclo,
901 402 1025 440 Chro-

69 460 270 512 nographo
292 461 411 511 Regio
448 470 536 510 pag.
559 460 649 498 458.

122 523 158 561 8.
185 519 382 561 Guilermi
404 519 602 569 Britonis‚
632 520 850 570 Armorici‚
881 524 1029 574 Philip-

66 584 180 635 pidos
201 583 288 622 libri
322 584 410 622 XII.
438 584 614 622 carmine
640 584 751 633 epico
781 583 829 621 ad
859 584 1026 622 Ludovi-

65 657 159 685 cum
183 645 308 684 filium
331 647 482 697 Regem
500 676 511 693 ,
537 657 573 695 p.
598 645 689 684 226.

118 707 155 745 9.
173 707 460 758 Fragmentum
477 708 688 745 continens
700 710 814 757 qesta
837 706 1029 746 Lwlovz'ci

69 768 176 807 VIII.
198 771 335 820 Regis.
359 770 427 819 qui
452 770 597 808 Sancto
619 769 819 807 Ludovico
841 770 938 820 Regi
962 781 1030 820 pa-

65 835 127 869 ter
149 831 234 870 fuit.
259 843 296 882 p.
322 831 412 869 396.

119 893 181 932 40.
215 892 336 931 Gesta
363 891 503 932 Sancti
529 891 749 941 Ludovici,
784 891 1028 932 Francorum

63 955 208 1005 Regis,
245 954 445 1005 descripta
481 966 553 1005 per
581 955 744 994 fratrem
778 954 1027 994 Guilermum

63 1016 111 1055 de
130 1016 300 1068 Nariyz‘s,
324 1017 561 1057 Monachum
580 1018 618 1056 S.
640 1018 819 1068 Dionysii
845 1018 884 1055 in
908 1019 1029 1057 Fran-

58 1080 130 1118 cia.
154 1090 243 1130 pag.
266 1078 356 1118 400.

119 1142 184 1180 44.
202 1139 396 1190 Ejusdem
423 1140 472 1179 de
496 1141 622 1192 gestis
643 1140 816 1193 Philippi
831 1140 1009 1181 Audacis

66 1201 255 1241 Ludovici
287 1203 423 1242 Sancti
447 1202 528 1241 filii.
552 1214 640 1254 pag.
668 1203 865 1243 474—504.

115 1263 366 1316 Marquardi
385 1265 605 1304 FREHERI
641 1266 799 1316 Corpus
822 1266 1029 1306 FRANCI—

65 1328 147 1367 CAE
197 1327 391 1366 Historiae
442 1328 594 1366 veteris
638 1332 678 1366 et
722 1329 925 1376 sincerae,
978 1328 1025 1367 ad

63 1388 310 1429 Ludovicum
350 1391 457 1429 XIII.
497 1390 647 1429 Galliae
685 1392 846 1441 Regem.
876 1393 1026 1430 HanOV.

67 1452 183 1491 4643.
211 1452 274 1491 fol.

116 1513 252 1552 lvonis
287 1514 474 1566 Episcopi
516 1515 549 1563 a)
599 1515 647 1554 ab
676 1515 793 1554 Anno
824 1517 939 1556 4092.
979 1517 1027 1555 ad

67 1577 185 1615 4445.
214 1576 502 1624 Carnotensis‚
543 1578 591 1617 de
627 1579 752 1629 gestis
791 1590 811 1617 a
849 1582 1028 1629 tempore

61 1639 212 1689 Regum
229 1637 490 1689 Assyriorum
507 1651 638 1690 usque
654 1640 701 1678 ad
718 1641 1026 1679 Constantinum

60 1701 248 1751 Magnum
272 1712 359 1751 pag.
392 1703 427 1740 4.
467 1712 560 1740 cum
598 1701 711 1740 brevi
752 1702 948 1741 Chronico
980 1702 1029 1739 de

60 1762 237 1813 Regibus
260 1764 504 1802 Francorum
536 1775 557 1802 a
588 1763 867 1803 Pharamundo
896 1775 1026 1813 usque

61 1823 111 1862 ad
140 1824 396 1875 Philippum⁷
441 1827 511 1875 qui
550 1826 729 1864 decessit
770 1836 873 1864 anno
916 1827 1027 1877 regni

63 1887 202 1925 XLIX.
224 1887 380 1927 CHristi
403 1888 519 1926 4408.

1022 1174 1030 1193 7

116 1949 156 1987 S.
193 1948 408 1999 Greyorii,
450 1950 616 1987 Toronis
659 1950 745 1987 sive
784 1950 1028 1988 Turonensis

64 2011 250 2061 Episcopi
277 2040 285 2057 ‚
313 2003 427 2061 gesta
457 2012 611 2062 Regum
634 2012 877 2050 Francorum
908 2013 1031 2061 epito-

63 2077 171 2111 mata
195 2073 404 2124 Capitibus
424 2074 521 2111 LIII.
537 2084 666 2124 usque
685 2073 732 2112 ad
755 2073 919 2112 Annum
935 2073 1025 2112 720.

59 2145 146 2185 pag.
183 2136 247 2174 55.

113 2196 347 2236 Nazariani
368 2196 548 2236 Annales
577 2197 724 2236 breves
753 2198 801 2236 ab
829 2198 906 2236 An.
935 2198 1023 2236 707.

31 2305 36 2309 ⁴
61 2270 140 2309 quo
162 2260 326 2310 Pipinus
350 2260 482 2298 senior
500 2270 666 2310 regnare
691 2261 839 2310 coepit,
860 2259 909 2298 ad
933 2259 1025 2299 790.

61 2333 148 2372 pag.
179 2323 243 2360 86.

113 2382 354 2434 Fredeyarii
368 2384 601 2423 Scholastici
612 2383 704 2422 hist.
722 2384 920 2423 Miscellae
932 2396 1024 2436 pars

59 2450 249 2497 excerpta
284 2458 334 2485 ex
372 2446 570 2486 Chronica
596 2445 805 2499 Greqorii,
837 2447 1022 2496 Episcopi

62 2508 312 2548 Thoronachi
337 2510 638 2559 (Turonensis)
663 2509 859 2559 capitibus
882 2507 1022 2547 XCIII.

65 2582 153 2622 pag.
183 2571 248 2610 90.
277 2571 327 2610 ab
355 2571 574 2623 origInibus
611 2572 852 2609 Francorum
895 2580 1024 2619 usque

63 2632 111 2671 ad
133 2632 420 2684 Chilpericum.

115 2693 310 2745 Ejusdem
340 2694 581 2746 Fredeyarii
620 2694 816 2733 Chronica
856 2704 878 2731 a
916 2696 1025 2732 (iun-

63 2760 236 2796 trammo
255 2757 362 2808 Rege
386 2758 628 2796 Francorum
646 2767 774 2805 usque
792 2754 840 2793 ad
861 2754 1022 2794 Annum

64 2817 153 2858 739.
180 2818 376 2870 capitibus
400 2818 485 2857 CX.
511 2830 548 2869 p.
578 2818 664 2857 448.

115 2880 327 2932 Appendix
356 2893 405 2920 ex
435 2881 511 2919 alio
536 2879 681 2919 Codice
702 2879 751 2917 ab
784 2878 829 2916 A.
854 2878 931 2915 742
976 2879 1022 2916 ad

63 2940 154 2980 768,
180 2953 267 2993 pag.
294 2942 384 2982 460.
581 2988 588 2993 ⁴

112 3002 393 3052 Erchanberii,
418 3006 505 3043 sive
523 3000 797 3041 Erchanberti
811 3002 1023 3051 Fragmen-

59 3069 146 3104 tum
169 3076 220 3103 ex
248 3065 444 3104 breVIario
487 3066 730 3103 Francorum
761 3067 801 3100 et
829 3061 1019 3112 Majorum

59 3126 202 3165 domus
227 3138 313 3178 pag.
335 3127 424 3167 467.
455 3138 477 3166 a
502 3126 702 3166 Clothario
719 3156 729 3173 ‚
756 3126 842 3163 sive
867 3125 915 3162 ab
945 3124 1021 3163 An.

63 3199 113 3227 no
135 3189 212 3227 643
249 3189 297 3228 ad
336 3187 426 3228 737.
453 3193 494 3228 ct
519 3189 693 3226 alterum
730 3187 933 3237 egregium
972 3187 1020 3225 de

117 3319 151 3360 a)
166 3322 411 3353 sammarthan.
436 3326 517 3354 tom.
536 3321 555 3350 ’.ἒ
571 3320 692 3351 Galliae
717 3319 927 3349 Christi-'inae
952 3327 1012 3358 pag

55 3368 132 3401 487.
156 3370 247 3410 seqq.

1983 278 2054 317 591

1101 343 1234 393 l’ipino
1259 346 1443 390 seniore,
1468 344 1655 396 Ansegisi
1678 346 1720 383 F.
1744 346 1793 385 ab
1831 347 1947 386 Auno
1973 348 2062 387 688.

1099 403 1148 442 ad
1173 405 1262 443 692.
1297 416 1381 456 pag.
1409 408 1499 446 468.

1155 465 1273 504 Pauli
1294 467 1567 520 warnefridi,
1596 470 1838 519 Langobardi
1865 473 1905 510 F.
1926 473 2061 512 Diaco-

1102 526 1138 562 ni
1164 527 1458 576 Forojulicnsis7
1483 529 1530 567 cle
1551 530 1766 582 Episcopis
1791 534 1976 573 Alleteiisis
1998 535 2064 575 Ci-

1098 586 1233 626 vitatis
1270 589 1317 627 ab
1348 589 1584 638 Apostolicis
1611 594 1886 642 temporibus7
1919 598 2006 635 sive
2037 609 2060 636 a

1100 648 1305 687 Clemente
1344 650 1392 688 ad
1416 650 1577 689 Annum
1619 653 1708 691 777.
1748 666 1819 694 seu
1861 668 1987 707 usque
2012 658 2060 697 ad

1100 709 1402 759 Angilran‘inum
1422 741 1429 758 ἲ
1451 714 1513 750 cui
1537 713 1645 751 liunc
1672 715 1813 755 librum
1837 719 1981 757 Paulus
2007 721 2063 758 in-

1103 772 1267 821 scripsit
1305 783 1391 822 pag.
1419 774 1507 811 474.

1159 831 1351 883 Ejusdem
1370 835 1476 872 Pauli
1493 836 1814 887 Supplementum
1837 842 2064 892 Lungyoliar-

1103 892 1283 932 dicorum
1312 906 1333 932 e
1357 896 1465 934 IvlSto
1487 898 1661 935 Palatino
1685 911 1771 949 pag.
1791 902 1876 939 478.
1907 904 1970 941 ubi
1996 916 2064 942 ex-

1102 959 1230 995 trema
1250 958 1360 1008 regni
1378 958 1661 1009 Longobardici
1680 961 1777 998 liniti
1795 962 1838 999 A.
1863 963 1949 1002 773.
1971 976 2062 1004 cum

1100 1020 1282 1057 stetisset
1303 1031 1375 1070 per
1398 1031 1524 1059 annos
1554 1021 1645 1059 206.
1685 1033 1734 1060 cx
1774 1035 1852 1072 quo
1888 1026 1958 1075 ipsi
1990 1029 2064 1066 lta·

1102 1080 1193 1119 liam
1218 1082 1480 1121 intraverant.

1153 1142 1347 1196 Anonymi
1371 1145 1641 1196 fragmentum
1673 1148 1857 1187 Chronici
1883 1150 1931 1188 ab
1951 1150 2065 1190 Anno

1101 1204 1191 1243 776.
1216 1206 1263 1244 ad
1288 1206 1450 1246 Annum
1493 1209 1583 1248 823.
1609 1221 1696 1260 pag.
1734 1211 1823 1249 479,
1863 1213 2066 1251 Postremo

1101 1267 1184 1306 loco
1209 1268 1376 1308 affertur
1397 1271 1706 1321 Juramentum„
1748 1274 1853 1324 quod
1891 1276 2065 1314 Romano

1102 1330 1207 1368 clero
1231 1335 1272 1368 et
1296 1333 1438 1382 populo
1463 1334 1668 1384 Eugenius
1694 1336 1796 1386 l‘apa
1821 1336 1948 1375 facere
1994 1339 2065 1376 im-

1106 1393 1261 1441 peravit
1281 1406 1288 1430 :
1315 1394 1505 1433 Promitto
1528 1406 1596 1445 e90
1617 1395 1681 1434 ille
1701 1408 1778 1448 per
1801 1399 1871 1435 DE
1877 1400 1948 1438 L'JI
1977 1401 2065 1438 Om-

1103 1453 1349 1504 nipotentem)
1368 1461 1405 1494 et
1415 1469 1491 1507 per
1510 1458 1585 1496 istu
1601 1470 1723 1498 sacru
1738 1464 1911 1512 quotuor
1931 1462 2065 1500 Evan-

1098 1515 1227 1564 gyelia‚
1253 1520 1289 1554 et
1317 1528 1393 1567 per
1421 1519 1522 1557 lianc
1557 1521 1726 1560 Crucem
1751 1522 1908 1561 Domini
1937 1524 2065 1562 nostri

1100 1578 1231 1618 JESU
1247 1579 1422 1629 CHristr‘,
1445 1585 1483 1620 et
1492 1594 1568 1633 per
1592 1595 1736 1636 corpus
1757 1583 1976 1623 beatissimi
1993 1587 2062 1624 Pe—

1103 1641 1160 1679 tri
1190 1641 1398 1693 Principis
1434 1644 1711 1696 Apostolorum
1731 1679 1739 1690 ,
1772 1649 1877 1699 quod
1909 1648 1960 1686 ab
1990 1648 2063 1687 hac

1101 1702 1164 1740 (lie
1188 1703 1226 1741 in
1244 1703 1429 1755 futurum
1448 1706 1576 1756 fidelis
1610 1720 1677 1746 ero
1717 1710 1891 1749 Dominis
1916 1711 2063 1750 nostris

1103 1765 1419 1815 Imperator-ibus
1444 1767 1661 1808 Hluclovico
1683 1775 1720 1809 et
1736 1771 1955 1821 Hloclzario.
1981 1773 2063 1811 ‹lie-

1105 1825 1177 1865 (ηις
1199 1828 1305 1866 vitae
1329 1841 1457 1878 meae.
1472 1831 1602 1882 juaeta
1626 1832 1736 1872 vires
1761 1837 1798 1872 et
1828 1833 2062 1873 intellectum

1103 1901 1235 1928 meum
1255 1922 1264 1937 ‚
1290 1891 1375 1929 sine
1398 1891 1547 1943 fraude
1584 1898 1702 1945 atque
1743 1895 1848 1933 malo
1883 1896 2061 1947 inqeniO.

1103 1950 1218 1990 salva
1240 1951 1319 2002 sicle
1343 1964 1464 2003 quam
1488 1955 1702 2007 repromisi
1721 1956 1884 1994 Domino
1902 1957 2064 2008 Aposto-

1072 2040 1075 2044 -
1103 2012 1198 2051 lico.-
1225 2017 1263 2052 et
1284 2015 1398 2065 quod
1420 2027 1496 2054 non
1516 2018 1777 2065 consentiam.
1808 2022 1854 2057 ut
1875 2019 1994 2057 aliter
2024 2019 2063 2057 in

1100 2076 1173 2115 liae
1202 2076 1292 2115 sede
1311 2079 1493 2117 Romana
1511 2079 1585 2129 siat
1602 2079 1734 2118 electio
1759 2080 1956 2131 Pontificis
1974 2112 1982 2127 ‚
2003 2081 2062 2118 *ni-

1100 2137 1136 2175 si
1154 2138 1339 2177 canonice
1362 2143 1400 2177 et
1408 2141 1521 2191 juste
1540 2173 1548 2188 .
1579 2142 1796 2180 secundum
1815 2142 1922 2181 vires
1943 2145 1982 2181 et
2005 2154 2061 2180 zn-

1101 2198 1295 2238 tellectum
1314 2212 1468 2240 meum:
1490 2206 1528 2240 et
1543 2202 1604 2240 ille
1622 2203 1693 2254 qui
1707 2203 1851 2242 electus
1864 2203 1992 2255 suerit
2003 2216 2062 2243 me

1099 2262 1372 2311 consentiente,
1396 2267 1652 2303 consecratus
1679 2264 1866 2316 Pontifeae
1888 2277 1961 2303 non
1978 2266 2061 2317 fiat,

1092 2323 1337 2375 priusquam
1353 2325 1430 2364 tale
1441 2330 1738 2365 sacramentum
1752 2326 1880 2380 faciat
1892 2327 1930 2365 in
1944 2340 2065 2380 prae-

1098 2386 1226 2424 sentia
1249 2387 1366 2426 Missi
1386 2388 1544 2426 Domini
1562 2389 1821 2440 Imperatoris
1842 2419 1848 2436 .
1880 2393 1917 2427 et
1940 2402 2065 2441 popu-

1099 2447 1145 2497 li,
1165 2460 1254 2486 cum
1269 2450 1500 2488 Juramenco
1517 2449 1634 2502 quale
1648 2451 1838 2489 Dominus
1856 2451 1888 2488 E
1893 2451 2059 2501 uqenius

1098 2511 1210 2561 Papa
1229 2514 1362 2561 sponte
1383 2523 1457 2563 pro
1482 2513 1783 2551 conservatione
1807 2513 1977 2561 omnium
2001 2512 2063 2564 fa-

1099 2575 1204 2609 ctum
1233 2571 1351 2610 habet
1372 2573 1659 2625 perscriptum.
1756 2619 1762 2623 ¹

1152 2632 1354 2683 Epistolae
1381 2629 1605 2673 Francicae
1624 2637 1839 2674 LXXXIII.
1866 2647 1954 2686 pag.
1983 2637 2058 2675 '182

1098 2697 1291 2745 repetitae
1316 2695 1460 2734 deindo
1490 2697 1539 2734 ab
1570 2696 1727 2735 Andron
1759 2697 1813 2736 (lu
1843 2697 2001 2736 Chesne
2033 2703 2059 2735 t.

1100 2757 1135 2794 4.
1166 2767 1300 2795 rerum
1328 2758 1569 2797 Francorum
1590 2770 1677 2809 pag.
1705 2758 1797 2797 817.

1153 2816 1340 2869 (ἶνθῃονίί
1378 2820 1588 2868 Florentii,
1636 2821 1818 2871 Episcopi
1860 2820 2059 2868 Turonici.

1098 2881 1359 2919 Historiarum
1385 2882 1470 2920 libri
1497 2882 1636 2920 decem
1658 2911 1664 2927 .
1691 2894 1778 2932 pag.
1803 2884 1838 2921 4.
1871 2894 1962 2921 cum
2001 2896 2060 2922 re-

1098 2942 1377 2992 capitolationo
1401 2944 1449 2981 dc
1470 2945 1678 2995 Episcopis
1693 2945 1901 2983 'I'uronicis
1921 2955 1942 2982 a
1963 2944 2061 2983 Gra-

1099 3004 1205 3041 tiano
1232 3006 1358 3054 primo
1385 3007 1576 3056 (ternpore
1602 3007 1721 3053 Decii)
1746 3017 1873 3055 usque
1893 3005 1940 3044 ad
1965 3006 2061 3045 Gre—

1097 3067 1250 3114 gorium
1278 3065 1386 3105 XIX.
1412 3068 1668 3117 Episcopum.
1691 3079 1778 3117 pag.
1812 3068 1899 3105 240.

1150 3125 1290 3164 Decem
1315 3126 1437 3165 libros
1475 3127 1772 3169 Historiarum.
1806 3129 1935 3178 iuquit
1971 3141 2055 3179 pag.

1098 3187 1176 3226 0243
1202 3198 1304 3225 anno
1341 3189 1528 3239 viqesimo
1559 3189 1689 3239 primo
1730 3201 1750 3227 a
1795 3189 2058 3231 ordinaciom's

1151 3319 1178 3353 ass
1202 3320 1351 3356 Gregorii
1373 3320 1394 3349 I.
1415 3321 1520 3357 Papae
1537 3321 1655 3358 (ιιιίιιῑο
1680 3321 1830 3358 :LIII-isti
1846 3321 1950 3360 595.)
1977 3325 2062 3355 Gun-

1093 3367 1246 3399 llu·ranni
1274 3370 1368 3406 Regi<
1392 3370 1495 3399 xxxi.
1523 3368 1725 3401 childeberti
1750 3372 1896 3409 junioris
1923 3375 2001 3404 xlx.
