2500 4009
974 298 1086 345 JO.
1153 286 1360 343 DOM.
1422 290 1709 341 MANSI

1198 412 1479 454 PRAEFArio

416 519 496 595 Jo.
530 548 676 592 :leerti
706 546 867 587 Fabricii
895 542 1110 595 Lipsiensis
1137 542 1174 578 in
1201 539 1406 577 historiam
1433 536 1662 575 litterariam
1689 543 1831 583 magna
1858 535 1953 570 sunt
1979 530 2150 576 merit33
2178 526 2323 566 melius

364 627 496 658 tamen
525 616 572 653 de
599 616 747 650 Graeca
773 619 893 659 quam
921 606 969 645 de
996 605 1115 643 latina
1142 603 1345 640 literatura
1374 598 1641 649 promeruisse
1667 595 1778 633 illum
1803 598 1843 632 et
1869 593 1972 630 docti
2002 599 2142 628 omnes
2179 591 2328 626 norunt

366 687 406 719 et
441 690 503 717 res
530 680 611 727 ipsa
639 674 898 712 demonstrat.
939 665 1141 707 GRAECA
1178 664 1284 702 enim
1311 661 1413 700 xlv.
1442 671 1518 698 non
1546 659 1712 707 exiguae
1740 656 1854 694 molis
1880 658 1920 692 et
1946 653 2093 690 formae
2121 648 2332 688 volumini-

369 745 441 780 bus
469 742 532 776 vix
562 736 723 776 tandem
751 731 984 782 complexus
1010 732 1097 769 est:
1127 723 1306 764 LATINA
1326 733 1422 761 vero
1442 721 1572 759 omnia
1592 725 1676 757 tum
1701 716 1883 756 felicioris
1902 725 1996 753 cum
2023 712 2217 762 sequioris
2241 710 2331 749 aevi

369 807 470 841 intra
499 801 598 838 vlu.
624 793 900 836 tantummodo
928 791 1092 830 minoris
1131 789 1277 826 formae
1303 784 1512 823 contraxit.
1551 782 1653 819 Cum
1695 783 1830 817 tamen
1857 778 1896 814 in
1923 775 2085 815 Graecis
2121 773 2334 823 diligenter

369 866 566 904 laborasse
599 861 709 898 illum
738 857 903 906 scripsi:
933 852 1037 891 haud
1066 853 1116 889 ita
1144 855 1276 887 tamen
1305 845 1604 885 immaculatum
1634 852 1734 893 opus
1760 839 1855 879 illud
1883 838 2002 878 velim
2027 835 2191 876 credant
2216 835 2336 874 lecto-

369 938 459 967 res.
487 925 582 974 quin
611 919 810 958 interdum
850 922 890 954 et
931 925 1048 964 saepe
1087 921 1241 949 errasse
1268 908 1521 947 arbitrentur.
1551 906 1680 944 Unum
1707 903 1931 942 alterumve
1956 897 2185 948 exemplum
2210 895 2334 935 obiter

370 987 559 1025 indicabo.
573 986 674 1023 Cum
691 982 824 1019 scribit
845 976 1000 1017 Li'bam'i
1023 974 1222 1025 Epistol-as
1242 982 1262 1009 e
1283 971 1431 1008 Graeco
1453 969 1594 1006 iterum
1623 974 1761 1004 versas
1777 975 1798 1002 a
1812 963 1962 1001 Joamze
1976 956 2224 1010 Sommerfclt
2244 957 2337 996 Cra-

370 1051 509 1087 eoviae
537 1046 665 1085 editas
709 1044 744 1080 in
785 1042 904 1080 libros
943 1037 1134 1083 distingui
1165 1039 1273 1077 tres,
1301 1034 1338 1069 in
1366 1042 1412 1069 eo
1437 1028 1621 1079 equidem
1649 1028 1749 1065 bono
1774 1023 2003 1064 dormitanti
2034 1022 2202 1060 Homero
2225 1018 2339 1057 obre-

371 1118 481 1162 ptum
507 1112 690 1154 constat3
714 1106 763 1144 ibi
792 1105 897 1141 enim
925 1102 1113 1140 librorum
1136 1097 1293 1147 partitio
1320 1093 1426 1132 nulla
1447 1096 1533 1139 est,
1555 1089 1623 1127 sed
1651 1087 1839 1139 epistolae
1861 1094 2001 1124 omnes
2027 1083 2066 1120 in
2093 1091 2171 1120 una
2192 1080 2336 1119 seriem

371 1175 419 1212 ad
451 1173 569 1211 linem
597 1180 725 1218 usque
752 1167 1049 1205 continuantur.
1078 1162 1180 1197 Sunt.
1210 1159 1371 1205 insuper
1398 1154 1586 1205 epistolae
1612 1161 1752 1189 omnes
1780 1150 1816 1186 in
1845 1156 2012 1186 numero
2039 1144 2115 1182 446
2143 1153 2219 1181 non
2247 1139 2336 1180 447.

372 1242 415 1275 ut
448 1235 646 1273 Fabricius
677 1228 922 1280 supputavit.
970 1225 1077 1260 lnter
1117 1221 1255 1258 Lexica
1289 1217 1595 1255 Graeco—Latina
1625 1211 1890 1251 recentiorum
1920 1209 2050 1246 locum
2079 1205 2248 1256 priorem
2276 1212 2340 1242 as-

374 1299 469 1335 serit
499 1294 771 1333 Vocabulistae
801 1285 965 1326 loannis
1006 1281 1215 1323 Chi-esrom·
1249 1279 1484 1320 carmelitae
1524 1273 1764 1318 Placentini,
1793 1281 1912 1321 quem
1947 1270 2002 1308 ait
2038 1267 2189 1306 editum
2231 1264 2339 1315 Regii

376 1358 505 1409 Lepidi
538 1358 611 1394 An.
646 1352 771 1398 1497,
803 1352 840 1387 in
872 1352 907 1386 8.
942 1353 1028 1386 tum
1059 1355 1245 1384 recusum
1289 1353 1312 1381 a
1352 1342 1457 1379 Bono
1499 1335 1690 1376 Accursio
1735 1333 1879 1373 Pisano
1915 1331 2172 1378 dicatumque
2199 1324 2345 1364 Joanm‘

376 1418 590 1458 francisco
624 1412 821 1452 Turriano
851 1410 988 1449 Ducali
1021 1407 1222 1458 quaestori
1251 1404 1424 1443 Mutinae
1454 1400 1527 1439 An.
1560 1399 1675 1438 4499.
1707 1397 1806 1435 Vera
1836 1398 1931 1434 sunt
1960 1392 2057 1430 haec
2084 1389 2242 1436 omnia3
2271 1385 2343 1426 sed

372 1488 412 1519 et
441 1478 666 1519 addendum
698 1481 781 1515 erat
813 1478 968 1525 praeter
998 1472 1070 1509 hoc
1099 1470 1248 1507 Graeco
1273 1468 1457 1504 Latinum
1483 1459 1695 1502 Chrestoni
1720 1458 1888 1497 Lexicon
1918 1458 2056 1494 extare
2079 1455 2120 1490 et
2142 1448 2249 1490 aliud
2273 1449 2344 1487 La-

366 1547 447 1582 tino
476 1544 672 1581 Graecum
703 1537 883 1577 eiusdem
905 1534 1084 1574 authoris
1109 1531 1158 1570 ab
1181 1528 1321 1568 eodem
1342 1527 1446 1564 Bono
1469 1522 1661 1562 Accursio
1703 1519 1846 1559 Pisano
1888 1515 2125 1568 productum
2149 1512 2344 1551 dicatum-

367 1617 444 1655 que
473 1602 638 1642 Antonio
669 1598 854 1639 Bravello
884 1599 980 1637 JCto
1010 1594 1197 1646 primario
1228 1595 1268 1629 et
1297 1588 1434 1628 Ducali
1461 1582 1791 1634 (Mediolanensi)
1829 1579 2022 1620 Senatori.
2062 1576 2187 1615 Huius
2215 1572 2346 1623 operis

369 1673 453 1705 tres
483 1666 606 1704 habco
636 1663 792 1702 codices
822 1659 993 1698 diversis
1021 1657 1128 1706 typis
1148 1652 1217 1692 sed
1239 1650 1415 1700 antiquis
1443 1648 1593 1697 absque
1622 1646 1705 1684 loco
1735 1648 1776 1683 et
1804 1648 1908 1682 an'no
1937 1648 2108 1680 excusos
2132 1638 2172 1674 in
2194 1634 2233 1674 8.
2264 1643 2346 1672 ma-

371 1731 469 1777 iori3
513 1736 756 1777 quamquam
801 1723 963 1761 tertium
1007 1718 1123 1769 paulo
1166 1713 1397 1753 recentioris
1439 1715 1501 1749 est
1544 1709 1686 1747 aetatis
1706 1724 1707 1727 ¹
1730 1710 1770 1745 et
1815 1705 1963 1743 formae
2013 1698 2188 1739 minoris.
2243 1696 2347 1734 Lon-

373 1795 461 1839 gius
492 1792 658 1829 sortasse
689 1797 809 1837 quam
832 1784 1060 1822 institutum
1085 1788 1217 1817 meum
1240 1775 1439 1825 postulat,
1460 1773 1557 1810 haec
1585 1769 1747 1809 diducta
1777 1766 1904 1804 videri
1931 1764 2120 1812 cuiquam
2151 1760 2344 1810 possent;

375 1856 448 1892 nisi
479 1863 556 1903 quo
586 1850 703 1888 simul
734 1853 912 1897 tempore
957 1841 1101 1881 menda
1146 1836 1333 1876 nonnulla
1377 1832 1642 1873 Bibliothecae
1670 1828 1934 1868 Graecanicae
1963 1824 2185 1874 detegunt,
2212 1829 2350 1860 emen-

376 1915 504 1955 dando
526 1915 671 1965 pariter
692 1911 783 1948 huic
805 1909 876 1958 ipsi
898 1902 1080 1944 Fabricii
1101 1901 1208 1952 operi
1230 1899 1276 1937 V.
1301 1895 1525 1936 JOANNES
1549 1889 1808 1934 Chrestom'us
1826 1889 2019 1927 valerent.
2040 1885 2109 1924 His
2131 1887 2266 1922 tamen
2280 1890 2351 1918 ne-

381 1981 595 2029 quicquam
621 1971 898 2017 obstantil)uS‚
929 1964 1135 2005 GRAECA
1163 1961 1326 2001 Fabricii
1357 1956 1600 1997 Bibliotheca
1639 1963 1739 2004 opus
1767 1955 1831 1990 est
1861 1949 2041 1998 insigne,
2071 1943 2350 1996 dignissimum

381 2043 496 2094 piane
526 2036 631 2086 quod
663 2034 809 2073 italicis
838 2031 944 2080 typis
974 2037 1162 2066 recusum
1193 2021 1378 2061 manibus
1407 2019 1595 2057 Italorum
1628 2013 1860 2053 familiarius
1889 2008 2138 2048 redderetur.

465 2103 555 2138 i’ost
570 2094 811 2134 GRAECAM
835 2089 1010 2129 secundo
1040 2087 1164 2137 gradu
1188 2084 1366 2123 constitit
1385 2079 1624 2120 Bibliotheca
1647 2072 1829 2115 LATlNA
1855 2069 1978 2110 semel
2010 2070 2153 2107 iterum
2174 2069 2215 2104 et
2236 2063 2354 2103 tertio

388 2164 436 2201 ab
465 2160 629 2200 authore
657 2158 793 2195 limata
823 2159 942 2202 atque
972 2150 1154 2200 expolita.
1185 2147 1436 2193 Quamquam
1457 2146 1498 2180 et
1519 2139 1614 2179 illud
1643 2147 1743 2188 opus
1771 2138 1835 2173 est
1863 2132 2028 2182 dignum
2057 2128 2224 2168 authore
2254 2135 2353 2172 suo,

389 2227 503 2273 eique
547 2220 718 2259 nominis
749 2218 893 2255 famam
925 2214 1030 2251 illam
1063 2211 1259 2259 insignem
1290 2209 1453 2250 tuetur,
1482 2212 1603 2252 quam
1634 2199 1707 2238 sibi
1747 2198 1850 2234 inter
1878 2194 2016 2232 doctos
2065 2191 2120 2229 rei
2161 2187 2357 2228 literariae

393 2288 498 2323 viros
528 2281 770 2332 promeruit:
801 2277 931 2315 adhuc
962 2279 1096 2312 tamen
1127 2270 1265 2308 multis
1294 2265 1526 2318 parasangis
1554 2274 1576 2301 a
1606 2260 1846 2312 perfectione
1875 2256 2010 2294 distat.
2039 2252 2083 2292 ld
2111 2251 2274 2291 demum
2305 2247 2358 2287 illi

402 2347 581 2384 sentiunt
612 2342 916 2390 etagnoscunt.
946 2337 1011 2385 qui
1043 2332 1221 2373 authoris
1256 2329 1477 2378 cuiuspiam
1527 2324 1652 2364 Latini
1691 2331 1834 2359 novam
1864 2318 2078 2357 editionem
2122 2311 2359 2362 suscipiunt.

394 2412 495 2447 Cum
527 2408 632 2443 enim
664 2405 701 2441 in
733 2401 973 2453 praefatione
1004 2395 1208 2434 historiam
1229 2389 1551 2442 praecedentium
1582 2385 1800 2423 editionum
1829 2382 2063 2425 contexunt,
2092 2375 2222 2414 deseri
2249 2383 2293 2412 se
2320 2371 2360 2409 in

400 2473 463 2508 via
493 2482 513 2508 a
539 2467 713 2507 Fabricio
743 2475 819 2501 non
851 2460 973 2499 semel
1004 2458 1277 2508 experiuntur.
1303 2452 1424 2491 Multa
1454 2453 1550 2489 sunt
1579 2452 1712 2486 tamen
1744 2446 1783 2482 in
1813 2454 1859 2481 eo
1887 2450 2004 2491 opere
2032 2436 2234 2489 praeclara
2261 2433 2363 2472 scitu

395 2530 597 2582 jucunda,
628 2533 668 2565 et
699 2528 845 2564 frustra
875 2522 964 2561 alibi
996 2517 1243 2570 quaerenda.

479 2592 751 2631 Declinantem
783 2585 960 2624 authoris
990 2583 1050 2620 sui
1081 2583 1254 2619 aetatem
1284 2577 1408 2613 sentit
1438 2571 1677 2612 Bibliotheca
1705 2566 1899 2608 MEDIAE
1929 2568 1969 2603 et
1990 2558 2200 2602 INFIMAE
2229 2555 2362 2597 LATI-

405 2654 605 2694 Ni'rATlS
633 2652 748 2689 euius
793 2644 1044 2686 recudendae
1086 2641 1295 2680 consilinm
1321 2637 1436 2675 modo
1461 2636 1569 2673 inivi.
1600 2633 1660 2672 Ab
1693 2630 1860 2670 authore
1895 2637 1968 2666 suo
1998 2635 2070 2676 per
2107 2625 2242 2674 partes
2275 2629 2369 2658 con-

403 2720 561 2755 cinnata
591 2719 678 2759 est3
712 2716 868 2749 tantum
900 2709 1004 2746 enim
1037 2716 1105 2755 per
1135 2701 1312 2751 singulas
1342 2700 1451 2737 vices
1481 2697 1625 2743 dabat,
1646 2697 1841 2744 quantum
1878 2689 1961 2740 typi
1984 2687 2244 2738 properantes
2271 2691 2370 2732 quo-

406 2778 499 2815 tidie
515 2778 791 2826 exposcerent.
809 2771 927 2821 Operi
958 2766 1134 2806 nondum
1160 2763 1334 2815 perfecto
1356 2762 1595 2799 immortuus
1609 2760 1688 2803 est·‚
1707 2765 1780 2792 nec
1801 2752 1877 2790 nisi
1906 2750 2022 2789 annis
2045 2747 2196 2797 aliquot
2217 2743 2267 2782 ab
2281 2743 2369 2780 eius

407 2841 513 2877 obitu
545 2835 768 2876 Christiani
803 2828 1084 2881 Schoeteeyenii
1110 2837 1228 2877 opera
1261 2826 1410 2873 integro
1440 2820 1591 2859 adiecto
1621 2816 1836 2862 volumine,
1862 2813 1984 2851 totius
2012 2806 2278 2848 Bibliothecae
2302 2802 2366 2849 Vl,

410 2900 635 2938 absolutum
666 2903 739 2934 est.
772 2897 888 2935 Multa
917 2896 952 2931 in
978 2903 1024 2930 eo
1047 2889 1200 2929 erudite
1230 2887 1389 2936 scripta,
1414 2883 1619 2931 multaque
1650 2878 1826 2917 vicissim
1852 2873 2046 2924 imperite3
2075 2867 2285 2918 obreptum
2305 2867 2370 2902 est

413 2961 611 2999 interdum
645 2961 728 2995 viro
759 2960 878 3003 bonog
909 2964 1027 3004 saepe
1059 2950 1303 2990 immeditata
1333 2945 1520 2984 scribenti
1549 2941 1696 2981 excidit
1731 2937 1836 2988 quod
1874 2931 2062 2974 secundis
2095 2928 2226 2976 cuns,
2256 2927 2289 2964 si
2311 2925 2372 2963 vi·-

415 3030 493 3062 tarn
527 3023 736 3071 longiorem
769 3019 944 3055 dedisset
981 3026 1104 3059 sors,
1148 3012 1375 3050 delevisset.
1423 3008 1463 3044 ln
1508 3016 1553 3042 eo
1597 2999 1792 3042 scribendi
1823 2996 1998 3036 tumultu
2042 3000 2146 3030 unus
2187 2988 2372 3037 idemque

422 3087 587 3134 scriptor
619 3082 706 3128 bis3
745 3092 787 3118 ac
825 3080 999 3115 vicissim
1034 3076 1144 3114 multi
1184 3085 1232 3110 ne
1270 3070 1391 3109 semel
1423 3067 1582 3118 quidem
1613 3064 1812 3102 venerunt
1841 3057 1887 3097 ad
1918 3055 2129 3094 calamum.
2157 3050 2255 3097 Quis
2283 3058 2376 3088 ana-

416 3147 662 3183 ‹·hr0nisnios
694 3143 791 3180 ferat
822 3138 1084 3177 intolerabiles
1104 3135 1123 3173 ἱ)
1152 3136 1249 3181 Quis
1279 3133 1397 3171 libros
1427 3130 1605 3180 geminos
1634 3128 1673 3163 in
1715 3133 1794 3161 uno
1835 3118 1936 3158 male
1977 3115 2188 3161 confusos,
2224 3111 2288 3150 vel
2323 3120 2373 3148 ex

423 3219 499 3246 uno
529 3206 723 3243 dissectos
754 3205 790 3240 in
823 3201 1001 3250 geminos
1021 3198 1040 3235 ἱ)
1084 3199 1183 3235 llaec
1214 3201 1347 3233 tamen
1377 3199 1653 3242 quaecumque
1684 3184 1801 3224 fuerit
1828 3177 2067 3219 Bibliotheca
2104 3174 2252 3225 placuit
2287 3182 2376 3210 eru-

423 3269 528 3315 ditis,
557 3271 747 3314 tantoque
779 3262 908 3301 studio
938 3261 1161 3309 conquisita
1185 3263 1258 3304 est,
1280 3261 1324 3294 ut
1350 3254 1430 3304 jam
1463 3250 1624 3291 tandem
1648 3245 1801 3286 venalis
1825 3251 1910 3280 raro
1940 3240 2090 3290 prostet
2117 3234 2221 3286 apud
2244 3232 2378 3271 biblio-

430 3331 549 3381 polas.
583 3329 659 3367 Ne(-
692 3327 886 3363 immerito
919 3322 951 3360 id
985 3321 1167 3371 quiderm
1199 3319 1261 3355 vel
1295 3319 1349 3354 sic
1379 3317 1482 3353 enim
1515 3313 1637 3351 multa
1667 3309 1779 3347 docet
1803 3302 1971 3351 alioquin
2005 3300 2240 3349 ignotamon
2256 3303 2379 3346 pauca
2409 3312 2412 3315 >
