2500 4009
405 264 456 302 22
1151 262 1536 303 -AEuinlvs

404 333 481 373 262
506 338 545 373 et
568 345 668 384 quae
691 335 739 371 de
773 334 842 370 hoc
868 332 1018 381 AEgidio
1042 335 1113 370 viri
1138 333 1353 374 doctissimi

404 396 573 435 Jacobus
587 397 720 442 Quotii
730 401 765 433 et
784 393 952 433 Jacobus
963 393 1172 434 Echardus
1186 395 1235 436 de
1253 397 1356 436 Scri-

404 459 581 509 ptoribus
616 458 706 497 Ord.
731 456 1043 496 praedicatorum
1072 461 1165 497 tom.
1196 460 1237 507 1,
1266 471 1351 511 pag.

406 521 481 560 400
506 532 586 570 seq.
612 521 677 568 qui
703 520 804 556 inter
823 519 968 570 scripta
993 518 1079 569 ejus
1102 521 1278 561 referunt
1301 523 1356 562 le-

403 587 536 621 cturas
559 580 604 618 de
626 578 740 617 laude
754 580 977 633 Sapientiae
996 582 1179 627 Divinae,
1197 583 1243 623 de
1260 597 1356 636 pro-

403 642 578 681 fluctione
605 652 765 680 rerum:
791 653 863 681 nec
893 655 970 682 non
999 645 1286 696 emperimenta,
1316 652 1355 686 et

403 706 570 742 Tractat.
586 702 633 742 de
647 701 880 756 formatione
899 706 1075 758 corporis
1087 738 1093 747 .
1106 708 1357 758 proynostica

401 770 440 802 et.
458 765 661 815 practicus
685 765 943 806 medicinales.
969 769 1140 807 Joannes
1160 770 1355 810 Lelandus

401 838 485 877 pag.
511 826 587 866 230
623 829 740 867 etiam
766 828 944 869 homilias
967 835 1008 868 et
1047 829 1216 870 morales
1243 831 1357 870 Theo-

401 888 522 938 loqiae.
552 888 897 942 interpretationes.
942 892 1049 931 Idem
1080 899 1270 933 memorat
1298 897 1356 933 vi-

401 952 506 991 disse
535 963 577 991 se
606 952 766 1003 AEgidii‚
797 952 843 991 de
870 953 1082 1005 coyni'tione
1108 959 1149 993 et
1176 955 1222 994 de
1250 967 1354 995 men-

401 1025 502 1052 sura
535 1012 792 1065 Anyelorum,
817 1014 863 1054 de
899 1026 983 1055 esse
1015 1019 1053 1054 et
1085 1017 1277 1066 essentia,
1307 1016 1353 1056 de

399 1076 632 1129 formatione
652 1076 830 1128 corporis
848 1077 1031 1122 humani,
1056 1077 1102 1116 de
1134 1079 1354 1119 Praedesti-

401 1138 554 1177 natione
577 1143 615 1177 et
636 1139 905 1179 Praescientia
927 1140 1029 1188 DEI,
1046 1140 1092 1178 de
1113 1141 1306 1181 Paradiso
1320 1146 1358 1181 et

406 1200 559 1253 inferno
575 1233 584 1249 ‚
609 1201 656 1240 de
683 1202 980 1241 Resurrectione
1007 1205 1254 1242 mortuorum
1270 1237 1280 1253 ,
1310 1204 1356 1244 (le

402 1264 571 1303 materia
602 1263 719 1305 Coeli.
740 1266 823 1304 Non
848 1265 1011 1304 dubium
1035 1269 1167 1305 tamen
1192 1271 1254 1305 est
1277 1268 1357 1319 ple-

402 1339 522 1378 raque
546 1328 684 1367 horum
703 1356 710 1375 ,
736 1328 838 1365 sicut
860 1328 979 1366 etiam
1005 1329 1195 1379 scriptum
1212 1329 1259 1368 de
1274 1329 1356 1383 sor-

401 1389 568 1427 matc'one
603 1387 778 1440 corporis
813 1388 978 1428 humani
990 1422 999 1438 ,
1037 1393 1075 1428 et
1115 1389 1162 1429 cle
1196 1397 1356 1443 peccato

403 1448 610 1501 Oriyinali,
631 1454 669 1488 et
689 1448 975 1503 breviloquium
991 1462 1112 1504 super
1127 1451 1248 1494 libros
1264 1456 1358 1494 Sen—

403 1511 636 1562 tentiarum,
674 1517 874 1552 auctorem
904 1513 1047 1553 habere
1076 1515 1274 1567 AEgidium
1310 1519 1357 1558 de

403 1574 606 1614 Columna.
633 1574 728 1614 Vide
752 1576 793 1614 B.
819 1575 944 1614 nostri
970 1577 1114 1617 Nicolai
1138 1578 1357 1631 Staphorsti

398 1636 608 1675 Historiam
651 1636 970 1676 Ecclesiasticam
1020 1639 1357 1692 llamburgensem

400 1699 521 1736 Tomo
541 1698 606 1747 ΙΙΙ,
627 1709 712 1749 pag.
740 1699 825 1737 403.

453 1760 672 1800 AEGIDIUS
687 1759 733 1800 de
747 1760 896 1809 Leocli0‚
915 1773 1033 1814 supra
1047 1762 1204 1802 Aureae
1222 1763 1351 1804 Vallis.

452 1815 672 1862 AEGIDIUS
696 1822 742 1861 de
772 1822 957 1873 Laminie,
982 1824 1205 1864 Canonicus
1226 1826 1354 1877 Regu-

401 1885 492 1923 laris
511 1885 548 1924 S.
571 1884 798 1936 Augustini,
821 1884 938 1936 cujus
957 1886 1165 1927 Sermones
1187 1900 1263 1941 per
1285 1899 1355 1927 an-

399 1957 492 1984 num
525 1948 690 1999 scriptos
714 1948 752 1985 in
791 1947 1034 1997 membrana,
1059 1950 1218 1989 Lovanii
1240 1950 1288 1990 ad
1313 1952 1351 1991 S.

398 2010 605 2048 Martinum
627 2010 792 2057 servari,
809 2010 987 2049 Valerius
1007 2009 1185 2051 Andreas
1205 2014 1351 2052 retulit.

452 2071 672 2110 AEGIDIUS
686 2070 732 2109 de
746 2073 945 2121 Luqnaco,
961 2073 1046 2110 sive
1060 2073 1231 2112 Luniaco
1241 2104 1248 2121 ‚
1258 2074 1349 2113 Ord.

397 2134 529 2171 Minor.
565 2134 707 2171 Doctor
726 2134 983 2181 Parisiensis‚
1007 2132 1122 2184 cujus
1146 2136 1354 2174 Commen—

400 2195 495 2232 tatia
519 2195 556 2231 in
581 2196 751 2245 primum
768 2195 1061 2235 Sententiarum
1087 2207 1109 2235 a
1132 2197 1353 2250 Waddingo

403 2260 682 2295 memorantur.

454 2317 674 2357 AEGIDlUS
686 2318 892 2366 Luscinus7
909 2318 1066 2358 Ordinis
1082 2320 1214 2359 Praed.
1231 2321 1354 2360 Theo-

403 2379 532 2430 logus‚
557 2379 642 2418 aliis
663 2379 710 2418 de
745 2379 947 2429 Lasciuis,
973 2381 1058 2418 sive
1089 2381 1135 2420 de
1158 2382 1352 2430 Lessim'a⁷

403 2441 626 2479 Harmoniae
650 2441 772 2492 opido.
793 2441 892 2491 Ejus
914 2441 960 2481 de
981 2442 1200 2482 Concordia
1215 2448 1356 2497 tempo-

404 2513 496 2540 rum
532 2502 626 2541 liber
658 2514 747 2542 cum
785 2502 974 2542 Chronico
1006 2514 1027 2542 a
1066 2510 1156 2544 nato
1195 2507 1356 2545 CHristo

406 2576 532 2615 nsque
555 2564 602 2603 ad
635 2564 793 2603 Annum
820 2566 919 2604 4304-
944 2567 1020 2605 MS.
1055 2568 1211 2606 Parisiis
1234 2569 1270 2606 in
1297 2569 1359 2607 Bi-

406 2626 597 2665 bliotheca
620 2627 844 2675 sorbonico,
864 2628 967 2678 quod
985 2628 1071 2667 luce
1087 2628 1248 2680 dignum
1269 2640 1357 2668 esse

405 2691 457 2727 ait
481 2689 649 2728 Jacobus
671 2689 876 2728 Echardus
897 2694 992 2728 tom.
1019 2691 1034 2728 Ι
1055 2720 1063 2738 ,
1087 2702 1171 2741 pag.
1191 2690 1277 2730 372.
1300 2692 1360 2730 Li-

406 2751 475 2789 ber
489 2751 535 2789 de
552 2751 690 2790 usuris
706 2752 807 2790 inter
827 2751 998 2790 Thomae
1016 2751 1223 2803 Aquinatis
1245 2764 1358 2804 opera

407 2813 556 2864 prodiit.
589 2813 746 2852 Librum
770 2811 816 2851 de
843 2813 992 2851 unitate
1011 2812 1164 2866 formae
1192 2814 1359 2853 absolvit

408 2874 586 2925 AEgidius
609 2873 722 2913 Anno
746 2874 859 2913 4278.
890 2876 1038 2914 Omitto
1060 2875 1133 2915 alia
1152 2905 1160 2923 ,
1180 2887 1281 2926 quae
1309 2875 1358 2914 ab

409 2936 563 2975 laudato
585 2935 764 2977 Echardo
788 2941 1066 2976 memorantur.

462 2998 679 3038 AEGlDlUS
697 2996 897 3049 Maqisler,
912 2998 1027 3048 cujus
1050 3009 1192 3037 versus
1215 2998 1355 3036 leonini

408 3059 461 3097 ml
488 3057 722 3098 claustrales
756 3059 851 3098 MSti
881 3060 1030 3110 Lipsiae
1055 3061 1092 3098 in
1121 3059 1357 3098 Bibliotheca

412 3122 568 3161 Paulina
588 3126 690 3161 teste
706 3123 746 3160 B.
762 3120 892 3159 Joach.
913 3121 1061 3160 Fellcro
1079 3133 1113 3172 p.
1136 3120 1222 3161 466.
1245 3121 1357 3160 Cata-

412 3184 496 3233 logi.

464 3245 632 3284 AEGlDll
649 3245 806 3295 Mucidz)
821 3245 967 3285 Gallice
980 3243 1129 3292 Muisis‚
1139 3243 1250 3295 (apud
1262 3244 1359 3282 San-

412 3306 549 3345 derum
563 3318 647 3357 pag.
669 3308 755 3347 428.
780 3307 1039 3347 Bibliothecae
1061 3306 1235 3356 Belgicae
1252 3306 1356 3344 MSS.

413 3367 460 3405 Li
492 3367 660 3415 Mussis)
690 3369 780 3408 Ord.
821 3370 858 3409 S.
897 3366 1091 3408 Benedict.
1130 3366 1290 3406 Abbatis
1319 3366 1356 3404 S.

1428 336 1579 375 Martini
1600 339 1628 376 T
1631 341 1857 378 ornucensis
1879 340 2098 380 Chronicon
2117 353 2139 381 a
2159 346 2249 382 nato
2272 343 2383 384 Chri-

1428 401 1489 436 sto
1513 409 1639 451 usque
1662 401 1709 440 ad
1730 401 1889 441 Annum
1915 404 2016 443 4348
2043 403 2210 444 necdum
2231 405 2381 446 editum

1427 459 1591 500 Vossius
1609 467 1649 501 et
1669 463 1846 503 Valerius
1866 464 2044 505 Andreas
2066 471 2295 506 memorant.
2316 469 2383 507 Mi-

1427 532 1541 560 raeus
1565 523 1697 563 laudat
1722 523 1941 564 Clu-onicon
1967 526 2013 564 (le
2038 528 2159 578 yestis
2189 528 2381 568 Comitum

1426 581 1731 625 Flanclrensium
1754 588 1802 626 ab
1826 587 1940 626 Anno
1965 588 2041 628 972
2065 589 2115 628 ad
2132 589 2245 629 4343.
2269 591 2383 630 Vale-

1428 645 1509 683 rius
1532 645 1710 685 Andreas
1739 650 1856 687 etiam
1881 650 2134 688 Tractatum:
2165 651 2199 700 4)
2226 651 2282 690 De
2304 650 2379 702 his,

1428 716 1530 756 quae
1553 707 1794 758 temporibus
1821 710 1927 760 suis,
1952 714 2042 750 ante
2065 714 2103 750 et
2117 714 2211 763 post
2225 723 2382 763 promo-

1428 765 1567 805 tionem
1589 778 1704 808 suam
1728 769 1769 809 in
1795 771 1896 810 dicto
1926 771 2116 814 Coenobio
2137 772 2380 814 Martiniano

1427 827 1666 868 acciderunt.
1689 832 1730 881 2)
1750 831 1796 872 de
1819 834 2164 875 consuetudinibus
2186 833 2382 888 approba-

1427 889 1491 937 tis,
1502 891 1722 943 antiquitus
1746 893 1786 932 in
1809 895 1938 935 eodem
1959 896 2150 937 Coenobio
2173 895 2384 937 observari

1424 952 1557 993 solitis.
1576 956 1609 1004 3)
1621 954 1667 994 (le
1684 955 1804 996 rebus
1817 958 1937 1008 9estis
1951 959 2005 998 ad
2016 958 2061 998 A.
2083 960 2183 999 4349
2197 958 2251 998 ad
2264 961 2278 1000 4
2290 959 2379 1008 352,

1423 1014 1495 1053 ubi
1498 1015 1666 1068 proliaco.
1688 1018 1869 1059 narratio
1878 1019 1924 1059 de
1940 1019 2198 1060 destructione
2213 1019 2382 1060 ludaeo-

1424 1089 1515 1118 rum
1533 1109 1540 1126 ‚
1569 1080 1615 1119 cle
1637 1084 1743 1120 secta
1761 1081 2044 1133 flayellantium
2065 1087 2140 1123 etc.

1477 1142 1559 1182 AEG
1567 1144 1628 1182 lDI
1636 1144 1696 1183 US
1704 1144 1874 1196 Nettelet‚
1888 1147 2070 1186 Decanus
2079 1145 2380 1186 Cameracensis

1425 1207 1527 1244 circa
1551 1205 1594 1244 Α.
1621 1207 1721 1245 4494
1746 1205 1861 1257 cujus
1885 1207 2003 1247 libros
2021 1209 2083 1248 IV.
2114 1219 2164 1247 ex
2191 1208 2380 1260 Epistolis

1428 1268 1465 1305 S.
1500 1268 1726 1318 Hieronymi
1749 1272 1958 1320 congestos
1982 1269 2115 1310 laudat
2142 1269 2382 1309 Trithemius

1427 1341 1509 1382 cap.
1535 1330 1624 1368 943.

1478 1392 1723 1442 AEGlDIUS,
1753 1392 1995 1432 Parz'siensis
2021 1394 2217 1433 Diaconus
2243 1405 2264 1433 a
2289 1394 2380 1434 Cor-

1428 1454 1588 1493 boliensi
1613 1459 1653 1492 et
1680 1454 1853 1506 Delpho,
1877 1467 2045 1507 quorum
2070 1457 2152 1507 ipse
2177 1457 2379 1505 meminit,

1428 1516 1636 1564 diversus,
1660 1517 1843 1556 versibus
1872 1517 2113 1557 hexametris
2141 1517 2189 1556 ad
2212 1511 2380 1557 Ludovi-

1428 1589 1519 1617 cum
1537 1607 1545 1627 ,
1566 1577 1729 1630 Philippi
1759 1577 1952 1629 Augusti,
1976 1580 2216 1619 Francorum
2236 1580 2377 1631 Regis,

1429 1639 1569 1688 silium,
1585 1644 1676 1679 ante
1696 1638 1769 1679 An.
1787 1641 1828 1679 C.
1848 1640 1949 1680 4223
1971 1642 2127 1692 scripsit
2145 1638 2380 1679 Karolinum

1427 1700 1535 1739 libris
1558 1703 1757 1752 quinque,
1784 1704 1821 1740 in
1848 1702 2082 1753 primoribus
2096 1706 2264 1754 quatuor
2280 1702 2382 1742 cele-

1427 1761 1545 1801 brans
1566 1763 1690 1802 Caroli
1715 1764 1841 1815 Magni
1861 1763 2136 1814 Prudentiam,
2156 1764 2379 1813 Justitiam,

1426 1825 1710 1864 Fortitudinem
1739 1829 1780 1864 et
1808 1826 2151 1877 Temperantiam,
2176 1827 2216 1864 in
2245 1826 2382 1877 quinto

1427 1889 1559 1925 autem
1577 1885 1820 1926 Ludovicum
1832 1887 2012 1927 hortatus
2029 1886 2078 1926 ad
2090 1887 2273 1939 fugienda
2287 1887 2382 1926 vitia

1426 1949 1642 1988 virtutibus
1671 1949 1747 1988 illis
1775 1950 1995 1999 contraria,
2024 1954 2065 1988 et
2093 1949 2220 1990 Caroli
2248 1960 2382 1988 exem-

1426 2010 1535 2061 plum
1574 2015 1737 2050 strenua
1773 2011 1967 2051 industria
2008 2010 2256 2051 imitandum.
2292 2012 2383 2050 Fra—

1426 2075 1583 2122 gmenta
1613 2083 1735 2123 pauca
1772 2083 1821 2111 ex
1859 2071 1955 2111 libro
1995 2076 2135 2122 quarto
2167 2076 2208 2110 et
2246 2072 2383 2122 quinto

1426 2133 1605 2183 vulgavit
1640 2134 1873 2173 Franciscus
1909 2133 1963 2172 du
1999 2133 2155 2173 Chesne
2184 2134 2293 2173 Tom.
2333 2134 2378 2172 V.

1425 2206 1510 2245 pag.
1537 2195 1612 2233 323
1637 2195 1724 2234 324.
1748 2195 1844 2235 Vide
1867 2199 1908 2234 et
1935 2196 1982 2235 M.
2007 2194 2224 2235 Antonium
2252 2196 2382 2236 Domi-

1426 2257 1557 2295 nicum
1573 2257 1611 2294 in
1633 2256 1776 2295 familia
1792 2256 1976 2296 Ansberti
1998 2256 2172 2296 rediviva
2186 2267 2271 2309 pag.
2290 2255 2378 2306 273,

1424 2319 1615 2357 Joannem
1648 2317 1853 2358 Picardum
1886 2318 1934 2357 ad
1977 2311 2030 2358 S.
2058 2318 2244 2358 Bernardi
2289 2319 2381 2371 Epi-

1427 2379 1547 2418 stolas
1574 2391 1655 2431 pag.
1686 2381 1789 2420 2252
1818 2381 1947 2433 2259,
1971 2380 2169 2420 Labbeum
2215 2384 2309 2420 tom.
2345 2381 2378 2420 ΙΙ

1426 2442 1635 2481 Miscellan.
1666 2442 1867 2493 Integrum
1897 2443 2125 2483 Karolinum
2153 2441 2269 2482 edere
2293 2453 2380 2494 pro-

1429 2504 1535 2541 misit
1564 2502 1664 2541 idem
1698 2504 1876 2544 Labbeus
1904 2516 1989 2557 pag.
2035 2504 2084 2544 56
2117 2503 2379 2543 Bibliothecae

1431 2576 1554 2604 novae
1582 2566 1687 2605 MSS.
1719 2567 1830 2606 Hunc
1853 2567 2029 2618 proxime
2057 2575 2188 2617 spero,
2209 2564 2287 2604 luci
2315 2564 2382 2604 da-

1431 2632 1546 2666 turus
1565 2632 1626 2666 cst
1644 2629 1686 2666 V.
1708 2629 1749 2667 C.
1766 2630 2013 2668 Hermannus
2028 2627 2187 2667 Sminke
2206 2628 2244 2666 in
2265 2637 2379 2676 nova,

1432 2701 1550 2739 quam
1579 2694 1708 2740 parat,
1738 2689 1951 2742 Eginhardi
1978 2690 2173 2738 editione,
2196 2699 2287 2728 cum
2317 2688 2380 2727 illo

1432 2752 1535 2789 enim
1572 2751 1711 2790 lubens
1750 2753 2037 2792 communicavi
2078 2750 2259 2792 Codicem
2300 2750 2377 2789 MS.

1430 2824 1548 2862 quem
1569 2813 1660 2851 mihi
1678 2813 1920 2853 redemeram
1935 2825 1984 2853 ex
2002 2813 2173 2853 sectione
2188 2809 2377 2851 Gudiana.

1482 2874 1699 2914 AEGIDIUS
1722 2874 1935 2925 Preslerz's‚
1954 2874 2046 2916 Ord.
2063 2874 2224 2915 Cisterc.
2245 2869 2377 2911 Abbas

1428 2935 1612 2975 Alnensis
1628 2937 1808 2977 Coenobii
1825 2938 1863 2976 in
1883 2937 2028 2976 ditione
2047 2933 2266 2983 Leodiensi‚
2282 2933 2376 2972 obiit

1429 2997 1472 3037 Λ.
1501 2999 1542 3038 C.
1582 2999 1694 3038 4484.
1723 2998 1822 3051 Ejus
1866 3000 2133 3038 memorantur
2163 2995 2260 3035 tomi
2295 2998 2378 3033 tres

1429 3060 1666 3099 Concionum
1692 3070 1811 3110 super
1839 3059 2062 3107 Dominicas
2085 3061 2124 3096 et
2154 3057 2253 3096 festa
2281 3057 2378 3096 San-

1429 3127 1580 3162 ctorum
1604 3122 1726 3161 totius
1749 3122 1861 3159 anni:
1886 3131 1958 3159 nec
1978 3131 2056 3158 non
2078 3119 2210 3159 Oratio
2233 3120 2376 3157 Romae

1429 3196 1558 3223 coram
1575 3182 1759 3224 Pontifice
1779 3182 1888 3221 Sixto
1903 3181 1964 3221 IV.
1982 3181 2128 3230 habita,
2145 3191 2223 3231 qua
2238 3180 2376 3218 mitrae

1431 3258 1547 3286 usum
1571 3245 1642 3284 sibi
1671 3242 2042 3293 successoribusque
2071 3243 2154 3281 suis
2177 3239 2356 3280 obtinuit.

1482 3307 1700 3348 AEGIDIUS
1718 3306 1932 3353 Romanus,
1956 3314 2073 3356 supra
2093 3302 2140 3342 de
2163 3299 2362 3343 Columna.

1483 3368 1699 3410 AEGlDIUS
1711 3365 2016 3417 Rotomaqensis,
2035 3363 2376 3415 Archiepiscopus⁷
