2500 3841
896 224 1328 265 DOMiNlCUS

130 302 235 339 circa
250 299 325 338 An.
345 299 462 338 4257.
480 298 572 337 vide
600 299 788 337 Vossium
808 310 894 350 pag.
917 299 1007 338 484.
1033 302 1073 337 et

118 362 221 400 infra
245 363 285 400 in
308 360 482 400 Antonio
502 362 679 400 Senensi.

168 422 332 461 Joanm's
362 422 568 475 Baptistae
605 422 776 462 Fueillet
797 422 969 462 l'Annee
1001 424 1075 462 Do-

116 485 324 536 minicale,
347 484 531 524 Ambiani
556 486 672 525 4679.
699 487 734 524 4.
752 487 809 525 De
832 485 1074 535 Martyribus

114 551 156 585 et
179 547 338 586 Sanctis
361 558 413 586 ex
434 547 582 586 Ordine
607 548 940 586 Praedicatorum.

166 609 342 648 Joannes
369 608 535 648 GARZO
563 610 733 660 scriptor
748 610 924 648 vitarum
940 609 979 648 S.
1002 611 1078 648 Do-

116 672 272 721 minici⁷
296 673 401 711 Petri
423 672 679 721 Veronensis,
705 671 878 710 Thomae
902 671 1078 722 Aquina-

114 735 166 773 tis
188 738 265 773 etc.
290 734 490 773 editarum
512 745 605 773 cum
630 734 809 773 Leandro
830 732 1004 773 Alberto.

167 795 364 847 Georqius
402 796 736 846 Mediolanensis⁷
771 798 899 848 infra,
924 800 1078 838 Raven-

112 858 264 897 nactus.

168 919 347 960 Gerardi
367 922 668 960 Lemovicensis
683 923 796 962 Vitae
812 924 979 963 fratrum
993 922 1060 973 jus

113 993 163 1022 su
189 983 365 1022 Umberti
386 983 436 1022 de
460 983 652 1022 Romanis
677 986 863 1035 scriptae.

167 1043 400 1083 Bernhardz·
421 1044 607 1084 Ghetalctz'
626 1046 790 1085 historia
819 1047 1004 1086 Virorum
1034 1047 1078 1085 il-

113 1108 302 1146 lustrium
345 1107 677 1158 Congregationis
725 1109 1076 1148 Dominicanorum

111 1169 352 1218 Ragusinae.

167 1229 415 1269 Franciscus
436 1229 634 1269 Gonsalez
656 1243 683 1269 α
705 1232 745 1271 S.
771 1233 890 1270 Petro
913 1232 963 1271 de
984 1234 1079 1271 mis-

115 1293 295 1333 sionibus
309 1291 471 1331 Ordinis
485 1292 804 1332 Praedicatorum
819 1295 858 1331 in
874 1294 1078 1334 Chinense

115 1366 299 1406 regnum.

166 1414 406 1455 Ambrosius
419 1416 628 1456 Gozzaeus
645 1418 684 1455 in
696 1417 885 1468 Catalogo
895 1419 1078 1458 Virorum

116 1492 166 1519 ex
203 1479 351 1518 familia
387 1479 710 1519 praedicatorum
744 1482 784 1518 in
818 1481 963 1519 litteris
991 1481 1081 1519 illu-

117 1542 274 1580 strium.
299 1541 479 1579 Venetiis
504 1541 621 1580 4605.
646 1543 682 1580 8.

173 1601 345 1642 Gilberti
369 1602 416 1641 de
441 1602 480 1641 la
502 1604 616 1655 Haye
636 1604 881 1644 Bibliotheca
904 1606 1080 1656 Belgico-

118 1667 377 1705 Dominicana
399 1666 478 1705 MS.

170 1727 434 1768 Bernhardus
468 1727 595 1766 Guido
615 1759 623 1778 ,
648 1730 734 1767 sive
772 1728 963 1768 Guidom‘s
978 1761 988 1778 ,
1010 1730 1079 1779 qui

120 1794 226 1831 circa
247 1791 411 1830 Annum
453 1790 556 1830 ’1300
599 1791 760 1841 scripsit
802 1791 851 1829 de
896 1792 1001 1830 Viris
1036 1792 1080 1829 il-

119 1854 315 1894 lustribus
337 1852 498 1891 Ordinis
533 1853 880 1901 praedicatorum,
915 1866 965 1892 ex
1000 1865 1078 1904 quo

121 1918 232 1955 locus
274 1914 380 1966 apud
412 1914 622 1953 Baluzium
660 1919 755 1952 tom.
795 1915 832 1953 6.
864 1915 1078 1954 Miscellan.

122 1989 210 2029 pag.
250 1977 342 2024 444,
381 1977 470 2015 445.
496 1977 548 2015 Et
587 1977 807 2015 novissime
839 1976 1081 2016 Edmundus

121 2040 297 2080 Martene
321 2042 362 2077 et
387 2039 557 2077 Ursinus
573 2038 750 2086 Durand,
771 2040 843 2076 viri
869 2039 1082 2077 clarissimi

121 2103 162 2140 in
185 2102 316 2140 lucem
339 2099 619 2151 produxerunt
642 2098 764 2148 hujus
797 2100 990 2138 Guidonis
1025 2100 1084 2137 hi-

122 2165 287 2202 storiam
310 2161 588 2201 fundationum
612 2160 899 2200 Conventuum
920 2160 1083 2200 Ordinis

120 2225 442 2266 Praedicatorum
483 2223 702 2261 Tolosanae
743 2227 784 2262 et
822 2224 1054 2262 Provinciae
1075 2254 1083 2274 ,

121 2288 420 2327 Provinciarum
441 2289 535 2323 tom.
561 2285 584 2322 6
610 2290 965 2325 monumentorum
995 2297 1084 2336 pag.

123 2349 200 2389 537
242 2353 283 2388 et
322 2350 554 2387 Tractatum
594 2347 644 2385 de
687 2349 888 2398 Magistris
925 2347 1085 2387 Ordinis

122 2410 444 2451 Praedicatorum
468 2412 509 2446 et
524 2409 840 2447 Provinciaiibus
856 2411 1085 2448 Provinciae

123 2478 164 2512 et
189 2472 407 2511 Tolosanae
430 2471 726 2520 provinciarum
750 2481 839 2520 pag.
867 2471 956 2508 398.
982 2472 1085 2508 Haec

123 2533 306 2573 addenda
330 2532 437 2580 illis⁷
464 2542 566 2581 quae
598 2531 647 2569 de
681 2531 862 2570 Guidonc
897 2531 970 2569 hoc
1004 2531 1086 2569 dixi

124 2607 246 2648 supra
268 2599 363 2633 tom.
389 2594 426 2632 4.
451 2603 541 2642 pag.
565 2592 644 2630 <204
667 2622 675 2641 ,
702 2603 789 2642 seq.
1070 2633 1081 2643 ι

177 2660 323 2697 Petrus
354 2653 481 2694 Guido
517 2654 648 2703 patrui
670 2654 732 2692 sui
765 2652 984 2691 Bernhardi
1017 2664 1087 2691 ex·-

62 2713 64 2715 ’
124 2720 302 2772 emplum
328 2718 508 2757 imitatus
534 2716 573 2752 in
597 2715 698 2753 Vitis
723 2715 938 2753 illustrium
974 2715 1088 2754 Ordi—

125 2785 188 2822 nis
213 2783 410 2822 Virorum.

178 2840 376 2882 Dominici
387 2839 433 2878 de
453 2839 619 2878 HERRE
636 2837 725 2876 fasti
740 2836 1090 2876 Dominicani.An-

127 2911 201 2946 tw.
229 2903 333 2944 4675
352 2933 363 2951 ,
389 2903 427 2940 8.

179 2963 370 3004 Johannis
405 2964 517 3015 Heyn
555 2962 746 3012 Epilogus
777 2961 1089 3012 Chronologicus

127 3028 176 3068 de
214 3025 481 3066 conventibus
517 3027 558 3062 et
597 3022 894 3062 fundationibus
929 3022 1089 3061 Ordinis

128 3089 392 3130 Praedicator.
436 3088 473 3124 in
509 3096 632 3132 regno
675 3084 897 3122 Hiberniae.
942 3085 1087 3122 Lovan.

131 3151 234 3191 4706
254 3179 262 3198 ,
290 3151 324 3188 4.

184 3211 360 3264 Philippi
380 3210 426 3250 de
464 3210 587 3248 Ilorto
623 3220 720 3247 novo
758 3208 970 3257 Catalogus
1002 3207 1087 3245 illu-

132 3275 276 3314 strium
303 3275 485 3313 Virorum
511 3271 605 3310 Ord.
631 3269 766 3309 Praed.

188 3334 402 3375 Humberti
430 3333 477 3372 de
501 3331 708 3379 Romanis,
732 3331 844 3379 infra,
864 3329 1086 3368 (sinbertus.

2021 228 2097 268 463

1202 297 1364 337 Camilli
1380 295 1569 349 Jasmslcy
1581 299 1925 338 Constitutionum
1946 299 2106 339 Ordinis

1146 360 1465 399 Praedicatorum
1501 363 1541 398 et
1574 359 1879 399 Ordinationurn
1924 361 2108 403 Summa-

1147 422 1251 460 rium
1267 422 1315 460 ab
1338 422 1412 460 An.
1432 422 1533 461 1220
1547 421 1595 460 ad
1612 422 1726 462 ⁴629.
1746 423 1910 464 Cracow
1932 425 2048 472 4638,
2072 426 2108 463 4.

1202 482 1554 522 Nz‘colaz'Andrcae
1578 483 1625 522 (le
1649 484 1919 526 INCONTRIS
1934 488 2109 526 necrolo-

1149 547 1258 595 gium
1286 546 1474 585 Coenobii
1496 547 1535 585 S.
1561 548 1753 586 Dominici
1779 549 1984 588 Senensis.

1202 607 1434 646 Bernlzarclz·
1472 607 1518 646 de
1550 608 1698 658 Jonylze
1733 609 1910 650 desolata
1945 613 2111 652 Batavia

1151 670 1420 719 Dominicana‚
1439 670 1621 708 Gandavi
1645 670 1747 709 4748
1767 701 1774 719 ,
1801 673 1838 709 8.
1861 672 2003 722 Ejusd.
2026 675 2114 713 Bel-

1151 731 1259 781 gium
1280 732 1584 770 Dominicanum
1603 760 1611 779 ,
1632 733 1665 778 a)
1691 734 1889 772 Bruxellis
1916 735 2044 784 4749,
2076 737 2112 775 4.

1210 792 1400 831 Vincentii
1424 792 1645 831 Justiniani
1686 794 1909 833 Chronicon
1953 798 2114 837 Ordinis

1152 854 1289 892 Praed.
1315 855 1394 893 MS.

1199 915 1423 954 Petroniis<
1423 914 1629 968 amienslsy
1643 917 1862 966 antiquitas
1875 918 1966 957 Ord.
1977 921 2112 960 Praed.

1153 978 1190 1014 in
1209 988 1352 1027 magno
1369 979 1526 1018 Ducatu
1538 978 1785 1017 Lithuaniae.
1803 980 1942 1019 Vilnae
1962 983 2062 1022 4642
2080 984 2116 1021 4.

1204 1040 1263 1078 .Ῑο.
1288 1040 1492 1091 Baptistae
1519 1040 1693 1080 LANCII
1723 1042 1917 1081 elenchus
1949 1045 2116 1094 scripto-

1153 1113 1242 1140 rum
1272 1103 1641 1141 Dominicanorum.

1205 1161 1397 1202 Antonini
1416 1163 1559 1202 Lembo
1584 1164 1781 1204 Chronica
1804 1166 2043 1206 Conventus
2075 1169 2115 1207 S.

1152 1226 1348 1264 Dominici
1372 1227 1636 1276 Sorianensis‚
1663 1239 1755 1266 cum
1781 1230 1957 1267 auctario
1984 1230 2118 1268 Domi-

1141 1288 1231 1325 -nici
1269 1287 1318 1326 de
1350 1289 1581 1327 Seminaria.
1629 1291 1835 1329 Messanae
1874 1291 2010 1340 4687,
2050 1293 2114 1332 sol.

1154 1349 1301 1387 italice.

1206 1411 1424 1462 Hyacinthi
1448 1410 1590 1451 Libelli
1619 1413 1836 1465 Catalogus
1871 1416 2113 1465 scriptorum

1154 1472 1248 1511 Ord.
1273 1473 1410 1512 Praed.
1434 1476 1512 1514 MS.

1205 1534 1408 1573 Desiclerii
1424 1536 1673 1587 Liynaminei
1699 1537 1747 1576 de
1768 1538 1872 1577 Viris
1892 1550 1942 1578 ex
1966 1541 2114 1590 pietate

1154 1596 1377 1636 illustribus
1402 1599 1439 1635 in
1467 1598 1614 1637 familia
1636 1600 1674 1638 S.
1698 1601 1905 1639 Dominici.

1205 1658 1440 1698 Emanuelis
1463 1659 1509 1698 de
1527 1659 1639 1698 Lima
1662 1661 1926 1713 hagiologium
1945 1665 2120 1702 Domini—

1154 1731 1326 1769 canum,
1352 1723 1596 1760 Lusitanice.
1625 1723 1864 1774 Ulyssipone
1886 1724 1987 1764 4703
2014 1725 2116 1765 4740

1152 1785 1194 1819 et.
1217 1782 1319 1822 4742
1346 1813 1354 1831 ,
1385 1784 1448 1821 fol.
1480 1788 1652 1834 quatuor
1675 1786 1968 1826 Voluminibus.

1203 1845 1375 1884 Joannes
1397 1845 1593 1896 Lopezz'us
1611 1877 1623 1895 ,
1650 1858 1774 1897 supra
1797 1876 1805 1896 ,
1834 1849 2115 1888 Ferdinandus

1154 1905 1202 1944 de
1229 1906 1406 1946 Castz'llo.

1201 1968 1365 2008 loannis
1393 1968 1605 2009 MAHUET
1631 1969 1969 2009 Praedicatorium
2010 1971 2116 2010 Ave-

1157 2031 1350 2070 nionense
1369 2063 1380 2081 ,
1406 2042 1479 2070 seu
1504 2032 1668 2070 historia
1693 2031 1931 2070 Conventus
1957 2033 2118 2071 Ordinis

1156 2092 1477 2131 Praedicatorum
1489 2093 1795 2132 Avenionensis.
1808 2094 1935 2132 Aven.
1950 2097 1963 2134 4
1976 2095 2066 2142 678,
2083 2098 2118 2133 8.

1210 2154 1324 2192 Petri
1340 2153 1516 2206 Malphei
1529 2155 1788 2194 Athenaeum
1811 2157 2117 2196 Dominicanum

1158 2216 1236 2255 MS.

1210 2277 1372 2317 Antonii
1401 2278 1554 2318 Malleti
1588 2280 1760 2318 Historia
1799 2280 1984 2319 Virorum
2036 2281 2123 2321 illu-

1160 2342 1304 2379 strium
1328 2342 1567 2381 Conventus
1589 2342 1751 2382 Ordinis
1787 2342 2050 2382 Praedicator.
2082 2346 2119 2382 S.

1159 2404 1293 2441 Jacobi
1318 2405 1578 2454 Parisiensis⁷
1611 2404 1770 2443 Gallice.
1798 2405 1958 2442 Parisiis
1991 2406 2120 2453 4634,

1162 2465 1198 2502 8.
1225 2464 1381 2504 duobns
1410 2467 1510 2504 Voll.

1212 2526 1378 2565 Joanm's
1407 2527 1453 2565 cle
1487 2526 1672 2566 Malliaco
1697 2527 1920 2567 Chronicon
1960 2527 2121 2566 Ordinis

1162 2588 1498 2627 Praedicatoruin.

1220 2648 1385 2687 Thomae
1398 2648 1632 2687 Malvemlae
1644 2648 1824 2687 Annales
1840 2647 2000 2686 Ordinis
2008 2650 2123 2688 Prae-

1164 2710 1398 2748 dicatorum.
1422 2711 1581 2760 Neapoli
1605 2709 1707 2749 4627
1723 2741 1733 2758 ,
1762 2709 1824 2747 fol.
1850 2710 1951 2747 4630
1976 2709 2121 2749 edente

1164 2773 1366 2810 Dominico
1396 2772 1583 2810 Gravina.

1215 2833 1379 2872 Joannis
1403 2845 1428 2871 a
1446 2834 1485 2872 S.
1510 2833 1645 2872 Maria
1668 2834 1772 2871 vitae
1794 2833 2032 2871 Sanctorum
2049 2834 2122 2872 Or-

1166 2895 1270 2933 dinis
1291 2896 1549 2934 Dominicani.
1575 2897 1697 2934 Paris.
1726 2895 1840 2942 4635,
1868 2894 1902 2931 4.
1927 2893 2075 2932 Gallice
2097 2896 2121 2933 ‘2

1166 2957 1264 2995 Yon.
1286 2962 1325 2995 et
1344 2956 1471 3005 4647,
1494 2957 1529 2994 4.

1218 3018 1416 3057 Dominici
1446 3017 1572 3058 Marii
1598 3017 1814 3058 alm-chesn
1851 3028 2008 3056 sacrum
2041 3016 2123 3055 dia-

1164 3082 1267 3118 rium
1293 3082 1611 3128 Dominicanum,
1638 3081 1784 3120 ltalicc.
1808 3079 1969 3129 Neapoli
1998 3079 2119 3118 4668-

1166 3140 1267 3180 4679
1284 3172 1294 3189 ,
1321 3141 1383 3180 fol.
1409 3153 1480 3180 sex
1511 3142 1610 3180 Voli.

1218 3289 1250 3320 εἴ
1276 3293 1356 3322 Acta
1379 3291 1597 3323 Erudiiorum
1622 3296 1701 3324 [oin.
1727 3292 1871 3331 septimo
1898 3290 2124 3332 supplementi

1157 3349 1231 3379 pag.
1254 3339 1331 3372 4:39.
