2500 3841
330 530 875 608 MEDIAE
990 532 1161 607 ET
1279 531 1870 607 INFIMAE

672 724 1581 793 LATINITATIS·

823 922 848 925 -
989 904 1132 931 fixa
1149 904 1273 930 ᾧ

152 1113 336 1195 Petrus
357 1156 688 1196 ABAILARDUS.
711 1155 807 1195 Vide
828 1156 1034 1195 PETRL'S.

153 1219 297 1257 Petrus
317 1219 366 1258 de
385 1217 567 1258 ABANO.
589 1217 684 1256 Vide
703 1216 994 1256 APONENSIS.

153 1279 266 1318 Petri
287 1280 336 1319 de
355 1279 543 1319 ABARIO
579 1277 815 1329 Genealoym
846 1280 995 1330 Requm
1028 1282 1065 1317 et

100 1341 297 1381 Comitum
314 1340 528 1392 Anqleriae
546 1341 624 1380 MS.
649 1345 895 1380 memoratur
923 1352 945 1379 a
966 1340 1063 1379 Lab-

97 1403 170 1442 beo
188 1416 225 1454 p.
248 1404 290 1444 24
303 1403 337 1442 7.
358 1403 540 1442 Biblioth.
561 1403 670 1442 MSS.

146 1466 315 1503 Ioannes
330 1462 734 1504 ABBAEVILLANUS
755 1466 841 1503 sive
855 1465 912 1502 .Ῑο.
930 1463 1061 1515 Alari-

93 1538 169 1566 ἠας
188 1526 236 1565 de
253 1524 518 1566 Abbatisvilla
546 1538 596 1565 ex
625 1527 782 1565 Decano
802 1525 1059 1565 Ambianensi

93 1588 275 1639 Archiep.
314 1589 552 1628 Bisuntinus
584 1592 625 1628 et
655 1589 699 1626 R.
733 1590 778 1627 E.
812 1588 1057 1638 Cardinalis‚

93 1652 260 1702 scriptor
280 1652 520 1689 Sermonum
540 1654 581 1688 et
595 1651 880 1689 Commentarii
897 1652 936 1688 in
952 1650 1057 1690 Can-

92 1714 193 1761 tica,
214 1711 428 1752 defunctus
452 1711 498 1751 A.
520 1712 564 1751 C.
588 1712 703 1751 ⁴257.
725 1712 823 1751 Vide
843 1713 1057 1751 Henricum

12 1793 15 1796 >
92 1773 399 1813 Gandavensem
419 1785 502 1825 cap.
522 1775 584 1812 38.
608 1773 872 1812 Trithemium
889 1774 938 1812 de
955 1774 993 1813 S.
1010 1775 1055 1812 E.

91 1846 178 1886 cap.
202 1836 290 1874 441.

146 1896 167 1918 *
202 1897 362 1935 Praeter
398 1908 515 1947 opera
554 1897 616 1935 hic
650 1898 862 1936 enunciata
901 1898 1057 1948 scripsit

92 1959 212 1996 etiam
232 1959 440 1997 Sermones
471 1958 512 1996 in
535 1957 755 2009 Evanyelia
775 1962 814 1996 ec
829 1958 1029 2009 Epistolas
1043 1991 1053 2008 ,

90 2029 191 2069 quae
211 2018 288 2057 duo
308 2023 448 2058 extant
468 2020 508 2057 in
522 2021 600 2058 MS.
617 2020 713 2059 Cod.
729 2020 849 2071 Regio
864 2022 1057 2059 Parisien-

93 2081 143 2126 si⁷
158 2085 203 2120 ut
217 2084 280 2119 est
295 2080 400 2131 apud
418 2082 670 2120 Montfaucon
690 2081 931 2120 Bibliotheca
945 2083 1051 2121 MSS.

93 2153 180 2193 pag.
203 2141 281 2180 747
299 2146 340 2181 et-
361 2143 474 2182 4480.
493 2144 539 2181 In
559 2143 804 2182 Bibliotheca
821 2144 1056 2194 Sangerma-

95 2205 208 2242 nensi
225 2207 337 2242 extat
352 2204 517 2243 Summa
532 2204 826 2243 eiusdemlbid.
836 2216 921 2255 pag.
940 2207 953 2244 ri
967 2207 980 2244 l
993 2206 1053 2243 35.

145 2264 311 2304 ABBAS
330 2266 641 2305 Panormitanus
672 2267 772 2305 infra
799 2266 1056 2306 NICOLAUS

93 2325 140 2365 de
164 2325 346 2365 Tudesco.

146 2387 312 2428 ABBAS
336 2389 619 2440 Urspergensis
654 2390 754 2428 infra
785 2388 1057 2429 CONRADUS

93 2461 120 2488 a
139 2449 366 2488 Liethenau.

148 2510 418 2550 ABBAUDUS
445 2510 578 2550 Abbas
607 2513 710 2550 circa
730 2511 775 2550 A.
797 2513 841 2551 C.
864 2513 978 2551 4430.
1000 2513 1056 2550 De

92 2572 286 2624 fractione
317 2571 509 2622 Corporis
540 2571 717 2621 Christi,
737 2578 874 2612 contra
893 2575 1053 2612 Petrum

94 2633 348 2672 Abailardum
363 2633 496 2672 brevis
512 2634 721 2672 Tractatus
737 2635 868 2673 editus
887 2647 909 2673 a
923 2627 1056 2674 Mabil-

95 2696 209 2734 lonio.
231 2696 340 2733 Tom.
365 2695 387 2732 3
408 2693 585 2732 Analect.
607 2706 692 2744 pag.
716 2695 790 2734 442
811 2700 851 2734 et
870 2696 961 2734 edit.
985 2708 1054 2734 no-

95 2767 169 2794 vae
190 2757 228 2794 in
251 2755 312 2793 sol.
337 2766 422 2806 pag.
448 2755 510 2793 52.

148 2815 414 2855 ABBERTUS
432 2815 740 2854 Gemblacensis.
758 2816 853 2854 Vide
874 2816 1056 2856 ALBER-

150 2937 284 2978 ABBO
299 2938 525 2978 Canonicus
539 2936 893 2976 Autissiodorensis
908 2940 944 2977 in
958 2941 1055 2978 Bur—

100 2999 264 3051 gundia,
279 2999 393 3039 Alani
411 3000 593 3050 Episcopi
615 3000 804 3037 Clericus.
826 2998 940 3050 Apud
959 3001 1055 3039 Lab—

101 3060 220 3100 heum
255 3062 364 3100 Tom.
390 3061 418 3098 Ι.
443 3061 538 3099 Bibl.
574 3062 681 3100 MSS.
717 3072 802 3111 pag.
839 3061 924 3099 465.
959 3061 1056 3099 Eius

103 3123 405 3160 Testamentum
426 3120 471 3160 A.
492 3123 536 3161 C.
560 3123 674 3161 4491,
694 3122 796 3161 Nihil
828 3122 875 3159 ibi
905 3121 952 3158 (le
984 3121 1060 3159 ΑΙ)-

103 3182 216 3222 bone.
237 3183 333 3222 Vide
353 3183 547 3233 Gangium
579 3185 614 3222 in
641 3182 850 3222 Madrt'mts
870 3187 908 3220 et
928 3182 1062 3220 Conti—

107 3246 266 3283 nuation
304 3244 376 3284 des
410 3246 618 3284 Memoircs
655 3244 703 3282 de
743 3246 975 3282 Litteiatiae
1018 3249 1050 3280 vt

108 3306 312 3345 d‘Histoire.
333 3308 441 3346 Tom.
464 3308 502 3356 8:
525 3319 608 3358 pag.
638 3307 731 3353 ’ν’-23,
757 3307 770 3344 i
785 3307 840 3343 20.

1190 1156 1322 1196 Asssso
1337 1159 1417 1196 Jac.
1435 1157 1607 1208 Philippo
1625 1156 2090 1207 Bergomaii.Tritlieniio.

1136 1221 1288 1258 Busaco
1321 1219 1486 1269 allisque
1529 1230 1737 1270 perperam
1771 1218 1925 1262 ALBO,
1958 1216 2091 1255 Abbas

1134 1279 1425 1327 Floriacensis,
1448 1282 1510 1319 cui
1538 1281 1750 1319 Historiam
1770 1282 2008 1318 Francorum
2029 1279 2094 1317 Ai-

1136 1344 1292 1382 moinus
1312 1342 1521 1391 dedicavit,
1537 1343 1604 1392 qui
1619 1346 1659 1379 et
1675 1343 1798 1380 vitam
1815 1344 1901 1380 cius
1921 1343 2089 1391 scripsit.

1134 1404 1393 1442 Interfectum
1407 1407 1564 1442 constat
1580 1402 1978 1442 aWasconibusA.C.
1990 1404 2003 1440 si
2016 1402 2085 1439 004

1135 1466 1183 1504 ’13
1205 1466 1389 1504 novemb.
1411 1465 1516 1503 unde
1544 1464 1738 1515 Martyris
1768 1465 1923 1502 nomine
1953 1465 2088 1502 venire

1133 1528 1243 1566 solet.
1254 1528 1435 1577 (lllmmo
1450 1528 1530 1565 vix.
1541 1537 1603 1564 an.
1615 1525 1893 1564 970.Mabillon
1910 1525 2085 1564 Analetc.

1133 1589 1271 1628 11248.
1289 1589 1421 1629 Baluz.
1442 1588 1601 1627 Miscell.
1625 1589 1637 1626 1
1665 1588 1737 1626 409
1763 1588 1860 1626 Hist.
1882 1587 1999 1626 Acad.
2022 1589 2089 1626 Pa—

1126 1652 1279 1690 risiens.
1296 1652 1311 1690 Ι
1329 1651 1416 1690 543.
1430 1652 1567 1702 (prope
1589 1651 1775 1698 Ducange
1799 1649 1970 1687 Glossar.
1995 1649 2085 1686 edit.

1131 1713 1338 1751 Parisiens.
1384 1713 1483 1751 4850
1508 1713 1576 1751 VII
1609 1710 1714 1759 367).
1740 1711 1837 1749 Vide
1869 1710 2086 1760 Epistolam

1129 1774 1385 1823 Encyclicam
1404 1774 1683 1813 Monachorum
1705 1773 2011 1810 Floriacensium
2041 1771 2088 1809 de

1130 1833 1249 1873 caede
1262 1833 1437 1873 Abbonis
1457 1847 1516 1885 ap.
1534 1836 1740 1874 Baluzium
1764 1835 1777 1871 l
1806 1833 1964 1872 Miscell.
2002 1844 2085 1883 pag.

1133 1897 1219 1935 441.
1253 1897 1382 1934 Vitam
1417 1898 1604 1946 scriptam
1634 1896 1683 1934 ab
1724 1894 1904 1932 Aimoino
1939 1895 1976 1931 in
2009 1906 2085 1943 qua

1129 1959 1247 1997 etiam
1281 1969 1364 2007 cap.
1401 1958 1461 1996 43.
1487 1959 1633 1996 Versus
1661 1955 1864 1994 eoeumec'ri
1893 1954 1947 1992 ad
1977 1953 2088 1992 Otho-

1128 2031 1214 2057 nem
1248 2019 1345 2069 Imp.
1378 2018 1483 2068 pleni
1516 2018 1667 2056 artiiicii
1697 2017 1813 2066 quale
1862 2018 1899 2053 in
1947 2016 2087 2053 carmi-

1128 2081 1244 2119 nibus
1285 2079 1489 2130 Porphyrii
1524 2079 1747 2129 Optatiani.
1782 2082 1822 2115 ct
1851 2075 2084 2125 quibusdam

1128 2141 1256 2180 Bedae
1277 2141 1519 2179 carminibus
1548 2140 1758 2177 observare
1794 2139 1894 2176 licet.
1916 2135 2085 2175 Eosdem

1128 2203 1285 2241 exhibet
1319 2203 1560 2252 Polycarpus
1596 2202 1793 2250 Leyserus
1829 2199 1846 2236 ὅ
1884 2195 2087 2250 μακαρὶτις

1130 2267 1168 2302 in
1193 2265 1355 2303 historia
1377 2265 1585 2302 Poetarum
1606 2264 1833 2301 Latinorum
1853 2260 1965 2299 Medii
1990 2259 2086 2298 Aevi

1130 2338 1216 2377 pag.
1235 2327 1310 2364 302
1331 2325 1436 2364 unde
1458 2325 1595 2375 repetii
1628 2325 1747 2362 etiam
1777 2324 1816 2359 in
1848 2320 2086 2360 Bibliotheca
2107 2357 2110 2361 ,

1130 2390 1268 2427 Latina
1287 2389 1348 2427 IV.
1382 2389 1395 2426 4
1434 2388 1455 2437 ξ
1479 2387 1540 2425 2¹2.
1560 2386 1772 2436 Epitomen
1802 2384 1850 2422 de
1874 2383 1969 2422 Vitis
1990 2383 2088 2420 Pon-

1130 2449 1276 2501 tificum
1315 2451 1582 2487 Romanorumv
1616 2446 1717 2485 XCI.
1754 2458 1775 2484 a
1812 2447 1925 2484 Petro
1960 2455 2086 2493 usque

1127 2511 1176 2549 ad
1209 2511 1441 2560 Gregorium
1470 2509 1527 2555 ΙΙ,
1558 2519 1607 2545 ex
1642 2507 1849 2546 Anastasio
1878 2505 2088 2545 Bibliothe-

1127 2574 1230 2610 cario
1271 2575 1499 2620 excerptam
1541 2568 1663 2607 edidit
1708 2580 1798 2606 cuni
1848 2566 2084 2616 Luitprando

1127 2635 1183 2671 Jo.
1222 2634 1401 2671 Busaeus
1428 2631 1650 2679 Moguntiae
1672 2630 1798 2669 1602,
1834 2629 1865 2665 i.
1900 2625 2085 2676 .›lpol09‹t-

1127 2695 1227 2733 tiens
1249 2695 1399 2741 integer
1425 2692 1473 2730 ad
1503 2693 1707 2737 Ilugonem
1744 2691 1980 2727 Francorum
2012 2688 2084 2724 Re·

1126 2767 1214 2805 gem
1249 2765 1318 2804 pro
1348 2753 1663 2790 imnmuitatibus
1691 2751 1912 2788 Monasterii
1943 2749 2084 2786 Floria-

1126 2817 1257 2855 censis
1278 2813 1419 2864 prodiit
1452 2812 1500 2849 ad
1533 2812 1680 2849 calcem
1709 2810 1855 2847 codicis
1874 2810 2081 2847 Canonum

1125 2878 1325 2917 Ecclesiae
1355 2876 1550 2912 Romanae
1584 2885 1605 2910 e
1640 2872 1877 2910 Bibliotheca
1911 2870 2081 2908 l’itlioei.

1125 2940 1243 2977 Paris.
1268 2939 1280 2975 >i
1293 2935 1369 2973 687
1386 2935 1446 2973 iol.
1464 2946 1549 2984 pag.
1567 2935 1643 2972 :3925
1657 2938 1697 2970 et
1713 2932 1911 2983 Epistulae
1928 2933 2012 2970 xlx·
2034 2932 2080 2970 ad

1125 3000 1356 3046 Gregorium
1374 2998 1401 3035 V
1418 3001 1455 3033 et
1473 2996 1568 3033 alios
1585 3007 1669 3045 pag.
1693 2996 1763 3032 402
1779 3006 1860 3043 seq.
1884 2993 2084 3044 Praelatio

1129 3060 1177 3098 ad
1197 3058 1536 3098 Commentarium
1560 3058 1596 3094 in
1616 3055 1781 3094 Victoris
1798 3056 1991 3093 Canonem
2010 3055 2085 3092 Ρα-

1131 3120 1299 3159 schalom
1329 3119 1432 3157 edita
1466 3119 1514 3156 al)
1547 3118 1660 3156 liam.
1682 3119 1853 3156 Martene
1875 3118 1916 3154 Τ.
1945 3118 1954 3154 1
1982 3115 2085 3154 Ane-

1134 3183 1235 3219 odoi.
1255 3193 1339 3231 pagg.
1364 3183 1372 3219 1
1391 3183 1434 3218 18
1451 3179 1658 3229 seq.l.1'bcr
1675 3180 1875 3218 fananum
1892 3177 2085 3227 capitibus

1133 3245 1189 3280 l.ll
1209 3242 1254 3278 ad
1277 3242 1670 3288 1·'1·an‹·‹u·aniRegi-in
1705 3242 1904 3285 linconen}
1925 3239 2086 3277 dilium*

1136 3316 1210 3352 que
1228 3304 1449 3341 nolu-rium.
1465 3305 1499 3340 in
1518 3303 1705 3339 analectis
1722 3301 1924 3340 Mahillonii
1943 3302 2048 3337 'soni
2066 3299 2085 3333 -2
