2500 4009
370 222 448 262 358

362 296 466 334 hunc
492 292 731 332 confundere
755 301 845 328 cum
866 287 1031 328 Claudio
1053 289 1287 327 Taurinensi
1300 321 1310 338 ,

358 359 408 397 de
445 368 521 407 quo
547 356 644 392 infra
674 364 763 391 mox
800 362 887 388 sum
914 349 1106 388 dicturus.
1147 351 1310 390 Scotum

361 421 464 458 laune
501 415 673 454 carmine
710 411 975 450 iaz-erectarum
999 415 1037 449 ec
1052 423 1177 463 prosa
1207 413 1310 451 idem

359 480 597 520 'I'ritliemius
619 475 805 513 celebrat.

412 534 660 580 CLAUDIUS
685 535 950 583 Eusthenius,
977 536 1043 585 qui
1072 536 1312 575 Diocletiano

355 606 402 643 311
429 600 610 651 1101510115
637 598 734 644 fuit,
761 598 928 648 Vopiseo
955 602 1060 636 teste
1084 599 1121 636 in
1140 600 1222 636 vita
1240 598 1313 638 Ca-

357 666 427 704 rini
451 674 535 712 cap.
564 662 607 700 18
629 661 787 710 scripsit
807 661 974 710 singulis
995 660 1124 710 libris,
1142 660 1210 699 sed
1235 662 1314 711 pri-

355 728 442 764 dem
460 723 674 775 deperditis
690 725 794 761 vitas
811 728 982 773 quatuor
1003 724 1311 774 Imperatorum:

355 786 598 833 Diocletiani,
614 785 871 829 Maximiani,
891 785 1060 833 Galerii,
1079 790 1198 836 atque
1216 785 1315 826 con-

358 849 505 889 Ststntii.

408 910 559 950 Fabius
570 910 752 950 CLAUDI
761 912 820 949 US
833 909 1061 949 Gordianus
1075 909 1315 961 Fulqentius,

358 976 480 1014 infra.
509 974 835 1012 FULGENTIUS.

409 1040 436 1077 C
444 1037 504 1076 LA
513 1038 591 1076 UDI
601 1037 660 1075 US
670 1037 709 1075 II
711 1035 874 1086 ispanus
884 1065 892 1084 ⁷
905 1036 1005 1074 infra
1017 1066 1025 1083 ,
1047 1036 1316 1075 Tcturinensis.

418 1100 667 1139 CLAt‘mUS
690 1098 952 1137 illamertinus
975 1100 1106 1137 senior
1136 1100 1238 1148 (non
1263 1098 1320 1137 di-

355 1173 499 1200 versus
525 1162 689 1199 fortasse
726 1173 747 1199 a
788 1160 954 1200 Claudio
990 1160 1228 1208 Eustlienio,
1267 1160 1316 1199 de

357 1235 434 1275 quo
451 1223 531 1273 jam
557 1223 636 1261 dixi
657 1235 665 1270 ς
691 1227 736 1261 ut
759 1227 888 1261 totum
915 1234 1059 1261 nomen
1081 1223 1198 1262 fuerit
1225 1221 1316 1262 Cla-

359 1286 474 1324 udius
489 1284 729 1324 Eusthenius
745 1285 1009 1324 lucinam-tinus
1026 1298 1035 1322 :
1054 1286 1062 1334 )
1083 1289 1221 1323 auctor
1237 1285 1315 1322 Ρα-

356 1348 532 1399 ηιῃῃνιεί
552 1349 787 1386 Maximiano
805 1348 997 1386 Herculeo
1014 1347 1196 1397 Augusto
1220 1346 1313 1385 dicti

356 1410 546 1448 Parilibus
567 1410 652 1447 sive
689 1409 751 1448 die
792 1409 907 1448 [Trbis
930 1410 1077 1447 Romae
1103 1408 1221 1447 natali
1246 1409 1313 1447 XI.

356 1473 440 1510 Cal.
460 1473 582 1510 Martii
603 1473 639 1509 in
657 1472 780 1510 Gallia
806 1472 1013 1521 (Treveris
1030 1472 1195 1509 fortasse
1212 1471 1220 1520 )
1237 1470 1317 1509 An-

357 1546 406 1572 no
431 1535 576 1572 Christi
600 1534 676 1572 202
702 1535 786 1571 sive
807 1534 940 1584 potius
957 1533 1046 1571 289.
1062 1533 1158 1571 Vide
1175 1532 1316 1571 Ansel-

359 1599 408 1634 mi
434 1597 617 1636 Bandurii
644 1597 885 1635 numismata
907 1596 1195 1646 Imperatorum
1220 1599 1314 1633 tom.

358 1660 390 1698 ll
413 1689 420 1706 ,
441 1672 526 1710 pag.
552 1657 594 1697 71
627 1663 667 1696 et
690 1658 850 1696 Antonii
874 1658 962 1707 I‘agi
992 1656 1312 1695 dissertationem

358 1723 587 1771 Ilypaticam
612 1731 697 1770 pag.
722 1720 808 1758 1135.
835 1718 942 1757 Idem
967 1719 1157 1757 Claudius
1179 1723 1317 1757 auctor

359 1782 601 1821 Genethliaci
616 1784 652 1820 in
670 1783 951 1820 Maximianum
967 1786 1007 1819 et
1024 1782 1313 1819 Diocletianum

357 1845 585 1895 Augustos,
611 1856 729 1895 quem
768 1844 869 1882 idem
901 1845 991 1894 Pagi
1021 1843 1171 1882 dictum
1201 1848 1317 1894 putat

357 1918 488 1945 coram
514 1908 748 1945 Maximiano
786 1906 965 1944 llerculio
989 1904 1104 1944 Anno
1135 1906 1226 1945 294.
1251 1905 1317 1944 Ait

356 1971 614 2008 Mamertinus
625 1981 667 2007 se
679 1970 959 2019 Panegyricam
970 1968 1196 2007 Orationem
1206 1967 1319 2019 quin-

359 2030 621 2082 quennalibus
655 2031 835 2081 eJusdem
870 2030 1111 2068 destinatam
1155 2041 1316 2068 servare

357 2094 459 2131 velle
487 2096 522 2130 111
545 2094 773 2131 decennalia
793 2122 799 2139 ,
826 2097 915 2143 post
939 2091 1045 2130 aliud
1060 2102 1202 2129 rursus
1224 2102 1320 2129 exa-

359 2159 469 2192 ctum
494 2155 816 2203 quinquennium
841 2152 1091 2191 celebranda.

415 2217 664 2255 CLAUDIUS
680 2215 941 2254 Mamertinus
953 2214 1105 2263 junior,
1123 2213 1240 2263 cujus
1256 2225 1320 2252 ae-

363 2275 442 2307 131ἰ
463 2269 544 2318 jam
570 2271 745 2319 provecti
784 2281 813 2316 a(
849 2268 1080 2318 jsrcttiarzmz
1115 2271 1217 2305 actio
1243 2278 1318 2317 pro

365 2330 580 2370 Consulatu
601 2331 647 2369 ad
672 2332 872 2369 lulianum
904 2331 1189 2379 Imperatorem
1214 2328 1320 2367 dicta

364 2396 505 2432 Itoniae
532 2393 716 2432 Kalendis
751 2393 924 2431 ,1311113111
949 2392 1022 2431 An.
1054 2392 1130 2429 362
1156 2392 1317 2441 saepius

361 2468 507 2494 excusa
532 2461 571 2493 et
595 2468 616 2493 a
640 2457 760 2493 variis
777 2456 972 2493 illustrata
995 2465 1071 2491 una
1089 2464 1182 2491 cum
1204 2463 1322 2502 supe-

362 2520 472 2556 rioris
502 2519 722 2556 Mamertini
747 2517 999 2555 Orationibus
1035 2516 1137 2553 inter
1161 2519 1320 2551 veteres

364 2581 622 2630 Panegyricos
644 2584 706 2617 est
725 2609 732 2626 ⁷
758 2583 802 2618 ut
825 2578 902 2616 dixi
929 2578 1025 2616 libro
1050 2578 1094 2615 II.
1113 2575 1323 2615 Bibliothe-

363 2656 429 2681 cae
463 2644 620 2680 Latinae
645 2654 731 2692 cap.
756 2642 816 2679 22.
851 2641 1009 2691 Collega
1035 2641 1071 2677 in
1097 2639 1319 2678 Consulatu

364 2704 518 2743 adoreis
543 2703 784 2742 militaribus
801 2702 999 2753 ylort'osus
1023 2714 1109 2752 cap.
1136 2703 1184 2740 45
1207 2701 1324 2738 intel-

369 2769 498 2817 lig-fitur
531 2768 669 2805 Nevit-a
692 2767 871 2816 Gothus,
898 2777 1017 2815 quem
1039 2775 1131 2803 cum
1157 2764 1323 2802 Mamer-

370 2833 449 2867 tino
486 2830 604 2868 hocce
644 2829 733 2879 plus
766 2828 933 2878 simplici
966 2828 1053 2865 vice
1087 2825 1323 2864 Ammianus

372 2893 618 2931 Marcellinus
639 2892 824 2929 celebrat.
842 2890 937 2928 Vide
962 2890 1065 2928 Petri
1089 2886 1252 2927 Relandi
1271 2887 1324 2926 sa-

374 2960 454 2991 51ος
480 2954 718 2993 Consulares
742 2966 827 3003 pag.
855 2953 944 2989 398.

426 3016 679 3054 CLAL'DIITM
722 3016 758 3051 in
789 3013 980 3051 Gennadii
1005 3012 1215 3051 (lodicibus
1244 3012 1330 3061 qui-

377 3077 544 3116 busdam
569 3082 608 3116 et
637 3090 659 3115 a
694 3076 910 3115 Tritlicmio
934 3076 1145 3126 appellari,
1181 3075 1248 3125 qui
1272 3085 1332 3113 rc-

439 3270 469 3304 a')
495 3271 675 3302 ,ileliorem
700 3273 775 3302 neci
798 3277 937 3312 par-lem
973 3275 1196 3302 transactam
1218 3269 1338 3302 scribit

379 3327 448 3357 cap.
475 3317 520 3348 1⁸.
547 3320 670 3350 Claudi
696 3323 907 3353 Mamertina
933 3331 1002 3353 ιιοη
1026 3321 1165 3361 frustra
1194 3319 1337 3351 viaeisti.

381 3367 466 3399 idem
489 3376 561 3407 cap.
590 3368 626 3398 17
651 3371 704 3399 uhi
732 3373 876 3403 erinitiei
900 3380 978 3404 suae
1002 3372 1166 3403 meminit.

1156 218 1545 275 *CLAUDIUS

1383 291 1487 328 etius
1511 289 1815 332 est'Mamertus
1843 292 2093 334 Claudianus
2107 326 2117 345 ,
2151 306 2268 347 supra
2302 296 2339 334 ln

1385 351 1675 391 CLAUDIANO
1701 358 1837 393 notare
1858 368 1920 395 me
1946 358 2126 396 memini.

1436 413 1691 454 CLAUDIUS
1714 416 1871 456 Marius
1899 418 2051 468 Victor,
2094 421 2179 459 sive
2220 419 2344 459 Victo-

1383 475 1522 525 rinus,
1548 477 1695 515 Rhetor
1724 479 1981 518 Massiliensis
2010 485 2050 520 et
2073 483 2214 531 Poeta,
2252 486 2345 520 ante

1385 537 1547 577 Annum
1573 539 1649 578 350
1682 538 1921 590 defunctus,
1959 541 2008 581 de
2041 555 2118 593 quo
2156 546 2260 584 sicut
2297 544 2345 583 de

1386 600 1472 638 aliis
1497 600 1569 639 hoc
1604 602 1762 641 nomine
1789 603 1914 652 infra,
1936 604 2133 644 VICTOR.

1439 661 1691 702 CLAUDIUS
1719 664 1938 714 Hispanus,
1961 666 1996 714 a)
2027 665 2246 718 discipulus
2274 669 2346 706 Fe-

1386 724 1471 762 Iicis
1497 724 1765 773 Urgellensis,
1790 726 1875 764 sive
1913 726 2127 777 Orgelitani
2165 730 2345 780 Episcopi

1388 790 1428 824 et
1451 786 1499 824 ab
1522 784 1594 823 An.
1621 786 1690 824 824
1733 785 1781 824 ad
1820 786 1908 824 839.
1947 788 2167 838 Episcopus
2208 790 2348 828 Tauri-

1388 847 1520 887 nensis
1543 859 1564 886 a
1588 846 1751 887 Claudio
1788 847 1996 888 Clemente
2035 850 2149 889 Scoto
2166 846 2349 904 ‘utroque

1390 909 1598 960 diligenter
1627 909 1948 961 distinguendus.
1980 911 2080 950 Male
2108 915 2258 962 passim
2281 926 2351 954 au-

1390 972 1447 1010 dit
1475 971 1578 1022 apud
1613 972 1879 1021 Iconolatras,
1917 975 2079 1023 propter
2121 984 2347 1024 repressum

1391 1034 1439 1072 ab
1475 1045 1520 1072 eo
1557 1037 1596 1071 et
1633 1038 1932 1085 oppugnatum,
1956 1038 2113 1085 praeter
2149 1036 2352 1087 religiosas

1391 1096 1752 1147 peregrinationes,
1790 1096 2097 1136 immoderatum
2131 1099 2354 1150 imaginum

1392 1160 1562 1209 cultum,
1585 1171 1705 1209 quem
1730 1159 1870 1198 eodem
1896 1160 2037 1199 Seculo
2061 1161 2227 1200 Carolus
2249 1163 2298 1201 M.
2314 1161 2351 1211 b)

1390 1227 1429 1260 et
1453 1221 1677 1261 Ludovicus
1701 1223 1812 1271 Pius,
1830 1226 1869 1261 et
1886 1221 2102 1263 Concilium
2125 1216 2354 1264 Franc0for-

1387 1284 1523 1322 diense
1548 1295 1625 1322 non
1650 1285 1783 1323 minus
1806 1286 1992 1335 graviter,
2011 1285 2219 1336 indignum
2239 1286 2351 1326 Chri-

1387 1347 1527 1384 stianis
1565 1357 1610 1384 30
1650 1345 1917 1385 deserendum
1955 1357 2045 1385 esse
2080 1349 2352 1387 sanciverunt.

1390 1408 1410 1430 *
1419 1409 1474 1446 De
1491 1407 1658 1459 leqitimo
1677 1411 1806 1447 tamen
1820 1420 1940 1447 sensu
1957 1407 2123 1449 eoncilia·
2137 1409 2171 1448 F
2173 1407 2354 1462 rancfor-

1389 1469 1535 1509 diensis
1555 1470 1643 1509 vide
1660 1470 1992 1509 Dissertationem
2014 1472 2057 1509 P.
2081 1470 2213 1510 Natat.
2233 1471 2351 1511 Aleoe.

1389 1532 1490 1572 Hz'st.
1515 1531 1661 1572 Eccles.
1688 1533 1913 1573 Saec.VIII.
1930 1532 2221 1572 dz‘ss.*Primus
2237 1533 2355 1572 Clau-

1390 1596 1500 1634 dium
1546 1595 1857 1646 oppugnandum
1906 1595 1978 1633 sibi
2027 1596 2172 1634 sumsit
2220 1594 2352 1634 Abbas

1391 1657 1761 1707 TllEODOMIRUS⁷
1777 1658 2001 1708 Episcopus
2019 1656 2160 1696 deinde
2178 1657 2355 1708 Caligur-

1392 1722 1546 1759 ritanus
1577 1722 1637 1769 0),
1678 1721 1740 1759 0111
1779 1719 1972 1758 Claudius
2012 1729 2174 1770 respon-
2216 1719 2273 1757 dit
2314 1720 2354 1757 in

1389 1780 1631 1834 Apoloqetico
1670 1785 1708 1820 et
1736 1781 1929 1833 rescripto
1969 1780 2024 1819 ad
2056 1779 2353 1819 Theodomirum

1390 1844 1435 1883 de
1458 1843 1567 1883 cultu
1592 1844 1809 1894 vaayiizum
1841 1847 1879 1882 et
1909 1844 2146 1883 Sanctorum
2161 1873 2173 1892 ,
2198 1854 2249 1882 ex
2271 1854 2349 1893 quo

1391 1906 1542 1958 pridem
1573 1906 1776 1956 deperdito
1821 1906 2042 1956 fragmenta
2079 1908 2218 1945 extant
2246 1904 2351 1956 apud

1392 1969 1552 2008 JONAM
1568 1969 1895 2008 Aurelianensem
1909 1998 1921 2017 „
1937 1973 1977 2007 et
1992 1967 2267 2008 DUNGALUM
2287 1967 2324 2018 d)
2344 1997 2352 2018 ‚

1393 2032 1620 2078 reclusum,
1645 2042 1813 2080 quorum
1840 2032 2049 2081 utriusque
2073 2031 2158 2069 libri
2183 2031 2231 2069 de
2256 2031 2352 2069 ima-

1393 2092 1577 2143 ginibus,
1602 2092 1755 2130 Claudii
1785 2092 2038 2142 Apologetico
2061 2093 2227 2143 oppositi
2248 2096 2355 2131 aeta-

1395 2159 1477 2192 tem
1503 2155 1696 2201 tulerunt,
1712 2153 1761 2191 de
1778 2153 1923 2203 quibus
1939 2164 2011 2191 suo
2032 2153 2126 2191 loco.
2150 2153 2356 2193 CalumnIa

1397 2215 1444 2253 de
1463 2215 1686 2254 Arianismo
1704 2216 1737 2253 ei
1758 2214 1910 2264 objecto
1930 2219 2019 2265 post
2042 2215 2190 2253 obitum
2211 2226 2356 2266 ,quem

1394 2279 1513 2316 vivus
1531 2289 1607 2315 non
1632 2277 1786 2325 docuit,
1804 2276 1871 2315 sed
1889 2278 2150 2328 oppugnavit,
2166 2277 2358 2316 refellitur

1397 2352 1418 2378 a
1443 2340 1634 2378 Richardo
1657 2341 1816 2378 Simone
1837 2341 1875 2377 in
1897 2340 2078 2378 Censura
2096 2339 2360 2378 Bibliothecae

1396 2403 1699 2441 Ecclesiastieae
1727 2403 1970 2452 Dupinianae
1989 2404 2083 2440 tom.
2099 2402 2114 2439 I
2133 2430 2141 2450 ,
2158 2413 2245 2452 pag.
2269 2401 2361 2440 286.

1397 2476 1478 2514 seq.
1504 2469 1544 2501 et
1569 2465 1657 2503 289.
1685 2468 1725 2501 et
1750 2467 1845 2501 tom.
1871 2464 1932 2502 III.
1958 2462 2223 2502 Bibliothecae
2247 2464 2362 2504 Criti-

1395 2537 1462 2564 cae
1487 2527 1583 2565 Novi
1609 2527 1858 2565 Testamenti
1882 2537 1972 2577 pag.
1998 2526 2086 2564 360.
2113 2537 2196 2576 seq.

1448 2590 1506 2627 Ex
1533 2589 1840 2627 Commentariis
1878 2587 1965 2638 ejus
2002 2589 2040 2626 in
2078 2588 2198 2626 libros
2221 2597 2356 2626 sacros

1397 2651 1618 2690 dolendum
1645 2655 1708 2689 est
1733 2651 1828 2690 nihil
1849 2650 2045 2690 hactenus
2063 2649 2213 2689 vidisse
2234 2649 2363 2688 lucem

1397 2719 1554 2765 praeter
1579 2715 1701 2763 illum⁷
1719 2725 1840 2764 quem
1860 2714 1963 2752 clrca
1983 2712 2144 2752 Annum
2161 2712 2250 2752 816.
2268 2711 2365 2750 scri-

1397 2778 1476 2827 psit
1514 2776 1553 2814 z'n
1589 2775 1808 2828 Epistolam
1845 2774 1900 2814 ad
1937 2773 2102 2815 Galatas
2139 2774 2364 2823 dicavitque

1400 2841 1673 2878 Dructeranno
1700 2838 1841 2878 Abbati
1868 2838 2204 2877 sollemniacensi.
2223 2834 2366 2875 Prodiit

1459 3017 1491 3056 a)
1514 3017 1621 3048 Labbe
1638 3020 1720 3048 tom.
1739 3018 1792 3054 11,
1811 3015 1851 3048 de
1868 3018 1899 3048 S.
1915 3017 1952 3046 E.
1972 3024 2046 3055 pag.
2065 3013 2128 3045 755
2141 3038 2151 3051 ,
2180 3020 2248 3052 seq.
2267 3012 2366 3042 Nico-

1399 3069 1468 3100 laus
1492 3069 1655 3098 Antonius
1679 3066 1762 3097 Bibl.
1789 3067 1883 3105 Hisp.
1907 3069 1973 3097 vet.
1989 3065 2049 3096 lib.
2067 3065 2118 3095 vl.
2138 3069 2210 3103 cap.
2235 3061 2265 3093 5.
2289 3064 2372 3092 tom.

1406 3121 1442 3157 1,
1473 3127 1547 3158 pag.
1576 3116 1649 3149 556.
1671 3124 1765 3155 seqq.

1461 3167 1498 3208 b)
1521 3171 1626 3207 Supra
1649 3174 1729 3206 pag.
1752 3163 1827 3197 515.

1462 3219 1494 3258 c)
1518 3217 1653 3250 Carolus
1676 3217 1706 3248 le
1729 3217 1846 3248 Cointe
1871 3215 1912 3248 ad
1934 3217 2068 3246 Annum
2081 3212 2144 3244 828
2166 3215 2247 3243 tom.
2273 3210 2343 3240 vm
2359 3233 2370 3249 ,

1403 3268 1523 3300 Annal.
1546 3276 1624 3308 pag.
1641 3267 1692 3298 55,

1464 3318 1498 3356 d>
1515 3316 1670 3348 Biblioth.
1688 3319 1822 3347 Patrum
1841 3317 1922 3346 tom.
1944 3315 2032 3352 xiv,
2055 3311 2135 3345 edit.
2161 3309 2373 3351 Lugdunens.

1421 3376 1499 3408 pag.
1524 3367 1596 3404 197,
1626 3374 1696 3404 seq.
