2500 4009
392 189 443 230 50
855 188 858 190 ⁷
1246 187 1571 227 ALBINUS

400 261 601 308 (Jl1issotio,
618 262 702 299 Div.
723 263 735 299 l
747 262 841 307 656,
861 261 880 296 4
894 258 1025 308 judice
1041 247 1200 309 quidem
1218 259 1355 298 Carolo

397 324 571 362 Cointio.
596 323 747 361 Sacculi
787 322 877 358 noni
916 321 1063 370 foetus,
1101 320 1171 359 sed
1200 320 1355 360 Alcuini

397 396 666 436 nequaquam.
691 389 783 420 toni.
810 383 877 421 Vll
907 394 943 433 p.
968 383 1032 431 ⁶28,
1056 388 1175 433 atque
1205 384 1355 433 integra

397 445 593 490 dissertat.
620 449 803 494 postuma
820 444 984 483 Alcuino
1006 450 1145 495 negata
1163 457 1184 484 a
1204 446 1354 484 Joanne

397 504 567 553 hallaeo,
598 508 611 527 '⁸
631 506 860 557 Rothomag.
888 507 1009 555 4673,
1036 504 1108 556 4,‘⁰
1133 513 1266 546 tamen
1287 506 1354 545 Al-

393 571 507 607 cuino
523 567 746 607 vindicatur
765 580 787 608 a
802 569 1006 608 Mabillono
1023 573 1129 607 tomo
1144 570 1157 607 1
1174 568 1352 607 Analect.

395 642 480 680 pag.
510 630 582 668 178
605 630 802 678 (editionis
826 642 951 669 novae
974 642 1060 681 pag.
1087 632 1161 669 490
1186 630 1290 680 seq.)
1315 634 1355 668 et

394 691 442 729 ab
465 696 624 731 auctore.
644 692 692 731 de
717 693 752 731 la
772 694 993 744 perpetuite
1016 693 1063 731 de
1088 693 1123 731 la
1148 694 1229 742 Foy
1259 696 1351 730 tom.

394 754 456 792 IV.
488 754 606 793 Table
630 756 853 806 llistorique.
884 760 923 793 et
959 755 1135 805 Critique
1173 766 1258 805 pag.
1290 755 1351 793 33.

391 815 479 855 Alia
502 821 563 855 est
586 816 741 856 Alcuini
760 818 982 859 Confessio,
1004 819 1089 856 sive
1112 816 1292 856 doctrina
1307 816 1353 857 dc

392 878 464 916 DE
469 878 514 927 O,
531 890 633 929 quac
654 881 756 918 inter
772 881 899 931 Opera
914 879 1001 930 ejus
1017 880 1160 931 legitur
1173 891 1259 931 pag.
1276 879 1353 920 762

393 946 512 991 atque
528 941 654 980 lucem
670 941 805 982 debuit
818 942 1002 981 Matthiae
1023 942 1161 990 Flacio,
1185 943 1252 993 qui
1265 953 1353 981 eam

395 1003 627 1053 vulgaverat
646 1004 693 1042 ad
710 1005 857 1042 calcem
879 1004 980 1052 libri,
995 1005 1057 1043 cui
1071 1004 1229 1043 titulus:
1254 1005 1355 1043 Una-

394 1064 511 1104 nimis
532 1076 744 1105 consensus
758 1066 988 1117 primitivae
1006 1064 1205 1105 Ecclesiae
1224 1065 1354 1106 deuon

395 1126 608 1165 scrutando
637 1126 805 1166 Divinae
830 1128 1096 1179 yenemtionis
1130 1127 1226 1167 Filii
1260 1129 1356 1167 DEI

396 1188 517 1227 modo.
540 1190 713 1229 Basilcae
736 1192 857 1235 4:560,
882 1191 951 1229 82‘0
973 1190 1086 1230 Libri
1099 1194 1179 1232 tres
1195 1191 1241 1230 (le
1256 1191 1350 1230 Fide

391 1252 459 1290 SS.
484 1253 699 1300 Trinitatis,
731 1252 865 1291 itidem
891 1254 993 1292 inter
1016 1255 1142 1304 Opera
1182 1254 1284 1293 obvii
1312 1265 1348 1304 p.

396 1311 473 1350 7012
498 1313 683 1363 leguntur
705 1315 824 1352 etiam
846 1316 883 1353 in
909 1314 1124 1354 homiliario
1138 1316 1245 1354 Pauli
1265 1316 1353 1354 Dia-

396 1376 481 1412 coni
506 1374 554 1413 ad
578 1376 741 1415 Festum
766 1377 834 1416 SS.
860 1378 1072 1416 Trinitatis.
1096 1377 1267 1416 Eosdem
1293 1389 1354 1416 sc-

398 1438 562 1487 paratim
579 1448 669 1476 cum
686 1439 977 1477 Commentario
993 1439 1113 1477 edidit
1128 1441 1189 1478 vir
1208 1441 1295 1491 pius
1314 1444 1354 1478 et

399 1498 536 1538 doctus
561 1501 686 1538 Lucas
706 1501 864 1539 Lossius
884 1501 1126 1540 Francofurti
1144 1503 1261 1549 4554,
1284 1501 1354 1539 82⁰

451 1564 474 1600 5
494 1562 740 1612 Opusculum
752 1560 798 1600 dc
809 1562 839 1602 C
842 1562 1108 1614 omparationc
1123 1563 1226 1602 Novi
1237 1567 1273 1602 ct
1291 1565 1355 1603 Vc-

401 1624 496 1666 teris
534 1623 767 1662 Testamenti
783 1636 809 1662 α
831 1624 995 1663 denario
1032 1637 1195 1664 menzero
1229 1636 1356 1677 usque

400 1684 454 1724 ad
476 1696 609 1724 unum.
636 1687 672 1723 in
712 1686 898 1725 Bernardi
921 1687 995 1726 Pcz
1019 1688 1232 1726 Anccdotis
1260 1692 1353 1726 tom.

402 1748 434 1787 11
466 1760 550 1799 pag.
577 1750 612 1788 4.

456 1812 478 1848 6
505 1810 736 1864 Genealoyia
751 1811 1006 1852 humanitatis
1031 1811 1207 1862 CHristi,
1224 1812 1301 1851 MS.
1319 1812 1356 1850 in

401 1872 639 1912 Bibliotheca
660 1876 904 1914 Menarsiana
926 1887 962 1926 p.
989 1876 1076 1914 457.

455 1934 479 1972 7
502 1935 521 1972 J
527 1946 625 1974 ussu
647 1937 763 1988 Regis
779 1938 904 1976 Caroli
927 1936 1113 1977 Divinam
1128 1936 1358 1976 correoeisse

402 1995 621 2035 Historiam
665 1999 800 2037 scribit
844 2000 1074 2050 Sigebertus
1115 1999 1163 2038 ad
1207 2011 1356 2038 annum

405 2058 556 2097 Cllristi
580 2059 656 2097 790
685 2071 810 2110 coque
833 2061 1100 2109 referendum,
1125 2061 1228 2111 quod
1258 2061 1359 2100 The-

403 2131 532 2169 ganus
554 2131 636 2172 cap.
663 2121 687 2159 7
706 2121 754 2160 de
773 2124 896 2173 gestis
921 2123 1105 2162 Ludovici
1139 2125 1210 2173 Pii,
1240 2124 1358 2163 Caro-

405 2180 487 2219 lum
502 2182 646 2232 Regem
661 2183 906 2235 corriqendis
919 2185 1049 2224 sacris
1065 2183 1177 2224 libris
1191 2195 1357 2224 vacasse

405 2243 554 2281 retulit:
581 2255 652 2283 nec
676 2256 750 2283 non
774 2246 803 2284 V
809 2246 821 2284 1
845 2247 1138 2297 Epigrammata
1161 2246 1210 2285 de
1230 2257 1357 2285 corre-

404 2305 532 2343 ctione
552 2306 762 2346 Bibliorum
786 2307 834 2346 ab
853 2308 1018 2347 Alcuino
1034 2309 1149 2357 facta,
1173 2320 1274 2359 quae
1290 2320 1358 2347 cx-

406 2371 515 2405 stant
535 2368 572 2406 in
597 2369 682 2407 eius
706 2370 889 2420 operibus
912 2382 996 2422 pag.
1023 2371 1109 2409 685.
1132 2370 1227 2409 Vide
1241 2372 1357 2410 Baro-

406 2429 515 2467 nium
536 2429 583 2468 ad
608 2430 767 2470 Annum
789 2432 865 2471 778
894 2444 1001 2472 num.
1039 2433 1089 2472 23
1119 2433 1355 2472 Richardum

406 2491 606 2530 Simonem
630 2493 693 2531 lib.
719 2495 752 2532 ΙΙ
777 2495 967 2533 Historiae
988 2495 1153 2535 Criticae
1168 2496 1267 2536 Novi
1285 2497 1357 2533 Te-

405 2555 591 2592 stamenti
615 2566 696 2606 cap.
720 2556 754 2594 9.
769 2557 961 2595 Joannem
977 2557 1165 2596 Jacobum
1183 2558 1357 2596 Wetste-

406 2615 514 2653 nium
531 2617 820 2668 prolegomenis
832 2618 879 2657 ad
888 2620 1040 2658 Novum
1057 2621 1355 2658 Testamentum

406 2687 490 2727 pag.
516 2678 565 2716 88
589 2690 670 2730 seq.
692 2684 732 2718 et
755 2692 855 2731 quae
884 2682 1001 2731 infra,
1031 2681 1096 2721 ubi
1133 2682 1181 2721 de
1216 2681 1358 2722 Corre-

407 2739 541 2779 ctoriis
558 2739 787 2781 Bibliorum.
807 2765 833 2774 —·
852 2745 1033 2783 Pocrnata
1058 2743 1153 2793 duo,
1175 2744 1360 2783 hexame-

407 2806 512 2840 trum
536 2803 721 2853 alterurn,
750 2806 918 2845 alterum
955 2807 1197 2857 elegiacum,
1226 2806 1359 2845 Bibliis

407 2863 455 2902 ab
482 2864 646 2904 Alcuino
682 2870 944 2918 praemissum
973 2868 1094 2907 edidit
1130 2868 1360 2907 Lambecius

408 2929 513 2963 tomo
537 2927 567 2965 ΙΙ
593 2939 678 2979 pag.
702 2929 776 2967 403
794 2940 875 2980 seq.
901 2932 967 2981 qui
990 2932 1108 2970 etiam
1129 2930 1177 2968 de
1206 2929 1289 2969 Vita
1316 2932 1355 2969 S.

413 2986 566 3027 Veclosti
582 2990 813 3030 Alcuiniana
832 2992 1029 3031 videndus
1051 3005 1135 3044 pag.
1160 2993 1233 3031 409
1256 3004 1341 3043 sqq.

459 3051 542 3088 Non
568 3053 849 3101 omittendum,
875 3054 977 3103 quod
1002 3055 1184 3094 Barthius
1214 3055 1260 3093 vl
1291 3055 1353 3093 20.

409 3109 616 3164 Adversar,
644 3113 894 3165 Calliopium‚
915 3117 980 3165 qui
1001 3117 1172 3155 Terentii
1196 3117 1357 3156 Comoe-

465 3196 477 3208 '
499 3202 698 3239 Argumenta
720 3205 789 3243 ejus
810 3205 946 3243 exponit
972 3203 1156 3237 Ludovicus
1185 3203 1284 3236 Ellies
1311 3204 1354 3235 du

410 3246 469 3275 Pin
503 3251 591 3281 torno
619 3253 655 3281 vl
692 3253 891 3286 niblitiiecac
915 3254 1164 3288 Ecclesiasticae
1200 3262 1261 3295 pag
1297 3254 1354 3286 12⁶2

405 3303 472 3333 seq.

1432 259 1516 298 dias
1533 260 1783 299 recensuisse
1804 261 1841 299 in
1863 259 2071 301 Codicibus
2087 261 2193 301 MSS.
2218 266 2391 314 notatur,

1432 331 1508 358 non
1533 321 1653 360 alium
1669 325 1782 372 putat
1798 333 2034 372 esse,quam
2056 321 2162 362 hunc
2176 322 2387 364 Alcuinum

1430 383 1497 432 q'ui
1523 383 1561 420 in
1585 383 1726 423 Codice
1747 385 1824 423 MS.
1845 385 1951 423 vitae
1970 384 2196 423 Wilibrordi
2225 390 2391 426 vocatur

1429 442 1619 483 Dominus
1641 443 1809 485 Albinus
1832 445 2024 498 Magister
2047 447 2212 498 optimus
2243 447 2388 488 Callio-

1422 506 1557 558 picus,
1579 506 1651 546 hoc
1687 512 1750 547 est
1788 512 1897 547 totus
1927 509 2120 547 formatus
2156 520 2179 548 a
2220 510 2391 562 Calliope

1429 570 1645 620 Musisque.

1479 631 1535 670 De
1558 631 1744 679 caeteris,
1769 631 1946 671 Caveum
1965 641 2058 681 rogo
2081 631 2266 671 consulas
2288 633 2392 672 Hen-

1427 691 1723 742 dreichiumque
1747 697 1787 731 et
1810 692 2068 742 Polycarpum
2090 693 2309 742 Leyserum
2348 695 2387 734 in

1427 754 1593 793 Historia
1618 755 1826 792 Poetarum
1850 752 1968 791 medii
1991 754 2079 792 aevi
2102 764 2189 806 pag.
2208 754 2286 795 2⁴5
2301 766 2385 807 seq.

1426 826 1595 866 quorum
1619 815 1840 853 observatis
1870 825 1946 853 non
1972 814 2096 854 habeo
2118 815 2258 867 plura,
2287 829 2388 868 quae

1426 877 1586 924 addam,
1611 877 1685 915 nisi
1722 875 1827 926 quod
1866 875 2066 916 Antonius
2102 876 2315 918 Verderius
2344 880 2384 918 in

1426 938 1665 978 Bibliotheca
1693 937 1840 977 Gallica
1866 949 1952 989 pag.
1978 938 2021 979 24
2050 943 2209 989 narrat,
2239 951 2282 980 se
2311 941 2386 980 sub

1427 1000 1581 1040 Alcuini
1597 1001 1754 1039 nomine
1769 999 1918 1039 vidisse
1935 1001 2013 1040 MS.
2034 1000 2177 1040 librum
2193 1013 2386 1042 versuum

1427 1063 1670 1102 leoninorum
1693 1062 1919 1111 moralium,
1934 1074 1991 1101 un
2014 1061 2114 1102 livre
2131 1061 2177 1102 de
2197 1075 2289 1104 vers
2306 1076 2389 1103 mo-

1425 1137 1540 1164 rauoe
1562 1136 1609 1163 en
1633 1123 1731 1163 latin
1752 1135 1829 1163 non
1850 1135 2035 1164 mesurez
2052 1135 2135 1176 par
2143 1124 2270 1178 pleds,
2285 1126 2388 1166 mais

1423 1199 1571 1240 rymez.
1595 1186 1711 1236 Vide,
1737 1188 1770 1225 si
1790 1187 1935 1237 placet,
1960 1198 2062 1238 quae
2083 1187 2183 1226 infra
2198 1188 2238 1226 in
2252 1188 2388 1228 Leone.

1476 1249 1708 1298 ALBINUS,
1732 1248 1865 1288 Abbas
1890 1249 1928 1288 S.
1951 1250 2054 1288 Petri
2069 1249 2386 1300 Cantuariensis,

1424 1313 1489 1362 qui
1515 1311 1641 1350 Bedae
1664 1315 1801 1350 auctor
1825 1311 1898 1350 fuit
1918 1315 1958 1350 et
1977 1310 2134 1362 adjutor
2156 1311 2386 1352 scribendae

1426 1373 1642 1423 Anglorum
1666 1374 1875 1422 Historiae,
1904 1377 1949 1412 ut
1971 1372 2078 1413 Beda
2100 1376 2274 1414 testatur
2295 1375 2388 1426 Epi-

1428 1436 1528 1475 stola
1549 1437 1835 1487 nuncupatoria
1857 1435 1907 1475 ad
1931 1435 2197 1476 Ceolwulfum
2224 1437 2385 1487 Regem.

1428 1497 1524 1537 Vide
1543 1498 1751 1537 Mabillonii
1774 1496 1966 1537 Analecta
1985 1502 2079 1537 tom.
2102 1498 2117 1537 I
2139 1509 2225 1549 pag.
2248 1499 2270 1537 9
2293 1497 2394 1549 (edi-

1429 1562 1545 1599 tionis
1566 1565 1690 1599 novae
1715 1561 1752 1598 in
1788 1561 1850 1599 fol.
1872 1571 1958 1612 pag.
1981 1560 2074 1609 398)
2097 1560 2162 1599 ubi
2185 1560 2314 1600 Bedae
2342 1560 2392 1600 ad

1429 1621 1534 1661 hunc
1555 1621 1741 1661 Albinum
1771 1622 1989 1675 Epistolam
2018 1621 2197 1661 exhibet:
2233 1621 2394 1661 Deside-

1428 1683 1629 1724 ratissimo
1665 1686 1704 1722 et
1727 1683 2056 1723 reverendissimo
2097 1683 2216 1723 Patri
2248 1682 2389 1724 Albino

1427 1744 1536 1784 Beda
1562 1746 1775 1786 CHRISTI
1791 1744 1969 1798 famulus
1992 1745 2172 1786 salutem.

1482 1807 1716 1857 ALBINUS,
1730 1809 1816 1847 sive
1830 1806 2081 1848 ALBUNIUS
2091 1837 2101 1857 ,
2119 1807 2310 1857 Eremita‚
2325 1819 2395 1848 cu-

1427 1867 1494 1920 jus
1517 1868 1696 1921 Epistola
1710 1868 1765 1908 ad
1778 1868 2033 1909 Heribertum
2058 1868 2329 1911 Coloniensem
2343 1870 2392 1910 ab

1429 1931 1545 1970 Anno
1567 1932 1721 1972 CHristi
1742 1932 1817 1972 999
1842 1932 1890 1971 ad
1921 1933 2037 1973 4024.
2070 1932 2314 1985 Episcopum
2343 1932 2393 1972 de

1429 1993 1640 2043 charitate,
1663 1994 1904 2043 humilitate,
1926 1993 2165 2043 obedientia,
2186 1994 2393 2032 continen-

1430 2055 1482 2093 tia
1506 2059 1546 2094 et
1567 2056 1722 2094 silentio
1735 2056 1813 2094 MS.
1831 2059 1963 2094 exstat
1980 2055 2017 2092 in
2039 2053 2181 2095 Codice
2199 2055 2294 2094 XXI
2324 2055 2388 2094 Bi-

1428 2115 1648 2156 bliothecae
1688 2117 1824 2168 templi
1853 2117 1891 2156 S.
1921 2117 2024 2156 Petri
2062 2116 2388 2168 Hamburgensis.

1430 2177 1524 2217 Vide
1543 2179 1585 2216 B.
1610 2179 1830 2230 Staphorsti
1854 2179 1979 2217 nostri
2014 2179 2226 2218 Historiam
2248 2178 2386 2218 Eccle—

1429 2240 1509 2279 siae
1532 2241 1840 2291 Hamburgensis
1862 2245 1956 2279 tom.
1977 2242 2029 2280 Ill
2049 2252 2136 2292 pag.
2158 2239 2231 2281 274
2245 2240 2361 2280 -284,

1481 2301 1612 2342 ALBO
1636 2302 1913 2353 Floriacensis,
1934 2301 2026 2342 vide
2049 2302 2195 2343 ΑΒΒΟ.

1482 2363 1660 2404 ALBRIC
1671 2365 1729 2404 US
1747 2393 1755 2412 ,
1774 2363 2141 2413 siveALFRICUS,
2170 2363 2393 2404 Londinen-

1429 2426 1504 2474 sis,
1525 2427 1627 2465 circa
1650 2425 1696 2465 A.
1721 2427 1763 2466 C.
1788 2425 1891 2467 4247
1915 2426 2027 2465 vixit.
2050 2426 2107 2465 De
2131 2425 2235 2464 illius
2255 2426 2392 2464 Poeta-

1426 2486 1504 2535 rio,
1529 2489 1613 2527 sive
1636 2486 1682 2527 de
1704 2488 1863 2541 Oriyine
1888 2491 1928 2527 et
1946 2485 2196 2539 Imaqinibus
2219 2487 2392 2526 Deorum

1429 2549 1556 2589 libello
1578 2561 1669 2589 cnm
1695 2550 1959 2601 Scriptoribus
1985 2550 2093 2590 edito
2120 2548 2391 2600 Mythologicis

1429 2610 1508 2649 dixi
1530 2613 1567 2650 in
1590 2611 1828 2651 Bibliotheca
1853 2612 1991 2651 Latina
2011 2611 2076 2651 lib.
2102 2611 2135 2650 ΙΙ
2159 2621 2243 2662 cap.
2269 2612 2304 2660 4,
2325 2611 2390 2650 ubi

1430 2673 1478 2712 do
1522 2675 1686 2725 Hygino
1731 2675 1775 2713 In
1811 2673 2056 2714 Bibliotheca
2081 2671 2389 2723 Rostgaardiana

1433 2747 1518 2787 pag.
1537 2736 1609 2775 470
1625 2737 1738 2776 offert
1762 2747 1805 2775 se
1827 2736 1904 2777 MS.
1919 2733 2109 2775 Albricus
2124 2732 2170 2773 de
2185 2734 2326 2772 Rosate
2340 2732 2387 2772 de

1432 2798 1702 2849 intcyumentis
1715 2797 1960 2851 fabularum.
1975 2795 2073 2837 Vide
2087 2794 2382 2835 ALBERICUS.

1484 2861 1800 2900 ALBRlGETUS
1839 2857 2136 2905 CORTUSIUS,
2171 2855 2384 2896 Patavinae

1433 2924 1606 2974 Scriptor
1620 2923 1822 2962 Historiae.
1839 2921 1935 2961 Vide
1955 2920 2074 2968 infra,
2090 2917 2383 2958 CORTUSIUS.

1484 2984 1750 3033 ALBUINUS,
1786 2983 2014 3033 Presbyter,
2047 2978 2163 3030 cujus
2191 2977 2383 3018 ineditum

1430 3044 1574 3086 librum
1595 3044 1642 3084 cle
1668 3043 1884 3084 Virtutibus
1907 3046 1945 3082 et
1975 3040 2083 3082 Vitiis
2107 3040 2256 3079 evolvit
2279 3041 2381 3081 Can-

1429 3109 1526 3159 gius.
1552 3107 1756 3156 l‘rologum
1779 3104 1957 3155 vulgavit
1978 3101 2214 3143 Edmundus
2241 3102 2381 3142 Marte-

1430 3181 1479 3209 ne
1503 3175 1595 3208 tom.
1621 3168 1635 3206 Ι
1659 3165 1847 3206 Anccdot.
1873 3177 1908 3216 p.
1935 3165 2023 3203 668.

1481 3229 1747 3277 ALBUNIUS,
1769 3227 1954 3268 Eremita.
1981 3227 2075 3268 Vide
2099 3237 2230 3279 supra,
2247 3224 2379 3266 ALBI-

1432 3294 1537 3334 NUS.
