2500 3841
966 214 1209 259 BllUNO

85 280 166 320 tulo
184 276 566 320 Commentariorum
590 277 630 316 in
649 278 893 331 Evanqelia,
925 288 1045 334 atque

84 345 120 381 in
141 341 246 381 MSS.
272 341 402 380 adhuc
426 341 549 379 latere
574 340 735 380 indicat.
760 343 921 384 Clariss.
947 358 1043 386 vero

79 407 159 444 Jos.
196 405 365 443 Pasinus
386 402 568 442 Biblioth.
594 403 699 443 illius
723 405 948 447 moderator
970 409 1043 449 du-

79 467 175 507 dum
198 478 269 518 per
290 466 427 505 literas
460 465 556 513 mihi
587 466 827 517 significavit
850 469 899 509 de
922 483 1040 522 opere

78 529 142 568 illo
157 528 312 569 edendo
326 529 537 568 consilium
554 530 722 581 agitare,
739 531 844 582 quod
861 537 904 572 ut
927 547 1040 586 prae-

75 595 156 632 stet
176 594 238 631 vir
251 591 510 631 doctissimus
527 595 730 632 communi
751 596 931 635 omnium
949 609 1040 637 eru-

73 655 248 695 ditorum
271 666 389 706 prece
413 666 506 706 rogo
526 659 567 694 et
589 655 778 694 obtestor.

128 718 172 757 In
197 718 296 757 Bibl.
320 716 578 757 Riccardiana
597 719 676 757 MS.
697 718 792 758 Cod.
828 720 924 760 Saec
963 724 1036 762 XII

71 784 207 820 servat
231 780 427 820 ineditum
451 780 663 832 hucusque
683 784 920 834 opusculum
941 787 1038 824 scri-

71 844 196 895 ptoris
217 842 337 883 huius
357 842 404 882 de
423 842 591 882 muliere
608 843 718 896 sorti.
737 845 1037 897 Est-positionem

71 906 109 945 in
135 907 346 946 Canticum
370 907 625 946 Canticorum
650 908 817 947 multam
843 909 892 947 ab
911 921 957 948 ea
978 910 1037 948 di-

69 973 350 1020 screpantem,
375 980 477 1019 quae
513 969 658 1020 prodiit
681 970 718 1008 in
748 971 930 1010 Biblioth.
963 974 1036 1011 Pa-

69 1036 202 1081 trum,
221 1033 338 1072 cuius
361 1033 491 1083 operis
525 1032 793 1083 fragmentum
827 1034 960 1074 exibet
982 1035 1029 1074 cl.

69 1095 231 1134 Lamius
266 1095 304 1132 in
335 1094 462 1133 Catal.
495 1094 621 1134 eiusd.
651 1095 941 1144 Bibliothecae,
966 1097 1034 1147 qui

65 1162 106 1196 et
128 1156 238 1197 addit
262 1158 445 1209 geminas
476 1158 666 1209 epistolas
690 1157 871 1197 eiusdem
901 1158 1032 1199 adhuc

67 1220 251 1260 ineditas.

117 1283 283 1323 BRUNO
306 1281 498 1321 Tutiensis
514 1283 734 1321 Leucorum
751 1283 790 1321 in
806 1283 930 1323 Gallia
948 1283 968 1307 *³
983 1284 1031 1323 ab

64 1344 306 1386 Annoto26
330 1345 380 1384 ad
405 1345 506 1384 ⁴049
544 1345 784 1396 Episcopus,
810 1345 902 1384 inde
927 1347 1030 1385 inter

62 1409 189 1459 Papas
209 1407 311 1447 LEO
326 1409 380 1447 IX
404 1419 427 1447 a
449 1407 498 1447 42
522 1406 708 1446 Februar.
726 1407 831 1446 Anni
854 1408 956 1447 4049
978 1407 1027 1446 ad

60 1466 225 1506 Annum
251 1468 375 1517 ⁴054,
407 1469 455 1508 49
486 1467 608 1519 April.
640 1479 719 1518 quo
748 1467 811 1507 die
853 1468 1026 1507 videnda

58 1530 335 1581 Martyrologia
379 1534 421 1569 et
447 1529 547 1569 Acta
586 1531 824 1570 Sanctorum
862 1535 961 1569 tom.
990 1532 1024 1570 ΙΙ

56 1592 202 1643 Aprilis
225 1603 312 1644 pag.
351 1593 427 1632 642
465 1603 576 1643 seqq.
603 1593 668 1631 ubi
706 1593 794 1632 Vita
827 1594 974 1644 scripta
1003 1605 1026 1632 a

63 1653 256 1702 Wiberto,
280 1653 330 1693 de
353 1666 432 1705 quo
455 1666 543 1706 pag.
569 1655 659 1694 266.
684 1655 866 1694 Eandem
903 1656 1026 1695 tradi-

57 1717 151 1756 dere
164 1718 285 1756 etiam
301 1715 511 1756 Ansetmus
527 1718 755 1766 Remensis,
773 1718 822 1757 de
841 1729 919 1768 quo
934 1729 1019 1770 pag.

58 1780 148 1819 310.
167 1779 303 1817 Brimo
328 1779 567 1830 Signiensis,
591 1779 640 1819 de
665 1792 743 1831 quo
763 1779 845 1830 jam
871 1780 971 1819 dixi:
998 1793 1019 1820 e

54 1841 342 1881 recentioribus
364 1841 615 1893 Augustinus
644 1844 879 1893 Bontemps,
903 1842 1021 1881 Atre-

54 1905 145 1953 bas,
168 1904 383 1944 Monachus
407 1905 631 1951 Lobiensis,
647 1906 828 1953 >carmine
848 1905 1016 1945 heroico.

52 1966 311 2018 Epitaphium
334 1967 422 2016 ejus
445 1967 499 2006 ita
526 1967 668 2006 Urbem
693 1967 932 2018 alloquitur:

109 2038 236 2069 Victrix
256 2039 376 2076 Roma,
399 2037 474 2069 dole
491 2062 501 2077 ‚
521 2037 546 2079 †
570 2047 658 2070 nono
681 2039 819 2071 viduata
844 2041 953 2071 Leone
968 2064 979 2079 ‚

149 2090 197 2120 Ex
218 2088 332 2119 multis
355 2087 456 2120 talem
480 2097 548 2120 non
573 2088 728 2121 habitura
752 2092 899 2122 Patrem.

53 2157 205 2196 Extant
226 2155 316 2208 ejus
343 2155 545 2208 Epistotae
565 2157 653 2196 XIX
685 2158 724 2195 in
748 2158 1016 2198 Conciliorum

51 2219 171 2258 tomis
193 2220 352 2270 saepius
375 2219 524 2268 editae,
547 2231 587 2258 1n
611 2219 830 2259 Labbeanis
848 2225 942 2259 tom.
960 2221 1016 2259 IX

51 2293 138 2333 pag.
163 2282 242 2322 949
267 2283 306 2320 in
329 2281 609 2322 Harduinianis
634 2287 728 2322 tom.
745 2283 801 2322 IX
824 2294 915 2335 pag.
939 2281 1018 2323 927

50 2347 221 2395 qu‘orum
241 2350 477 2396 argumenta
509 2345 726 2397 perstrinxi
749 2350 844 2385 tom.
870 2347 925 2385 IX
955 2346 1019 2385 Bi-

49 2407 245 2448 bliotheca
266 2408 441 2447 Graecae
457 2419 544 2459 pag.
568 2407 656 2447 579.
671 2409 734 2447 Ex
755 2408 818 2447 his
841 2409 959 2447 tertia
974 2412 1014 2447 et

50 2480 154 2508 nona
175 2471 294 2508 etiam
319 2470 436 2509 obvia
458 2470 565 2521 apud
589 2471 791 2510 Laertium
822 2471 1016 2511 Cherubi-

52 2543 149 2571 num
174 2531 212 2569 in
236 2531 423 2571 bullario:
446 2533 659 2583 pleraeque
679 2534 800 2572 etiam
823 2532 928 2584 apud
944 2534 1018 2571 Ba-

51 2594 207 2632 ronium
231 2598 306 2632 etc.
330 2592 392 2632 Ab
431 2594 575 2634 harum
598 2595 725 2645 prima
761 2595 936 2646 longiore
964 2594 1015 2633 ad

49 2655 281 2695 Michaelem
304 2656 572 2706 Cerularium,
610 2656 1015 2707 Constantinopolita-

51 2729 150 2757 num
170 2717 438 2757 Patriarcham
459 2722 499 2756 et
519 2719 689 2768 septima
713 2718 761 2756 ad
785 2719 1016 2757 Constanti-

52 2792 152 2819 num
174 2780 504 2829 Monomachum,
530 2779 712 2818 diversae
745 2784 841 2819 sunt
866 2791 1016 2819 memo-

51 2847 161 2882 ratae
185 2842 391 2894 sigeberto
414 2842 691 2881 Gemblacensi
714 2852 799 2892 cap.
826 2840 901 2880 4129
918 2841 1016 2881 libor

51 2904 100 2944 ad
123 2903 297 2944 eundem
321 2904 653 2953 Constantinum,
690 2915 738 2942 ne
774 2903 922 2942 sineret
956 2903 1015 2942 in-

49 2965 250 3007 valescere
269 2966 309 3006 in
323 2966 494 3019 Imperio
510 2977 580 3005 suo
599 2968 654 3004 tot
670 2965 870 3005 haereses:
891 2965 1015 3006 Grae-

51 3029 91 3068 ci
107 3030 228 3081 enim,
259 3032 292 3070 si
318 3032 489 3070 Leonem
514 3029 717 3078 audimus,
740 3032 786 3067 ut
802 3029 1014 3068 Simoniaci

50 3091 208 3133 domum
226 3093 324 3133 DEI
337 3091 559 3134 vendebant
566 3105 578 3141 ;
601 3095 648 3130 ut
667 3092 828 3142 Valesii,
845 3089 1014 3143 hospites

48 3253 64 3286 1
106 3206 121 3221 ⁸
142 3207 385 3240 sammai-than.
406 3207 530 3240 Galliae
544 3207 755 3240 Christianae
769 3210 849 3239 tom.
868 3208 924 3245 ill,
940 3214 1016 3247 pag.

69 3255 141 3290 096.

107 3305 239 3347 †Apud
260 3309 465 3344 Ludovicum
493 3310 653 3344 ‚iacobum
673 3312 704 3342 ct
733 3316 750 3341 a
768 3309 815 3341 ios
839 3316 1014 3349 perperam

47 3363 206 3388 excusum
222 3357 328 3391 dolet.

2006 233 2084 273 267

1120 298 1214 327 37703
1236 292 1434 330 castratos
1458 290 1576 332 etiam
1599 292 1655 333 ad
1676 294 1957 348 Episcopatnm
1989 312 2086 352 pro-

1117 350 1349 392 movebant.-
1373 358 1419 392 ut
1437 356 1667 397 Donatistae
1686 358 1903 410 jactabant
1928 374 2013 402 esse
2042 377 2084 403 777

1115 411 1201 451 3οῖα
1242 414 1414 455 Graecia
1451 418 1507 456 07·
1511 418 1726 460 thodooeam
1760 422 2008 465 Ecclesiam:
2037 431 2083 466 ut

1116 476 1321 517 Severiani
1345 478 1529 520 dicebant
1549 482 1801 524 maledictam
1829 498 1912 526 esse
1938 489 2080 541 Leyem

1113 539 1271 590 isoysis:
1281 544 1682 585 utPnevmatomachi
1692 547 1978 601 professionem
1993 552 2081 604 Spi-

1113 601 1219 641 ritus
1255 604 1396 643 Sancti
1421 604 1710 647 abscindebant
1742 623 1768 648 a
1798 611 2005 664 Symbolo:
2035 619 2081 654 ut

1111 664 1569 706 Nazarenilmlaismum
1585 668 1870 723 observabant;
1882 677 2078 727 parvulos

1111 726 1320 767 morientes
1337 728 1605 780 prohibebant
1626 731 1830 785 baptizari
1849 742 1940 777 ante
1969 744 2077 780 octa-

1110 800 1205 827 vum
1249 791 1440 831 nativatcs
1477 792 1598 832 di:em
1636 796 1798 837 Latinos
1840 799 1882 837 in
1921 814 2076 843 nomme

1108 855 1270 891 sanctae
1290 853 1494 894 Trinitatis
1514 854 1738 908 baptizatos
1756 872 1780 897 7
1783 859 2074 914 ebaptzzabant‚

1109 915 1148 950 et
1168 912 1248 965 ipsi
1279 914 1554 968 sacrificantes
1591 918 1639 958 de
1663 919 1876 973 fermento
1913 927 2073 967 Latinos

1107 974 1304 1015 vocabant
1337 977 1566 1030 Azymitas,
1605 985 1643 1020 et
1672 981 1898 1026 claudentes
1935 999 2074 1028 eorum

1109 1038 1187 1077 Ε·6(
1191 1037 1320 1088 leszas,
1331 1053 1394 1081 eos
1404 1054 1481 1094 pei
1482 1043 1762 1096 sequebantur.
1771 1048 1938 1089 Videtur
1952 1052 2073 1091 etiam

1108 1100 1314 1143 diversum
1331 1116 1431 1156 opus
1448 1111 1584 1146 notare
1602 1108 1849 1161 sigebertus,
1866 1124 1959 1151 cum
1979 1119 2072 1165 post

1107 1164 1377 1215 Epistolarum
1409 1169 1565 1208 illarum
1590 1173 1834 1213 mentionem
1863 1174 2071 1229 subjungit

1106 1227 1280 1279 Scripsit
1300 1241 1424 1281 snper
1446 1230 1506 1271 1773
1526 1234 1645 1272 etiam
1660 1235 1708 1273 ad
1724 1235 1896 1277 Graecos
1921 1237 2070 1280 librum

1106 1288 1300 1330 luculento
1319 1304 1514 1345 sermone
1532 1296 1783 1348 Εο07796ἰ7673
1802 1303 1842 1338 et
1857 1301 2070 1344 Canoniczs

1103 1352 1334 1394 ί63[7“’7770777’73
1347 1354 1556 1397 destruens
1572 1370 1709 1398 eoram
1724 1373 1769 1399 67
1772 1373 1842 1401 rot
1845 1375 1910 1413 es,
1937 1369 1976 1404 et
1992 1367 2070 1406 Ca-

1103 1416 1268 1456 tlzolecae
1290 1417 1493 1459 Ecclesiae
1527 1421 1645 1472 fidem
1668 1423 1783 1463 ac’lstr
1788 1437 1834 1464 776
1837 1437 1893 1465 773.
1925 1430 2068 1469 Leonis

1099 1481 1155 1519 lx
1172 1481 1398 1532 Sermones,
1422 1484 1507 1522 sive
1524 1484 1737 1536 Homeleae,
1762 1499 1855 1527 cum
1872 1488 1959 1540 ejus
1972 1493 2068 1544 Epi-

1101 1544 1214 1582 stolis
1235 1544 1367 1583 lucem
1388 1545 1578 1585 viderunt
1602 1549 1764 1587 Lovanii
1788 1552 1905 1591 4565.
1928 1559 1968 1593 et
1997 1567 2066 1595 cu-

1099 1610 1213 1645 rante
1248 1608 1460 1646 Laurentio
1486 1608 1620 1657 Surio,
1645 1622 1690 1649 ac
1714 1613 1891 1664 quinque
1924 1616 2066 1667 adjun-

1096 1672 1215 1719 gente
1237 1669 1463 1720 Epistolas,
1488 1670 1673 1712 Coloniae
1700 1675 1803 1714 4568
1834 1677 1883 1716 ad
1912 1680 2063 1720 calcem

1095 1730 1272 1781 Operum
1294 1733 1436 1770 Leonis
1459 1734 1588 1784 Magni
1609 1764 1617 1784 ,
1656 1747 1702 1775 ac
1726 1736 1898 1789 denique
1922 1752 1971 1780 ex
2001 1754 2063 1782 re-

1094 1794 1280 1832 censione
1302 1795 1593 1835 Canonicorum
1617 1800 1861 1850 regularium
1896 1804 1934 1843 S.
1964 1806 2066 1844 Mar-

1092 1856 1163 1893 tini
1182 1857 1442 1895 Lovaniensis
1457 1887 1465 1907 ,
1482 1858 1742 1911 Antwerpiae
1757 1864 1872 1902 4583.
1895 1867 2067 1906 Ludovi-

1091 1929 1164 1956 cus
1187 1918 1359 1957 Jacobus
1383 1931 1405 1958 a
1429 1920 1468 1959 S.
1495 1922 1632 1960 Carolo
1657 1935 1682 1974 p
1717 1925 1790 1963 450
1815 1927 2058 1968 Biblitheeae

1091 1981 1317 2020 Pontificiae
1350 1983 1453 2021 inter
1488 1985 1630 2032 Leonis
1668 1987 1722 2025 IX
1760 1990 1907 2040 scripta
1937 1992 2058 2031 refert

1090 2043 1357 2094 Respomsoria
1373 2045 1411 2082 in
1423 2048 1679 2086 veneratione
1693 2050 1879 2100 Martyris
1897 2052 2065 2104 Cyriaci

1090 2109 1131 2143 et
1153 2104 1345 2157 Hidulphz
1362 2105 1658 2160 Archiepiscopi
1681 2111 1780 2150 LIX.
1797 2114 2060 2162 Trevirensis,

1090 2167 1135 2205 B.
1160 2167 1314 2208 Odiliae
1344 2171 1517 2222 Virginis
1541 2174 1581 2209 et
1604 2172 1649 2209 Β.
1675 2172 1862 2225 Greyorii
1880 2177 2060 2216 Doctoris

1091 2234 1132 2269 et
1155 2232 1377 2282 Pontificis,
1405 2232 1625 2284 Anglorum
1645 2234 1847 2287 Apostoli:
1889 2243 1929 2278 et
1958 2253 2060 2292 quae

1090 2293 1206 2332 Metis
1230 2297 1430 2334 transiens
1454 2296 1635 2348 Sigefridi
1653 2297 1817 2339 Abbatis
1833 2301 2060 2343 Gorziensis

1093 2356 1277 2406 precibus
1298 2360 1545 2410 composuit,
1569 2360 1614 2398 Β.
1637 2360 1836 2413 Greyorii,
1853 2365 1940 2405 aliis
1961 2367 2060 2406 Gor-

1089 2418 1202 2468 yonii
1237 2420 1467 2471 Presbyteri
1492 2423 1676 2473 Martyris
1713 2427 1967 2467 nocturnalia
1994 2441 2060 2468 re-

1090 2490 1252 2531 sponsa.
1273 2480 1486 2533 Anonymo
1500 2485 1717 2525 Mellicensi
1731 2487 1892 2537 quidem
1906 2501 1988 2541 cap.
2006 2492 2056 2530 85

1086 2541 1238 2592 judice,
1262 2545 1396 2582 Bruno
1437 2545 1500 2584 hic
1521 2546 1562 2584 in
1583 2547 1738 2586 Musica
1773 2549 2058 2591 sublitissimus

1085 2602 1179 2655 fuit,
1204 2608 1243 2642 et
1263 2604 1365 2644 inter
1399 2606 1541 2646 caritas
1571 2608 1688 2657 alios,
1729 2622 1825 2661 quos
1854 2611 2056 2663 plurimos

1088 2665 1220 2715 edidit,
1237 2666 1447 2706 historiam
1471 2667 1695 2709 beatissimi
1715 2673 1852 2723 Papae
1870 2674 2058 2727 Greyorzi

1088 2727 1188 2767 satis
1225 2728 1440 2779 artificiose
1477 2731 1704 2782 composuit.
1742 2733 1894 2786 Atque,
1926 2743 1971 2777 ut
1999 2741 2054 2778 ait

1093 2790 1350 2840 sigebertus,
1374 2791 1412 2829 si
1427 2803 1518 2842 quis
1541 2793 1718 2833 attendat
1747 2800 1889 2837 cantus
1923 2811 1964 2838 777
1990 2800 2055 2840 ho-

1087 2863 1161 2889 7707
1165 2863 1183 2889 6
1200 2853 1438 2892 Sanctorum
1459 2853 1511 2893 ab
1530 2867 1573 2893 eo
1597 2858 1838 2909 compositos,
1859 2872 1949 2899 677777
1965 2864 2054 2915 pri-

1088 2926 1150 2952 7770
1176 2914 1367 2966 Giessoieo
1392 2918 1505 2968 Papa
1527 2918 1666 2957 mereto
1690 2921 1949 2973 comparabit.

1144 2977 1259 3016 Alius
1296 2980 1480 3030 BRUNO,
1505 2983 1573 3031 qui
1609 2983 1712 3022 cilca
1749 2984 1910 3025 Annum
1950 2989 2052 3028 1400

1089 3039 1269 3089 Paterei,
1295 3040 1343 3080 de
1368 3054 1445 3093 quo
1470 3054 1589 3095 supra
1605 3057 1691 3096 pag.
1726 3047 1788 3086 7-2.
1822 3048 2054 3101 Greqoriale

1087 3103 1338 3142 continuavit
1362 3134 1370 3152 ,
1392 3106 1508 3156 eique
1547 3108 1771 3148 secundam
1809 3113 2052 3164 tertiamque

1085 3168 1239 3216 partem
1264 3165 1440 3216 addidit,
1483 3169 1679 3219 misitque
1723 3171 1771 3209 ad
1809 3173 2051 3215 Wernerum

1085 3226 1297 3278 quendam,
1317 3229 1336 3251 ³*
1357 3235 1401 3268 ut
1416 3235 1572 3269 constat
1590 3242 1639 3269 ex
1659 3232 1837 3284 Epistola
1854 3236 2051 3277 Brunonis

1140 3361 1154 3375 ⁶
1178 3363 1300 3395 Forsan
1319 3363 1622 3407 merseburgensem
1639 3367 1749 3408 Episc.
