2500 3841
893 185 1331 226 EUCHERIUS

111 257 148 294 in
169 257 298 296 lucem
327 256 459 294 emisit
496 256 639 294 Petrus
678 257 904 296 Stevartius
936 258 1063 307 ingol-

112 318 214 358 stad.
252 318 366 358 4647.
406 318 668 357 Sinceriorem
704 319 885 370 vulgavit
924 321 1065 359 Petrus

109 381 346 420 Franciscus
374 379 581 418 Chissetius
615 381 652 417 in
688 384 800 430 parte
840 382 874 419 4.
914 381 1063 419 Paulini

109 442 245 481 Nolani
270 442 482 490 illustrati,
509 442 576 491 qui
591 441 734 492 prodiit
754 443 919 481 Divione
943 443 1058 492 4662,

110 504 144 542 4.
170 502 436 542 Theodericus
459 503 675 542 Ruinartus
700 515 737 552 in
761 502 872 542 Actis
893 505 1052 543 selectis

107 566 327 615 Martyrum
348 576 435 616 pag.
461 565 550 604 289,
583 565 675 603 edit.
710 566 919 604 parisiens.
950 567 989 604 in
1029 567 1063 604 4.

110 625 343 677 (Amstelod.
369 627 408 664 in
439 627 503 665 fol.
533 638 620 679 pag.
646 627 721 666 274
734 628 754 675 .)
776 628 991 667 Curatores
1006 629 1068 666 Bi—

109 687 329 727 bliothecae
361 689 524 727 Patrum
563 689 821 740 Lugdunens.
859 694 954 727 tom.
994 690 1066 735 VI,

112 761 200 801 pag.
221 750 310 788 866.
336 761 418 800 seq.
440 754 480 788 et
502 761 594 789 cum
619 750 765 790 Gallica
791 752 974 790 versione
1003 753 1067 789 Jo-

113 812 267 851 hannes
289 811 546 851 Dubourdieu
570 813 609 850 in
633 812 913 851 dissertatione
937 814 1068 852 Histo-

109 874 358 914 rico-Critica
376 874 523 913 Gallice
549 874 674 923 edita,
703 886 782 925 qua
805 878 846 913 et
869 875 1067 913 traditioni

108 935 158 975 de
181 936 245 975 illo
273 937 481 987 Martyrio,
507 936 716 975 detrahere
746 935 887 985 fidem,
917 940 958 974 et
985 936 1068 975 Eu-

108 996 240 1036 cherio
265 999 515 1048 suppositum
538 998 611 1036 hoc
638 999 831 1049 scriptum
857 997 1068 1037 ostendere

111 1058 329 1097 contendit.
349 1058 468 1097 Amst
507 1058 622 1099 4705.
646 1060 707 1099 42.
732 1059 810 1099 Sed
832 1060 934 1098 malo
958 1070 1070 1098 acce-

108 1118 202 1157 dere
227 1120 498 1171 Tillemontio‚
521 1122 588 1170 qui
612 1121 810 1160 Eucherio
827 1125 962 1159 nostro
982 1121 1070 1158 vin—

109 1182 239 1222 dicare
269 1187 459 1233 tanquam
488 1181 709 1233 (l'ouvraqe
735 1183 768 1222 le
793 1182 934 1221 mz‘euoe
958 1181 1066 1231 ecrit)

113 1257 191 1285 non
216 1244 372 1284 dubitat
392 1248 486 1282 tom.
513 1245 596 1284 XV.
623 1247 906 1284 memoriarum
922 1257 958 1295 p.
978 1245 1067 1283 434.

109 1310 270 1348 Prosam
293 1306 481 1346 Eucherii
523 1311 652 1345 metro
690 1307 799 1358 epico
838 1306 1069 1357 complexus

109 1374 172 1408 est
198 1367 504 1408 MARBODEUS
532 1368 837 1417 Rhedonensis‚
870 1372 973 1406 teste
1011 1368 1069 1406 Si—

107 1432 269 1483 geberto
291 1441 375 1481 cap.
403 1431 492 1469 458.
516 1430 623 1481 quod
646 1442 807 1470 carmen
828 1435 917 1482 post
933 1429 1070 1468 editio—

108 1505 200 1532 nem
220 1497 400 1532 veterem
424 1492 732 1531 Rhedonensem
763 1492 839 1532 An.
866 1493 982 1531 4524.
1002 1503 1070 1531 ex-

107 1560 187 1595 stat
209 1567 297 1607 pag.
322 1555 442 1595 4535.
463 1566 546 1606 seq.
580 1567 745 1606 operum
770 1555 995 1603 Marbodei‚
1020 1555 1068 1593 ad

108 1617 258 1657 calcem
295 1617 540 1668 Hildeberti,
565 1619 724 1657 Parisiis
761 1616 876 1657 4708.
909 1618 975 1656 fol.
1006 1618 1070 1656 Vi-

107 1679 264 1719 dendus
284 1681 402 1719 etiam
424 1680 646 1719 Venantius
670 1681 917 1719 Fortunatus
938 1679 982 1718 Il.
1004 1681 1065 1719 45.

105 1742 354 1790 carminum,
380 1745 476 1779 tom.
502 1742 585 1780 XV.
612 1741 880 1781 Bibliothecae
905 1743 1064 1780 Patrum

104 1802 363 1853 Lugdunens.
396 1814 484 1854 pag.
520 1802 610 1842 537.
650 1804 695 1841 Ε.
740 1807 781 1841 et
822 1803 1067 1841 Walafridus

105 1864 273 1903 Strabus
311 1868 405 1902 tom.
437 1865 534 1913 XV,
566 1876 653 1915 pag.
692 1865 783 1904 220.
810 1866 853 1903 F.
873 1865 1067 1904 Rudolfus

104 1926 238 1965 Abbas
272 1927 312 1964 in
335 1926 448 1965 Actis
491 1927 764 1965 translationis
789 1927 925 1965 militis
950 1938 971 1965 e
996 1928 1067 1965 Le-

107 1988 222 2038 gione
251 1987 435 2026 Thebaea
458 1987 532 2026 An.
560 1989 674 2027 4424.
708 1992 801 2027 tom.
836 1989 898 2027 VI.
924 2000 1065 2027 monu-

110 2053 335 2088 mentorum
362 2049 564 2088 Edmundi
587 2051 763 2088 Martene
786 2061 873 2101 pag.
901 2051 1003 2089 4045

165 2112 202 2149 6.
222 2111 398 2162 Epistola
423 2111 472 2149 ad
495 2111 735 2150 Faustinum
774 2112 1059 2162 Presbyterum

110 2174 346 2213 Insulanum
370 2171 417 2211 de
430 2172 511 2212 situ
533 2173 712 2212 Judaeae
726 2204 737 2222 ‚
758 2172 953 2225 Urbisque
969 2173 1063 2212 Hie-

103 2235 411 2288 rosolymitanae
431 2248 478 2274 ex
501 2235 672 2287 Josepho
691 2265 698 2283 ,
723 2236 962 2286 Hieronymo
984 2241 1059 2275 ete.

102 2298 208 2338 edita
237 2300 411 2350 primum
434 2310 455 2338 a
490 2298 666 2350 Philippo
708 2298 861 2337 Labbeo
894 2302 988 2337 tom.
1027 2301 1063 2338 4.

100 2361 364 2400 Bibliothecae
386 2371 513 2400 novae
533 2361 641 2399 MSS.
665 2372 753 2411 pag.
782 2359 979 2399 665-·667.
995 2362 1064 2399 Pa-

102 2425 170 2462 ris.
197 2422 312 2462 4657.
338 2423 401 2461 fol.

151 2483 187 2523 7.
211 2484 456 2524 Eucherium
473 2485 550 2524 MS.
569 2485 609 2523 in
635 2483 770 2523 Psalm
780 2495 821 2523 os
841 2488 1001 2522 nactum
1020 2495 1062 2522 se

97 2544 278 2585 Coloniae
301 2575 310 2596 ⁷
335 2548 496 2598 scripsit
516 2548 623 2586 Nicol
636 2558 709 2585 aus
750 2547 937 2585 Heinsius
974 2547 1066 2597 Epi-

99 2608 205 2647 stola
223 2607 298 2647 An.
317 2607 432 2648 4673.
457 2609 550 2648 data
571 2608 619 2648 ad
640 2608 858 2647 Graevium
880 2611 973 2645 tom.
1001 2608 1061 2646 IV.

101 2670 273 2722 sylloges
292 2671 612 2710 Burmannianae
635 2681 721 2720 pag.
751 2667 838 2708 474.

153 2732 190 2770 8.
216 2732 604 2770 Commentariorum
630 2730 670 2768 in
693 2729 859 2770 Genesin
878 2730 962 2768 libri
988 2731 1064 2778 ΙΙΙ,

98 2797 139 2833 et
161 2792 203 2832 in
226 2791 348 2832 libros
371 2795 521 2843 Reyum
545 2793 629 2831 libri
658 2793 707 2831 IV
723 2823 732 2839 ,
758 2793 791 2839 a)
816 2797 905 2842 post
928 2792 1066 2830 editio-

93 2865 165 2893 nes
187 2855 302 2893 Basil.
329 2855 430 2894 4530
455 2859 496 2892 et
519 2855 734 2892 Romanam
757 2854 857 2892 4564
878 2855 1006 2893 recusi
1025 2856 1063 2891 in

96 2915 349 2954 Bibliothecis
372 2917 533 2954 Patrum
550 2947 561 2963 ‚
588 2919 633 2954 ut
664 2914 855 2965 Lugdum.
880 2919 974 2953 tom.
1000 2916 1061 2954 vl.

96 2988 182 3029 pag.
207 2975 286 3016 868
311 2981 352 3015 et
381 2977 593 3016 939-4044.
633 2977 780 3015 llorum
820 2982 1064 3015 commenta-

108 3112 110 3114 ·
152 3095 184 3134 a)
207 3097 386 3136 Dionyslus
412 3097 616 3130 Faucherius
639 3098 720 3129 haec
755 3097 845 3129 velut
872 3098 987 3129 isidori
1012 3097 1068 3128 lli-

97 3145 182 3185 spal.
205 3153 244 3177 ex
268 3154 342 3186 cap.
368 3146 417 3178 15.
440 3147 480 3178 de
506 3147 723 3187 scriptoribus
753 3147 994 3179 Ecclesiasticis
1017 3147 1065 3178 as-

90 3193 152 3225 sert
183 3195 221 3226 de
244 3197 413 3228 Eucherio
432 3220 440 3236 ‚
467 3196 522 3228 scd
546 3205 631 3236 quine
659 3199 692 3228 in
719 3197 809 3227 nullo
832 3197 951 3228 Codice
974 3202 1065 3229 vctc-

90 3244 142 3282 ri,
165 3245 198 3274 in
225 3245 316 3277 nulla
348 3246 495 3278 editione
535 3247 653 3278 Isidori
695 3247 869 3286 leguntur:
913 3247 1064 3287 Scripsit

93 3292 168 3323 alia
181 3292 360 3328 *tumultus
375 3305 499 3329 sacros
513 3296 624 3328 libros
642 3297 897 3328 commentaria
913 3307 984 3328 non
999 3298 1066 3328 mi-

2031 194 2107 233 527

1139 260 1285 299 riorum
1310 265 1512 300 auctorem
1538 267 1626 313 post
1660 263 1939 303 Cassiodorum
1961 269 2000 302 et
2024 264 2104 304 Au-

1137 322 1359 371 gustinum,
1378 322 1596 374 Anglorum
1619 324 1875 375 Apostolum,
1901 328 2110 378 scripsisse

1143 386 1183 420 et
1220 384 1458 423 Britannum
1481 385 1604 425 fuisse
1628 386 1777 436 videri,
1802 390 1956 438 primus
1979 389 2113 428 obser-

1139 446 1252 482 vavit
1278 447 1444 485 Latinus
1470 448 1649 496 Latinus,
1674 448 1789 499 cujus
1814 450 1905 488 vide
1927 451 2108 490 Biblioth.

1140 516 1294 545 sacram
1318 512 1358 546 et
1380 509 1582 558 profanam
1609 515 1702 549 tom.
1742 513 1768 550 I.
1804 524 1889 562 pag.
1922 514 2010 552 466.
2049 515 2108 553 Si-

1139 571 1254 605 xtum
1279 569 1500 608 Senenscm
1530 572 1591 610 lv.
1615 574 1710 612 Bibl.
1742 574 1780 612 S.
1807 585 1842 624 p.
1867 575 1943 613 226
1968 580 2008 614 et
2030 577 2107 615 Til-

1140 629 1377 669 lemontium
1402 636 1496 670 tom.
1521 634 1619 681 XV,
1641 637 1853 675 memoriar
1872 649 1958 688 pag.
1985 640 2073 678 433.

1194 692 1228 727 9.
1252 692 1312 730 Ex
1348 693 1536 731 Sermone
1571 695 1754 734 Eucherii
1784 698 1913 737 locum
1933 701 2110 740 referens

1140 752 1381 791 Claudianus
1404 755 1622 794 Mamertus
1647 757 1708 795 his
1733 769 1824 797 eum
1849 761 1982 800 verbis
2005 763 2107 802 cele-

1139 813 1226 851 brat
1250 814 1317 852 lib.
1342 815 1365 853 2
1392 815 1440 853 de
1466 820 1574 854 statu
1599 820 1754 857 animae
1791 832 1874 872 cap.
1914 824 1948 861 9.
1987 824 2110 864 Haud

1141 885 1346 925 quaquam
1371 879 1499 915 tamen
1535 877 1777 918 Eucherium
1794 884 2077 932 praeterierim
2095 919 2106 936 ,

1140 935 1317 975 mihimet
1336 937 1491 978 vivente
1528 939 1708 980 doctrina
1742 946 1780 980 et
1805 949 2107 994 praesentaneis

1143 1009 1278 1037 coram
1301 998 1634 1051 disputationibus
1659 1004 1866 1055 coynitum,
1894 1019 1969 1046 non
1982 1020 2105 1059 porro

1140 1060 1296 1100 nunciis
1329 1066 1402 1100 aut
1430 1062 1591 1103 lectione
1615 1070 1856 1117 compertum
1871 1100 1882 1117 ,
1907 1070 1978 1121 qui
2001 1071 2106 1111 scili-

1141 1125 1201 1160 cet
1233 1123 1376 1163 viridis
1413 1125 1527 1174 aevi,
1565 1130 1751 1167 maturus
1784 1130 1934 1180 animi,
1975 1136 2108 1173 terrae

1141 1183 1334 1234 despuens
1349 1218 1358 1234 ,
1382 1186 1481 1225 coeli
1502 1192 1713 1239 appetens.
1740 1190 1901 1231 humilis
1932 1193 2106 1244 spiritu7

1141 1246 1296 1286 arduus
1317 1248 1454 1287 merito
1473 1260 1520 1288 ac
1533 1250 1700 1300 perinde
1724 1252 1871 1303 inqenii
1891 1254 2105 1296 subtilissi-

1141 1319 1247 1357 mus,
1289 1309 1474 1349 scientiae
1500 1311 1668 1363 plenus,
1701 1313 1849 1366 eloquii
1893 1317 2105 1368 profluus)

1141 1382 1374 1422 maynorum
1390 1373 1544 1412 saeculi
1554 1375 1622 1414 sui
1645 1377 1874 1428 Pontificum
1895 1378 2004 1431 lonqe
2021 1392 2104 1419 ma-

1142 1431 1293 1482 ximus,
1310 1433 1424 1473 editis
1448 1434 1488 1473 in
1510 1448 1595 1474 rem
1613 1437 1708 1488 fidei
1729 1438 1951 1491 multijuyis
1971 1442 2106 1481 vario-

1143 1506 1234 1533 rum
1252 1507 1414 1546 operum
1434 1497 1712 1549 voluminibus,
1733 1500 1787 1539 ad
1799 1501 1992 1553 populum
2013 1515 2108 1555 quo-

1144 1568 1219 1608 que
1238 1556 1299 1596 his
1322 1570 1442 1609 super
1465 1564 1574 1600 statu
1597 1563 1752 1600 animae
1774 1563 2026 1604 concionatus
2038 1569 2107 1604 est.

1145 1620 1359 1659 Sermones
1383 1621 1458 1660 sub
1474 1623 1660 1662 Eucherii
1679 1626 1837 1663 nomine
1856 1628 1923 1676 qui
1945 1632 2107 1666 exstant

1142 1681 1311 1732 duplicis
1335 1688 1430 1722 sunt
1453 1686 1635 1736 generis,
1672 1686 1734 1725 alii
1765 1688 1832 1737 qui
1862 1690 1983 1727 variis
2017 1690 2111 1728 alio·

1140 1754 1228 1781 rum
1261 1746 1446 1794 permixti
1476 1750 1516 1784 et
1548 1746 1623 1784 An.
1662 1749 1763 1786 4545
1802 1750 1975 1799 primum
2013 1750 2109 1789 editi

1142 1804 1355 1855 leguntur,
1396 1807 1444 1845 de
1487 1808 1632 1857 quibus
1670 1810 1770 1848 infra
1816 1812 1851 1848 in
1890 1812 2109 1852 EUSEBIO

1140 1865 1355 1905 Emeseno:
1386 1869 1450 1907 alii
1480 1881 1502 1908 a
1525 1871 1652 1908 Jonne
1677 1871 1855 1922 Livinejo
1879 1903 1887 1921 ,
1909 1874 2107 1913 Canonico

1138 1926 1436 1980 Antwerpiensi
1452 1932 1794 1982 postCatecheses
1803 1934 1997 1972 Theodori
2015 1937 2106 1975 Stu-

1138 1989 1242 2029 ditae
1276 1992 1369 2030 editi
1407 1993 1615 2044 Antwerp.
1653 1995 1782 2044 4602,
1822 1997 1858 2033 8.
1882 1996 1930 2035 de
1961 1998 2107 2047 quibus

1137 2052 1404 2093 Combefisius
1430 2060 1541 2094 notat
1574 2056 1770 2095 Labbeum
1806 2057 1989 2107 qraviter
2024 2058 2110 2096 hal-

1131 2112 1329 2163 lucinari,
1356 2116 1450 2155 dum
1485 2129 1587 2168 quas
1619 2117 1818 2170 Livinejus
1848 2119 2006 2158 Echcril
2040 2121 2108 2159 ho-

1137 2176 1266 2215 milias
1287 2177 1515 2228 evulyavit,
1542 2178 1656 2228 illas,
1684 2179 1793 2230 ipsas
1817 2191 1900 2219 esse
1920 2181 1981 2219 ait
2010 2194 2112 2233 quae

1138 2234 1249 2273 toties
1295 2236 1357 2274 Eu
1368 2237 1465 2275 sebii
1503 2238 1693 2276 Emeseni
1734 2239 1913 2289 nomine,
1952 2244 2111 2293 tumque

1136 2297 1296 2336 Eusebii
1332 2298 1521 2338 Gallicani
1559 2303 1655 2338 sunt
1683 2300 1838 2340 editae:
1884 2314 1973 2341 eum
2015 2303 2115 2342 nihil

1135 2358 1190 2396 sit
1210 2358 1311 2398 inter
1332 2364 1529 2413 utrasque
1557 2373 1762 2401 commune
1784 2394 1791 2412 ⁷
1821 2375 1991 2416 vereque
2013 2377 2112 2416 pro-

1132 2420 1295 2471 fiteatur
1324 2422 1526 2474 Livinejus
1551 2424 1617 2463 vir
1642 2424 1778 2463 doctus
1794 2457 1805 2473 ,
1831 2425 1953 2477 deque
1984 2427 2109 2465 Grae-

1137 2481 1195 2519 cis
1211 2480 1353 2521 litteris
1374 2482 1667 2533 benemeritus,
1689 2497 1790 2537 quas
1810 2486 1998 2537 producit
2024 2488 2059 2525 E
2063 2501 2105 2526 u-

1138 2543 1266 2583 cherii
1298 2543 1509 2596 homilias,
1541 2558 1749 2597 nunquam
1786 2547 1950 2586 antehac
1980 2548 2108 2600 fuisse

1138 2605 1282 2655 editas,
1305 2610 1472 2658 suntque
1494 2607 1882 2648 Pseud-Eusebianis
1909 2609 1986 2650 illis
2000 2623 2106 2662 pau-

1139 2668 1293 2718 ciores⁷
1317 2668 1416 2720 stylo
1436 2680 1532 2708 sane
1552 2669 1737 2719 nitentes,
1778 2683 1825 2709 ac
1861 2670 1964 2723 forte
1998 2674 2106 2714 solae

1141 2729 1422 2769 Eucherianae
1440 2762 1450 2779 ,
1490 2743 1545 2771 eac
1568 2731 1712 2783 quibus
1740 2732 1900 2784 aliquas
1934 2735 1974 2772 in
2006 2735 2106 2775 hanc

1142 2791 1482 2831 Concionatoriam
1506 2791 1785 2832 Bible'otleecam
1818 2794 2101 2837 derivavimus.

1138 2854 1241 2891 Haec
1263 2854 1337 2892 ille.
1363 2854 1575 2894 Sermones
1600 2856 1653 2894 illi
1676 2867 1725 2894 ex
1747 2856 1910 2907 Livineji
1929 2858 2100 2898 editione

1138 2916 1266 2953 recusi
1305 2917 1342 2954 in
1382 2917 1622 2956 Bibliotheca
1661 2919 1819 2956 Patrum
1864 2921 1982 2958 Paris.
2025 2921 2099 2960 An.

1139 2977 1253 3016 4624.
1279 2982 1352 3016 ete.

1130 3108 1196 3130 nus
1216 3101 1421 3134 necessaria
1444 3110 1549 3141 quum
1580 3103 1705 3141 utilia,
1738 3106 1929 3145 praecipue
1961 3115 2041 3137 vero
2071 3110 2105 3140 in

1130 3151 1298 3186 Genesin,
1323 3154 1354 3180 et
1377 3150 1479 3181 libros
1510 3154 1633 3191 Regum
1658 3153 1704 3182 ad
1727 3154 1910 3185 salonium
1936 3160 1970 3187 et
2001 3157 2105 3188 Vera—

1129 3198 1226 3228 nium
1248 3198 1382 3237 fratres
1400 3200 1599 3240 Episcopos
1616 3225 1623 3235 ,
1648 3210 1735 3242 opus
1759 3204 1941 3242 prolatum
1964 3210 1997 3236 et
2020 3207 2106 3237 doc-

1131 3248 1320 3279 tissimum.
1347 3248 1426 3281 vide
1451 3252 1599 3283 vossium
1614 3251 1653 3283 dc
1669 3254 1840 3286 ilistoricis
1859 3256 2036 3288 Latinisll.
2058 3256 2102 3287 17.

1130 3305 1201 3337 pag.
1220 3299 1295 3330 228.
