<?xml version="1.0" encoding="UTF-8"?>
<!DOCTYPE html PUBLIC "-//W3C//DTD XHTML 1.0 Transitional//EN"
    "http://www.w3.org/TR/xhtml1/DTD/xhtml1-transitional.dtd">
<html xmlns="http://www.w3.org/1999/xhtml" xml:lang="en" lang="en">
 <head>
  <title>
</title>
<meta http-equiv="Content-Type" content="text/html;charset=utf-8" />
  <meta name='ocr-system' content='tesseract 3.04.00' />
  <meta name='ocr-capabilities' content='ocr_page ocr_carea ocr_par ocr_line ocrx_word'/>
</head>
<body>
  <div class='ocr_page' id='page_1' title='image "./bibliothecalatin01fabruoft_0162.png"; bbox 0 0 2500 4009; ppageno 0'>
   <div class='ocr_carea' id='block_1_1' title="bbox 399 231 1362 3190">
    <p class='ocr_par' dir='ltr' id='par_1_1' title="bbox 402 231 1362 769">
     <span class='ocr_line' id='line_1_1' title="bbox 410 231 481 270; baseline 0 0"><span class='ocrx_word' id='word_1_1' title='bbox 410 231 481 270; x_wconf 58' lang='lat'>124</span> 
     </span>
     <span class='ocr_line' id='line_1_2' title="bbox 407 294 1361 345; baseline -0.008 -4"><span class='ocrx_word' id='word_1_2' title='bbox 407 304 448 341; x_wconf 93' lang='lat' dir='ltr'>In</span> <span class='ocrx_word' id='word_1_3' title='bbox 470 302 562 341; x_wconf 86' lang='lat' dir='ltr'>Cod.</span> <span class='ocrx_word' id='word_1_4' title='bbox 588 303 662 340; x_wconf 67' lang='lat' dir='ltr'>MS.</span> <span class='ocrx_word' id='word_1_5' title='bbox 700 301 818 338; x_wconf 84' lang='lat' dir='ltr'>Felini</span> <span class='ocrx_word' id='word_1_6' title='bbox 845 310 880 335; x_wconf 93' lang='lat' dir='ltr'>n.</span> <span class='ocrx_word' id='word_1_7' title='bbox 908 298 981 336; x_wconf 70' lang='grc'>184</span> <span class='ocrx_word' id='word_1_8' title='bbox 1008 298 1149 345; x_wconf 62' lang='lat' dir='ltr'>legitur</span> <span class='ocrx_word' id='word_1_9' title='bbox 1180 294 1361 334; x_wconf 80' lang='lat' dir='ltr'>solemnis</span> 
     </span>
     <span class='ocr_line' id='line_1_3' title="bbox 407 357 1357 414; baseline -0.007 -11"><span class='ocrx_word' id='word_1_10' title='bbox 407 363 591 414; x_wconf 65' lang='lat' dir='ltr'>Repetitio</span> <span class='ocrx_word' id='word_1_11' title='bbox 614 359 870 413; x_wconf 66' lang='lat' dir='ltr'>famosissimi</span> <span class='ocrx_word' id='word_1_12' title='bbox 885 358 998 398; x_wconf 81' lang='lat' dir='ltr'>Juris</span> <span class='ocrx_word' id='word_1_13' title='bbox 1020 357 1230 410; x_wconf 79' lang='lat' dir='ltr'>utriusque</span> <span class='ocrx_word' id='word_1_14' title='bbox 1252 358 1357 397; x_wconf 85' lang='lat' dir='ltr'>Doct.</span> 
     </span>
     <span class='ocr_line' id='line_1_4' title="bbox 405 419 1358 472; baseline -0.005 -9"><span class='ocrx_word' id='word_1_15' title='bbox 405 427 448 463; x_wconf 86' lang='lat' dir='ltr'>D.</span> <span class='ocrx_word' id='word_1_16' title='bbox 474 423 630 464; x_wconf 76' lang='lat' dir='ltr'>,intonii</span> <span class='ocrx_word' id='word_1_17' title='bbox 664 435 687 459; x_wconf 76' lang='lat' dir='ltr'>a</span> <span class='ocrx_word' id='word_1_18' title='bbox 722 419 884 460; x_wconf 75' lang='lat' dir='ltr'>Rosellis</span> <span class='ocrx_word' id='word_1_19' title='bbox 922 420 1080 472; x_wconf 74' lang='lat' dir='ltr'>Ieyentis</span> <span class='ocrx_word' id='word_1_20' title='bbox 1110 419 1358 460; x_wconf 77' lang='lat' dir='ltr'><em>ordinariam</em></span> 
     </span>
     <span class='ocr_line' id='line_1_5' title="bbox 405 482 1360 534; baseline -0.004 -10"><span class='ocrx_word' id='word_1_21' title='bbox 405 486 559 524; x_wconf 72' lang='lat' dir='ltr'>Deci-eti</span> <span class='ocrx_word' id='word_1_22' title='bbox 579 483 739 522; x_wconf 68' lang='lat' dir='ltr'>Pacluae</span> <span class='ocrx_word' id='word_1_23' title='bbox 761 482 806 521; x_wconf 75' lang='lat' dir='ltr'>A.</span> <span class='ocrx_word' id='word_1_24' title='bbox 831 483 877 521; x_wconf 92' lang='lat' dir='ltr'>D.</span> <span class='ocrx_word' id='word_1_25' title='bbox 906 484 1024 523; x_wconf 65' lang='grc'>1461.</span> <span class='ocrx_word' id='word_1_26' title='bbox 1056 483 1103 521; x_wconf 85' lang='lat' dir='ltr'>In</span> <span class='ocrx_word' id='word_1_27' title='bbox 1131 494 1217 534; x_wconf 80' lang='lat' dir='ltr'>cap.</span> <span class='ocrx_word' id='word_1_28' title='bbox 1249 482 1360 532; x_wconf 80' lang='lat' dir='ltr'>Quod</span> 
     </span>
     <span class='ocr_line' id='line_1_6' title="bbox 402 536 1355 596; baseline -0.003 -10"><span class='ocrx_word' id='word_1_29' title='bbox 402 552 531 586; x_wconf 76' lang='lat' dir='ltr'>autem</span> <span class='ocrx_word' id='word_1_30' title='bbox 554 536 606 583; x_wconf 67' lang='lat' dir='ltr'>He</span> <span class='ocrx_word' id='word_1_31' title='bbox 629 556 741 596; x_wconf 80' lang='lat' dir='ltr'>poen..</span> <span class='ocrx_word' id='word_1_32' title='bbox 772 548 810 582; x_wconf 83' lang='lat' dir='ltr'>et</span> <span class='ocrx_word' id='word_1_33' title='bbox 835 544 990 583; x_wconf 80' lang='lat' dir='ltr'><strong><em>remiss.</em></strong></span> <span class='ocrx_word' id='word_1_34' title='bbox 1021 546 1118 584; x_wconf 87' lang='lat' dir='ltr'>Eius</span> <span class='ocrx_word' id='word_1_35' title='bbox 1147 548 1211 583; x_wconf 87' lang='lat' dir='ltr'>est</span> <span class='ocrx_word' id='word_1_36' title='bbox 1239 545 1355 583; x_wconf 86' lang='lat' dir='ltr'>etiam</span> 
     </span>
     <span class='ocr_line' id='line_1_7' title="bbox 404 606 1362 659; baseline -0.003 -12"><span class='ocrx_word' id='word_1_37' title='bbox 404 611 608 647; x_wconf 76' lang='lat' dir='ltr'>&#39;I‘ractatus</span> <span class='ocrx_word' id='word_1_38' title='bbox 645 607 693 645; x_wconf 85' lang='lat' dir='ltr'>de</span> <span class='ocrx_word' id='word_1_39' title='bbox 708 606 876 659; x_wconf 75' lang='lat' dir='ltr'>Jei&#39;uniis</span> <span class='ocrx_word' id='word_1_40' title='bbox 895 606 943 646; x_wconf 88' lang='lat' dir='ltr'>ad</span> <span class='ocrx_word' id='word_1_41' title='bbox 981 607 1144 647; x_wconf 88' lang='lat' dir='ltr'>Paulum</span> <span class='ocrx_word' id='word_1_42' title='bbox 1170 607 1201 645; x_wconf 91' lang='lat' dir='ltr'>II</span> <span class='ocrx_word' id='word_1_43' title='bbox 1232 607 1362 645; x_wconf 86' lang='lat' dir='ltr'>Ponti-</span> 
     </span>
     <span class='ocr_line' id='line_1_8' title="bbox 403 669 1360 720; baseline -0.002 -12"><span class='ocrx_word' id='word_1_44' title='bbox 403 672 527 708; x_wconf 77' lang='lat' dir='ltr'>licem.</span> <span class='ocrx_word' id='word_1_45' title='bbox 558 669 700 708; x_wconf 80' lang='lat' dir='ltr'>Editus</span> <span class='ocrx_word' id='word_1_46' title='bbox 735 670 807 709; x_wconf 79' lang='lat' dir='ltr'>suit</span> <span class='ocrx_word' id='word_1_47' title='bbox 829 670 1116 709; x_wconf 85' lang='lat' dir='ltr'>vetustissimis</span> <span class='ocrx_word' id='word_1_48' title='bbox 1150 669 1255 720; x_wconf 76' lang='lat' dir='ltr'>typis</span> <span class='ocrx_word' id='word_1_49' title='bbox 1275 669 1360 707; x_wconf 89' lang='lat' dir='ltr'>sine</span> 
     </span>
     <span class='ocr_line' id='line_1_9' title="bbox 403 731 792 769; baseline 0 0"><span class='ocrx_word' id='word_1_50' title='bbox 403 732 484 769; x_wconf 72' lang='lat' dir='ltr'>Ioco</span> <span class='ocrx_word' id='word_1_51' title='bbox 507 735 548 769; x_wconf 83' lang='lat' dir='ltr'>et</span> <span class='ocrx_word' id='word_1_52' title='bbox 567 742 669 769; x_wconf 88' lang='lat' dir='ltr'>anno</span> <span class='ocrx_word' id='word_1_53' title='bbox 695 732 732 768; x_wconf 92' lang='lat' dir='ltr'>in</span> <span class='ocrx_word' id='word_1_54' title='bbox 759 731 792 769; x_wconf 76' lang='lat'>4.</span> 
     </span>
    </p>

    <p class='ocr_par' dir='ltr' id='par_1_2' title="bbox 400 791 1361 1090">
     <span class='ocr_line' id='line_1_10' title="bbox 452 791 1361 845; baseline -0.002 -14"><span class='ocrx_word' id='word_1_55' title='bbox 452 794 498 831; x_wconf 77' lang='lat' dir='ltr'>M.</span> <span class='ocrx_word' id='word_1_56' title='bbox 525 791 724 832; x_wconf 75' lang='lat' dir='ltr'>ANTONII</span> <span class='ocrx_word' id='word_1_57' title='bbox 772 793 972 845; x_wconf 79' lang='lat' dir='ltr'><em>Torquati,</em></span> <span class='ocrx_word' id='word_1_58' title='bbox 1002 793 1137 832; x_wconf 82' lang='lat' dir='ltr'>Medici</span> <span class='ocrx_word' id='word_1_59' title='bbox 1161 798 1201 832; x_wconf 78' lang='lat' dir='ltr'>et</span> <span class='ocrx_word' id='word_1_60' title='bbox 1225 791 1361 832; x_wconf 82' lang='lat' dir='ltr'>Astro-</span> 
     </span>
     <span class='ocr_line' id='line_1_11' title="bbox 401 854 1359 906; baseline -0.002 -13"><span class='ocrx_word' id='word_1_61' title='bbox 401 856 474 905; x_wconf 77' lang='lat' dir='ltr'>logi</span> <span class='ocrx_word' id='word_1_62' title='bbox 500 856 760 894; x_wconf 77' lang='lat' dir='ltr'>Ferrariensis</span> <span class='ocrx_word' id='word_1_63' title='bbox 779 856 1055 906; x_wconf 75' lang='lat' dir='ltr'>proynoslicon</span> <span class='ocrx_word' id='word_1_64' title='bbox 1091 855 1137 893; x_wconf 81' lang='lat' dir='ltr'>(Ie</span> <span class='ocrx_word' id='word_1_65' title='bbox 1160 854 1359 894; x_wconf 76' lang='lat' dir='ltr'><em>eversione</em></span> 
     </span>
     <span class='ocr_line' id='line_1_12' title="bbox 401 915 1361 968; baseline -0.003 -13"><span class='ocrx_word' id='word_1_66' title='bbox 401 917 587 967; x_wconf 75' lang='lat' dir='ltr'><em>Europae</em></span> <span class='ocrx_word' id='word_1_67' title='bbox 610 917 657 955; x_wconf 85' lang='lat' dir='ltr'>ad</span> <span class='ocrx_word' id='word_1_68' title='bbox 683 918 884 956; x_wconf 79' lang='lat' dir='ltr'>Matiliiam</span> <span class='ocrx_word' id='word_1_69' title='bbox 910 919 1130 968; x_wconf 77' lang='lat' dir='ltr'>Ilungariae</span> <span class='ocrx_word' id='word_1_70' title='bbox 1151 918 1295 966; x_wconf 69' lang='lat' dir='ltr'>Regem</span> <span class='ocrx_word' id='word_1_71' title='bbox 1311 915 1361 954; x_wconf 86' lang='lat' dir='ltr'>ab</span> 
     </span>
     <span class='ocr_line' id='line_1_13' title="bbox 400 979 1361 1028; baseline -0.004 -9"><span class='ocrx_word' id='word_1_72' title='bbox 400 982 474 1019; x_wconf 72' lang='lat' dir='ltr'>An.</span> <span class='ocrx_word' id='word_1_73' title='bbox 506 981 603 1019; x_wconf 66' lang='grc'>1170</span> <span class='ocrx_word' id='word_1_74' title='bbox 621 979 668 1017; x_wconf 86' lang='lat' dir='ltr'>ad</span> <span class='ocrx_word' id='word_1_75' title='bbox 693 981 789 1019; x_wconf 73' lang='lat'><strong>¹5:38</strong></span> <span class='ocrx_word' id='word_1_76' title='bbox 806 984 939 1017; x_wconf 82' lang='lat' dir='ltr'>exstat</span> <span class='ocrx_word' id='word_1_77' title='bbox 960 981 997 1017; x_wconf 92' lang='lat' dir='ltr'>in</span> <span class='ocrx_word' id='word_1_78' title='bbox 1019 979 1174 1018; x_wconf 83' lang='lat' dir='ltr'>Freheri</span> <span class='ocrx_word' id='word_1_79' title='bbox 1197 979 1361 1028; x_wconf 77' lang='lat' dir='ltr'>scripto-</span> 
     </span>
     <span class='ocr_line' id='line_1_14' title="bbox 405 1040 1358 1090; baseline -0.004 -10"><span class='ocrx_word' id='word_1_80' title='bbox 405 1043 515 1081; x_wconf 76' lang='lat' dir='ltr'>ribus</span> <span class='ocrx_word' id='word_1_81' title='bbox 540 1041 1008 1080; x_wconf 75' lang='lat' dir='ltr'>rerumGermanicarum</span> <span class='ocrx_word' id='word_1_82' title='bbox 1026 1046 1131 1079; x_wconf 80' lang='lat' dir='ltr'>tomo</span> <span class='ocrx_word' id='word_1_83' title='bbox 1154 1041 1185 1078; x_wconf 97' lang='lat' dir='ltr'>II</span> <span class='ocrx_word' id='word_1_84' title='bbox 1211 1051 1284 1090; x_wconf 76' lang='lat' dir='ltr'>pag</span> <span class='ocrx_word' id='word_1_85' title='bbox 1298 1040 1358 1077; x_wconf 88' lang='lat'>38.</span> 
     </span>
    </p>

    <p class='ocr_par' dir='ltr' id='par_1_3' title="bbox 401 1101 1360 1453">
     <span class='ocr_line' id='line_1_15' title="bbox 453 1101 1360 1150; baseline -0.003 -8"><span class='ocrx_word' id='word_1_86' title='bbox 453 1104 702 1142; x_wconf 65' lang='lat' dir='ltr'>AN&#39;roxit&#39;s</span> <span class='ocrx_word' id='word_1_87' title='bbox 726 1101 1050 1150; x_wconf 66' lang='lat' dir='ltr'>TROMBETTA,</span> <span class='ocrx_word' id='word_1_88' title='bbox 1075 1103 1161 1139; x_wconf 80' lang='lat' dir='ltr'>sive</span> <span class='ocrx_word' id='word_1_89' title='bbox 1177 1102 1360 1140; x_wconf 78' lang='lat' dir='ltr'>TUBET-</span> 
     </span>
     <span class='ocr_line' id='line_1_16' title="bbox 402 1163 1358 1211; baseline -0.005 -7"><span class='ocrx_word' id='word_1_90' title='bbox 402 1166 482 1205; x_wconf 71' lang='lat' dir='ltr'>TA.</span> <span class='ocrx_word' id='word_1_91' title='bbox 514 1166 746 1210; x_wconf 73' lang='lat' dir='ltr'>Patavinus,</span> <span class='ocrx_word' id='word_1_92' title='bbox 784 1164 943 1203; x_wconf 80' lang='lat' dir='ltr'>Ordinis</span> <span class='ocrx_word' id='word_1_93' title='bbox 971 1165 1180 1211; x_wconf 85' lang='lat' dir='ltr'>Minorum,</span> <span class='ocrx_word' id='word_1_94' title='bbox 1211 1163 1358 1201; x_wconf 83' lang='lat' dir='ltr'>Patavii</span> 
     </span>
     <span class='ocr_line' id='line_1_17' title="bbox 402 1225 1359 1279; baseline -0.007 -11"><span class='ocrx_word' id='word_1_95' title='bbox 402 1229 713 1279; x_wconf 66' lang='lat' dir='ltr'>Metapliysieam</span> <span class='ocrx_word' id='word_1_96' title='bbox 739 1227 942 1278; x_wconf 75' lang='lat' dir='ltr'>professus</span> <span class='ocrx_word' id='word_1_97' title='bbox 959 1238 1028 1277; x_wconf 85' lang='lat' dir='ltr'>per</span> <span class='ocrx_word' id='word_1_98' title='bbox 1043 1236 1168 1264; x_wconf 85' lang='lat' dir='ltr'>annos</span> <span class='ocrx_word' id='word_1_99' title='bbox 1184 1225 1287 1263; x_wconf 81' lang='lat' dir='ltr'>XLII</span> <span class='ocrx_word' id='word_1_100' title='bbox 1303 1225 1359 1262; x_wconf 92' lang='lat' dir='ltr'>in—</span> 
     </span>
     <span class='ocr_line' id='line_1_18' title="bbox 402 1287 1358 1340; baseline -0.002 -14"><span class='ocrx_word' id='word_1_101' title='bbox 402 1290 450 1327; x_wconf 69' lang='lat' dir='ltr'>do</span> <span class='ocrx_word' id='word_1_102' title='bbox 475 1290 804 1340; x_wconf 68' lang='lat' dir='ltr'>Archiepiscopus</span> <span class='ocrx_word' id='word_1_103' title='bbox 821 1288 1065 1326; x_wconf 76' lang='lat' dir='ltr'>Athenarum</span> <span class='ocrx_word' id='word_1_104' title='bbox 1087 1287 1358 1337; x_wconf 81' lang='lat' dir='ltr'>etEpiseopus</span> 
     </span>
     <span class='ocr_line' id='line_1_19' title="bbox 401 1347 1358 1401; baseline -0.005 -11"><span class='ocrx_word' id='word_1_105' title='bbox 401 1353 592 1395; x_wconf 75' lang='lat' dir='ltr'>I&#39;rbinas,</span> <span class='ocrx_word' id='word_1_106' title='bbox 631 1352 789 1401; x_wconf 74' lang='lat' dir='ltr'>scripsit</span> <span class='ocrx_word' id='word_1_107' title='bbox 822 1348 1086 1401; x_wconf 73' lang='lat' dir='ltr'>forncalitates</span> <span class='ocrx_word' id='word_1_108' title='bbox 1123 1360 1142 1385; x_wconf 86' lang='lat' dir='ltr'><em>o</em></span> <span class='ocrx_word' id='word_1_109' title='bbox 1179 1347 1358 1386; x_wconf 79' lang='lat' dir='ltr'>‹loctrina</span> 
     </span>
     <span class='ocr_line' id='line_1_20' title="bbox 406 1413 887 1453; baseline -0.002 -3"><span class='ocrx_word' id='word_1_110' title='bbox 406 1414 521 1453; x_wconf 61' lang='lat' dir='ltr'>scoti.</span> <span class='ocrx_word' id='word_1_111' title='bbox 546 1414 649 1451; x_wconf 85' lang='lat' dir='ltr'>Obiit</span> <span class='ocrx_word' id='word_1_112' title='bbox 674 1413 746 1451; x_wconf 70' lang='lat' dir='ltr'>An.</span> <span class='ocrx_word' id='word_1_113' title='bbox 774 1414 887 1452; x_wconf 71' lang='lat'>⁴548.</span> 
     </span>
    </p>

    <p class='ocr_par' dir='ltr' id='par_1_4' title="bbox 403 1473 1357 2080">
     <span class='ocr_line' id='line_1_21' title="bbox 456 1473 1356 1523; baseline -0.006 -8"><span class='ocrx_word' id='word_1_114' title='bbox 456 1476 708 1515; x_wconf 66' lang='lat' dir='ltr'>ANTONIUS</span> <span class='ocrx_word' id='word_1_115' title='bbox 727 1474 876 1521; x_wconf 80' lang='lat' dir='ltr'>Pocini,</span> <span class='ocrx_word' id='word_1_116' title='bbox 902 1476 938 1521; x_wconf 78' lang='lat' dir='ltr'>a)</span> <span class='ocrx_word' id='word_1_117' title='bbox 965 1473 1293 1523; x_wconf 48' lang='lat' dir='ltr'>TUUERTIMTQ</span> <span class='ocrx_word' id='word_1_118' title='bbox 1309 1485 1356 1510; x_wconf 84' lang='lat' dir='ltr'>ex</span> 
     </span>
     <span class='ocr_line' id='line_1_22' title="bbox 403 1534 1356 1586; baseline -0.004 -9"><span class='ocrx_word' id='word_1_119' title='bbox 403 1539 573 1578; x_wconf 84' lang='lat' dir='ltr'>Tuderto</span> <span class='ocrx_word' id='word_1_120' title='bbox 598 1537 779 1575; x_wconf 74' lang='lat' dir='ltr'>Umbriae</span> <span class='ocrx_word' id='word_1_121' title='bbox 795 1535 908 1586; x_wconf 87' lang='lat' dir='ltr'>opido</span> <span class='ocrx_word' id='word_1_122' title='bbox 933 1537 1072 1574; x_wconf 78' lang='lat' dir='ltr'>hoctor</span> <span class='ocrx_word' id='word_1_123' title='bbox 1094 1537 1130 1573; x_wconf 91' lang='lat' dir='ltr'>in</span> <span class='ocrx_word' id='word_1_124' title='bbox 1151 1534 1356 1574; x_wconf 73' lang='lat' dir='ltr'>Academia</span> 
     </span>
     <span class='ocr_line' id='line_1_23' title="bbox 406 1597 1357 1646; baseline -0.005 -8"><span class='ocrx_word' id='word_1_125' title='bbox 406 1601 627 1638; x_wconf 74' lang='lat' dir='ltr'>Florentina</span> <span class='ocrx_word' id='word_1_126' title='bbox 646 1599 842 1637; x_wconf 80' lang='lat' dir='ltr'>Laurentii</span> <span class='ocrx_word' id='word_1_127' title='bbox 863 1597 911 1635; x_wconf 78' lang='lat' dir='ltr'>(le</span> <span class='ocrx_word' id='word_1_128' title='bbox 928 1597 1101 1644; x_wconf 71' lang='lat' dir='ltr'>Medicis,</span> <span class='ocrx_word' id='word_1_129' title='bbox 1119 1597 1225 1635; x_wconf 72' lang='lat' dir='ltr'>Vitas</span> <span class='ocrx_word' id='word_1_130' title='bbox 1240 1608 1357 1646; x_wconf 83' lang='lat' dir='ltr'>quas-</span> 
     </span>
     <span class='ocr_line' id='line_1_24' title="bbox 405 1658 1356 1708; baseline -0.003 -10"><span class='ocrx_word' id='word_1_131' title='bbox 405 1663 494 1700; x_wconf 84' lang='lat' dir='ltr'>dam</span> <span class='ocrx_word' id='word_1_132' title='bbox 514 1659 732 1704; x_wconf 65' lang='lat' dir='ltr'>Plutarchi,</span> <span class='ocrx_word' id='word_1_133' title='bbox 756 1659 864 1708; x_wconf 70' lang='lat' dir='ltr'>(vide</span> <span class='ocrx_word' id='word_1_134' title='bbox 885 1659 997 1698; x_wconf 64' lang='lat' dir='ltr'>ANT.</span> <span class='ocrx_word' id='word_1_135' title='bbox 1015 1658 1224 1705; x_wconf 66' lang='lat' dir='ltr'>Becliaria)</span> <span class='ocrx_word' id='word_1_136' title='bbox 1238 1660 1356 1696; x_wconf 79' lang='lat' dir='ltr'>vertit</span> 
     </span>
     <span class='ocr_line' id='line_1_25' title="bbox 408 1721 1357 1769; baseline -0.004 -8"><span class='ocrx_word' id='word_1_137' title='bbox 408 1725 540 1761; x_wconf 67' lang='lat' dir='ltr'>latine</span> <span class='ocrx_word' id='word_1_138' title='bbox 562 1725 663 1761; x_wconf 75' lang='lat' dir='ltr'>circa</span> <span class='ocrx_word' id='word_1_139' title='bbox 688 1722 845 1760; x_wconf 75' lang='lat' dir='ltr'>Annum</span> <span class='ocrx_word' id='word_1_140' title='bbox 872 1722 972 1760; x_wconf 70' lang='lat' dir='ltr'>liti-&#39;3</span> <span class='ocrx_word' id='word_1_141' title='bbox 996 1721 1037 1769; x_wconf 78' lang='lat' dir='ltr'>b)</span> <span class='ocrx_word' id='word_1_142' title='bbox 1063 1732 1139 1758; x_wconf 92' lang='lat' dir='ltr'>non</span> <span class='ocrx_word' id='word_1_143' title='bbox 1161 1722 1258 1758; x_wconf 82' lang='lat' dir='ltr'>satis</span> <span class='ocrx_word' id='word_1_144' title='bbox 1273 1732 1357 1758; x_wconf 85' lang='lat' dir='ltr'>cer-</span> 
     </span>
     <span class='ocr_line' id='line_1_26' title="bbox 405 1782 1355 1833; baseline -0.003 -12"><span class='ocrx_word' id='word_1_145' title='bbox 405 1791 489 1823; x_wconf 83' lang='lat' dir='ltr'>tum</span> <span class='ocrx_word' id='word_1_146' title='bbox 515 1791 647 1823; x_wconf 79' lang='lat' dir='ltr'>tamen</span> <span class='ocrx_word' id='word_1_147' title='bbox 671 1795 787 1833; x_wconf 83' lang='lat' dir='ltr'>quas,</span> <span class='ocrx_word' id='word_1_148' title='bbox 811 1795 901 1821; x_wconf 89' lang='lat' dir='ltr'>cum</span> <span class='ocrx_word' id='word_1_149' title='bbox 942 1783 990 1821; x_wconf 91' lang='lat' dir='ltr'>ad</span> <span class='ocrx_word' id='word_1_150' title='bbox 1028 1784 1175 1832; x_wconf 78' lang='lat' dir='ltr'>Lupum</span> <span class='ocrx_word' id='word_1_151' title='bbox 1202 1782 1355 1819; x_wconf 88' lang='lat' dir='ltr'>illarum</span> 
     </span>
     <span class='ocr_line' id='line_1_27' title="bbox 404 1844 1355 1897; baseline -0.002 -14"><span class='ocrx_word' id='word_1_152' title='bbox 404 1846 595 1897; x_wconf 72' lang='lat' dir='ltr'>quaedam</span> <span class='ocrx_word' id='word_1_153' title='bbox 622 1846 852 1883; x_wconf 60' lang='lat' dir='ltr'>nervi-antur.</span> <span class='ocrx_word' id='word_1_154' title='bbox 868 1846 1073 1882; x_wconf 80' lang='lat' dir='ltr'>Praeterea</span> <span class='ocrx_word' id='word_1_155' title='bbox 1089 1844 1262 1883; x_wconf 78' lang='lat' dir='ltr'>Oxoniae</span> <span class='ocrx_word' id='word_1_156' title='bbox 1279 1845 1355 1882; x_wconf 82' lang='lat' dir='ltr'>MS.</span> 
     </span>
     <span class='ocr_line' id='line_1_28' title="bbox 403 1904 1355 1956; baseline -0.004 -10"><span class='ocrx_word' id='word_1_157' title='bbox 403 1913 586 1947; x_wconf 71' lang='lat' dir='ltr'>servatur</span> <span class='ocrx_word' id='word_1_158' title='bbox 608 1908 641 1956; x_wconf 79' lang='lat' dir='ltr'>ej</span> <span class='ocrx_word' id='word_1_159' title='bbox 649 1918 694 1945; x_wconf 85' lang='lat' dir='ltr'>us</span> <span class='ocrx_word' id='word_1_160' title='bbox 717 1906 852 1944; x_wconf 77' lang='lat' dir='ltr'>Oratio</span> <span class='ocrx_word' id='word_1_161' title='bbox 878 1906 916 1944; x_wconf 79' lang='lat' dir='ltr'>in</span> <span class='ocrx_word' id='word_1_162' title='bbox 937 1904 1093 1943; x_wconf 67' lang='lat' dir='ltr'>Iamlam</span> <span class='ocrx_word' id='word_1_163' title='bbox 1115 1904 1355 1943; x_wconf 74' lang='lat' dir='ltr'>Florentiae:</span> 
     </span>
     <span class='ocr_line' id='line_1_29' title="bbox 404 1966 1356 2019; baseline -0.001 -13"><span class='ocrx_word' id='word_1_164' title='bbox 404 1976 440 2007; x_wconf 72' lang='lat' dir='ltr'>et</span> <span class='ocrx_word' id='word_1_165' title='bbox 461 1968 678 2009; x_wconf 71' lang='lat' dir='ltr'>Consolatio</span> <span class='ocrx_word' id='word_1_166' title='bbox 695 1967 1106 2019; x_wconf 64' lang='lat' dir='ltr'>ad,11rche&#39;episcopmn</span> <span class='ocrx_word' id='word_1_167' title='bbox 1123 1966 1356 2018; x_wconf 76' lang='lat' dir='ltr'>Capustrum</span> 
     </span>
     <span class='ocr_line' id='line_1_30' title="bbox 407 2027 1033 2080; baseline -0.005 -11"><span class='ocrx_word' id='word_1_168' title='bbox 407 2029 659 2070; x_wconf 79' lang='lat' dir='ltr'>Cardinnlem</span> <span class='ocrx_word' id='word_1_169' title='bbox 679 2029 724 2067; x_wconf 78' lang='lat' dir='ltr'>(Ie</span> <span class='ocrx_word' id='word_1_170' title='bbox 747 2028 853 2066; x_wconf 82' lang='lat' dir='ltr'>obitu</span> <span class='ocrx_word' id='word_1_171' title='bbox 875 2027 1033 2080; x_wconf 78' lang='lat' dir='ltr'>[ratris.</span> 
     </span>
    </p>

    <p class='ocr_par' dir='ltr' id='par_1_5' title="bbox 399 2089 1358 3190">
     <span class='ocr_line' id='line_1_31' title="bbox 462 2089 1357 2137; baseline -0.002 -8"><span class='ocrx_word' id='word_1_172' title='bbox 462 2098 473 2111; x_wconf 81' lang='grc'><em>“</em></span> <span class='ocrx_word' id='word_1_173' title='bbox 499 2094 700 2137; x_wconf 78' lang='lat' dir='ltr'>Quasnam</span> <span class='ocrx_word' id='word_1_174' title='bbox 724 2090 894 2128; x_wconf 82' lang='lat' dir='ltr'>Graecas</span> <span class='ocrx_word' id='word_1_175' title='bbox 924 2089 1118 2128; x_wconf 79' lang='lat' dir='ltr'>Plutarchi</span> <span class='ocrx_word' id='word_1_176' title='bbox 1143 2090 1246 2126; x_wconf 78' lang='lat' dir='ltr'>vitas</span> <span class='ocrx_word' id='word_1_177' title='bbox 1269 2101 1357 2127; x_wconf 82' lang='lat' dir='ltr'>ver-</span> 
     </span>
     <span class='ocr_line' id='line_1_32' title="bbox 406 2150 1356 2201; baseline -0.002 -11"><span class='ocrx_word' id='word_1_178' title='bbox 406 2154 497 2190; x_wconf 85' lang='lat' dir='ltr'>terit</span> <span class='ocrx_word' id='word_1_179' title='bbox 517 2154 661 2201; x_wconf 70' lang='lat' dir='ltr'>Lupus,</span> <span class='ocrx_word' id='word_1_180' title='bbox 683 2162 782 2200; x_wconf 80' lang='lat' dir='ltr'>quas</span> <span class='ocrx_word' id='word_1_181' title='bbox 802 2151 1100 2189; x_wconf 74' lang='lat' dir='ltr'>veroAntonius</span> <span class='ocrx_word' id='word_1_182' title='bbox 1117 2150 1356 2189; x_wconf 74' lang='lat' dir='ltr'>Tudertinus</span> 
     </span>
     <span class='ocr_line' id='line_1_33' title="bbox 406 2212 1358 2264; baseline -0.002 -13"><span class='ocrx_word' id='word_1_183' title='bbox 406 2216 550 2264; x_wconf 80' lang='lat' dir='ltr'>optime</span> <span class='ocrx_word' id='word_1_184' title='bbox 577 2214 780 2259; x_wconf 62' lang='lat' dir='ltr'>distinguit</span> <span class='ocrx_word' id='word_1_185' title='bbox 799 2214 872 2251; x_wconf 74' lang='lat' dir='ltr'>MS.</span> <span class='ocrx_word' id='word_1_186' title='bbox 891 2212 1034 2250; x_wconf 76' lang='lat' dir='ltr'>Codex.</span> <span class='ocrx_word' id='word_1_187' title='bbox 1053 2213 1146 2251; x_wconf 81' lang='lat' dir='ltr'>Bibl.</span> <span class='ocrx_word' id='word_1_188' title='bbox 1163 2213 1358 2251; x_wconf 78' lang='lat' dir='ltr'>Caesena-</span> 
     </span>
     <span class='ocr_line' id='line_1_34' title="bbox 406 2275 1355 2323; baseline -0.001 -11"><span class='ocrx_word' id='word_1_189' title='bbox 406 2277 529 2312; x_wconf 71' lang='lat' dir='ltr'>tvnsis</span> <span class='ocrx_word' id='word_1_190' title='bbox 554 2275 860 2314; x_wconf 74' lang='lat' dir='ltr'>Malatestarum.</span> <span class='ocrx_word' id='word_1_191' title='bbox 886 2276 921 2311; x_wconf 82' lang='lat' dir='ltr'>In</span> <span class='ocrx_word' id='word_1_192' title='bbox 948 2285 1024 2323; x_wconf 79' lang='lat' dir='ltr'>quo</span> <span class='ocrx_word' id='word_1_193' title='bbox 1048 2275 1222 2319; x_wconf 63' lang='lat' dir='ltr'>singulae</span> <span class='ocrx_word' id='word_1_194' title='bbox 1252 2275 1355 2311; x_wconf 80' lang='lat' dir='ltr'>vitae</span> 
     </span>
     <span class='ocr_line' id='line_1_35' title="bbox 407 2336 1354 2386; baseline 0.001 -14"><span class='ocrx_word' id='word_1_195' title='bbox 407 2349 496 2374; x_wconf 75' lang='lat' dir='ltr'>rum</span> <span class='ocrx_word' id='word_1_196' title='bbox 523 2338 678 2374; x_wconf 79' lang='lat' dir='ltr'>nomine</span> <span class='ocrx_word' id='word_1_197' title='bbox 699 2337 942 2386; x_wconf 66' lang='lat' dir='ltr'>singulorum</span> <span class='ocrx_word' id='word_1_198' title='bbox 962 2337 1237 2386; x_wconf 74' lang='lat' dir='ltr'>interpretum,</span> <span class='ocrx_word' id='word_1_199' title='bbox 1253 2342 1288 2373; x_wconf 77' lang='lat' dir='ltr'>et</span> <span class='ocrx_word' id='word_1_200' title='bbox 1308 2336 1354 2373; x_wconf 86' lang='lat' dir='ltr'>ad</span> 
     </span>
     <span class='ocr_line' id='line_1_36' title="bbox 404 2397 1356 2448; baseline -0.001 -13"><span class='ocrx_word' id='word_1_201' title='bbox 404 2399 579 2448; x_wconf 70' lang='lat' dir='ltr'>singulas</span> <span class='ocrx_word' id='word_1_202' title='bbox 602 2410 691 2436; x_wconf 75' lang='lat' dir='ltr'>cuni</span> <span class='ocrx_word' id='word_1_203' title='bbox 717 2397 944 2436; x_wconf 80' lang='lat' dir='ltr'>eorumdem</span> <span class='ocrx_word' id='word_1_204' title='bbox 964 2399 1221 2448; x_wconf 83' lang='lat' dir='ltr'>interpretum</span> <span class='ocrx_word' id='word_1_205' title='bbox 1247 2409 1356 2448; x_wconf 82' lang='lat' dir='ltr'>prae-</span> 
     </span>
     <span class='ocr_line' id='line_1_37' title="bbox 407 2460 1355 2507; baseline -0.001 -9"><span class='ocrx_word' id='word_1_206' title='bbox 407 2461 615 2499; x_wconf 79' lang='lat' dir='ltr'>iationibus</span> <span class='ocrx_word' id='word_1_207' title='bbox 651 2460 940 2497; x_wconf 84' lang='lat' dir='ltr'>descrilmntur.</span> <span class='ocrx_word' id='word_1_208' title='bbox 980 2461 1057 2497; x_wconf 87' lang='lat' dir='ltr'>llas</span> <span class='ocrx_word' id='word_1_209' title='bbox 1097 2461 1213 2507; x_wconf 69' lang='lat' dir='ltr'>igitur</span> <span class='ocrx_word' id='word_1_210' title='bbox 1248 2460 1355 2497; x_wconf 82' lang='lat' dir='ltr'>dedit</span> 
     </span>
     <span class='ocr_line' id='line_1_38' title="bbox 406 2521 1355 2572; baseline -0.002 -11"><span class='ocrx_word' id='word_1_211' title='bbox 406 2522 658 2561; x_wconf 82' lang='lat' dir='ltr'>Tudertinus.</span> <span class='ocrx_word' id='word_1_212' title='bbox 676 2521 866 2572; x_wconf 74' lang='lat' dir='ltr'>Pelopidis</span> <span class='ocrx_word' id='word_1_213' title='bbox 889 2532 979 2559; x_wconf 84' lang='lat' dir='ltr'>cum</span> <span class='ocrx_word' id='word_1_214' title='bbox 999 2522 1157 2571; x_wconf 78' lang='lat' dir='ltr'>praefat.</span> <span class='ocrx_word' id='word_1_215' title='bbox 1175 2521 1221 2559; x_wconf 89' lang='lat' dir='ltr'>ad</span> <span class='ocrx_word' id='word_1_216' title='bbox 1236 2523 1355 2560; x_wconf 75' lang='lat' dir='ltr'>Julia—</span> 
     </span>
     <span class='ocr_line' id='line_1_39' title="bbox 405 2583 1354 2623; baseline 0 -1"><span class='ocrx_word' id='word_1_217' title='bbox 405 2597 498 2623; x_wconf 88' lang='lat' dir='ltr'>num</span> <span class='ocrx_word' id='word_1_218' title='bbox 522 2585 778 2623; x_wconf 82' lang='lat' dir='ltr'>Caesarinum</span> <span class='ocrx_word' id='word_1_219' title='bbox 804 2586 842 2622; x_wconf 77' lang='lat' dir='ltr'>S.</span> <span class='ocrx_word' id='word_1_220' title='bbox 868 2584 909 2621; x_wconf 67' lang='lat' dir='ltr'>li.</span> <span class='ocrx_word' id='word_1_221' title='bbox 935 2584 979 2622; x_wconf 78' lang='grc' dir='ltr'>Ε.</span> <span class='ocrx_word' id='word_1_222' title='bbox 1006 2583 1119 2622; x_wconf 81' lang='lat' dir='ltr'>Card.</span> <span class='ocrx_word' id='word_1_223' title='bbox 1138 2585 1195 2621; x_wconf 86' lang='lat' dir='ltr'>tit.</span> <span class='ocrx_word' id='word_1_224' title='bbox 1222 2585 1259 2622; x_wconf 76' lang='lat' dir='ltr'>S.</span> <span class='ocrx_word' id='word_1_225' title='bbox 1286 2585 1354 2622; x_wconf 67' lang='lat' dir='ltr'>Sa-</span> 
     </span>
     <span class='ocr_line' id='line_1_40' title="bbox 407 2645 1351 2695; baseline 0.001 -12"><span class='ocrx_word' id='word_1_226' title='bbox 407 2646 530 2683; x_wconf 79' lang='lat' dir='ltr'>binae.</span> <span class='ocrx_word' id='word_1_227' title='bbox 555 2645 709 2684; x_wconf 83' lang='lat' dir='ltr'>Camilli</span> <span class='ocrx_word' id='word_1_228' title='bbox 733 2656 824 2683; x_wconf 87' lang='lat' dir='ltr'>cum</span> <span class='ocrx_word' id='word_1_229' title='bbox 849 2645 1009 2695; x_wconf 79' lang='lat' dir='ltr'>praefat.</span> <span class='ocrx_word' id='word_1_230' title='bbox 1026 2645 1074 2683; x_wconf 89' lang='lat' dir='ltr'>ad</span> <span class='ocrx_word' id='word_1_231' title='bbox 1097 2647 1351 2684; x_wconf 83' lang='lat' dir='ltr'>Laurentium</span> 
     </span>
     <span class='ocr_line' id='line_1_41' title="bbox 405 2707 1350 2757; baseline 0 -11"><span class='ocrx_word' id='word_1_232' title='bbox 405 2708 603 2746; x_wconf 65' lang='lat' dir='ltr'>Meda-om.</span> <span class='ocrx_word' id='word_1_233' title='bbox 616 2708 658 2745; x_wconf 91' lang='lat' dir='ltr'>C.</span> <span class='ocrx_word' id='word_1_234' title='bbox 676 2708 781 2746; x_wconf 72' lang='lat' dir='ltr'>Marii</span> <span class='ocrx_word' id='word_1_235' title='bbox 798 2718 887 2745; x_wconf 81' lang='lat' dir='ltr'>euin</span> <span class='ocrx_word' id='word_1_236' title='bbox 906 2707 1064 2757; x_wconf 76' lang='lat' dir='ltr'>praefat.</span> <span class='ocrx_word' id='word_1_237' title='bbox 1081 2707 1128 2745; x_wconf 89' lang='lat' dir='ltr'>ad</span> <span class='ocrx_word' id='word_1_238' title='bbox 1145 2707 1350 2757; x_wconf 64' lang='lat' dir='ltr'>Aloysium</span> 
     </span>
     <span class='ocr_line' id='line_1_42' title="bbox 402 2769 1350 2819; baseline 0 -11"><span class='ocrx_word' id='word_1_239' title='bbox 402 2770 581 2819; x_wconf 71' lang='lat' dir='ltr'>Areliiep.</span> <span class='ocrx_word' id='word_1_240' title='bbox 617 2770 895 2808; x_wconf 65' lang='lat' dir='ltr'>Florentinum.</span> <span class='ocrx_word' id='word_1_241' title='bbox 934 2769 1036 2808; x_wconf 77' lang='lat' dir='ltr'>Fabii</span> <span class='ocrx_word' id='word_1_242' title='bbox 1072 2771 1230 2808; x_wconf 86' lang='lat' dir='ltr'>Mariani</span> <span class='ocrx_word' id='word_1_243' title='bbox 1259 2782 1350 2810; x_wconf 89' lang='lat' dir='ltr'>cum</span> 
     </span>
     <span class='ocr_line' id='line_1_43' title="bbox 403 2830 1351 2882; baseline 0.004 -16"><span class='ocrx_word' id='word_1_244' title='bbox 403 2832 559 2881; x_wconf 76' lang='lat' dir='ltr'>praefat.</span> <span class='ocrx_word' id='word_1_245' title='bbox 578 2830 624 2868; x_wconf 87' lang='lat' dir='ltr'>ad</span> <span class='ocrx_word' id='word_1_246' title='bbox 641 2830 754 2869; x_wconf 90' lang='lat' dir='ltr'>Card.</span> <span class='ocrx_word' id='word_1_247' title='bbox 780 2832 1050 2869; x_wconf 80' lang='lat' dir='ltr'>Morinensem.</span> <span class='ocrx_word' id='word_1_248' title='bbox 1077 2833 1184 2870; x_wconf 73' lang='lat' dir='ltr'>Vitas</span> <span class='ocrx_word' id='word_1_249' title='bbox 1203 2843 1225 2870; x_wconf 86' lang='lat' dir='ltr'>a</span> <span class='ocrx_word' id='word_1_250' title='bbox 1249 2833 1351 2882; x_wconf 90' lang='lat' dir='ltr'>Lapo</span> 
     </span>
     <span class='ocr_line' id='line_1_44' title="bbox 399 2893 1349 2933; baseline 0.003 -4"><span class='ocrx_word' id='word_1_251' title='bbox 399 2904 536 2931; x_wconf 76' lang='lat' dir='ltr'>versas</span> <span class='ocrx_word' id='word_1_252' title='bbox 573 2893 690 2931; x_wconf 79' lang='lat' dir='ltr'>latine</span> <span class='ocrx_word' id='word_1_253' title='bbox 721 2893 791 2931; x_wconf 78' lang='lat' dir='ltr'>lias</span> <span class='ocrx_word' id='word_1_254' title='bbox 826 2893 985 2932; x_wconf 79' lang='lat' dir='ltr'>exhibet</span> <span class='ocrx_word' id='word_1_255' title='bbox 1009 2893 1153 2932; x_wconf 80' lang='lat' dir='ltr'>Codex.</span> <span class='ocrx_word' id='word_1_256' title='bbox 1190 2894 1349 2933; x_wconf 83' lang='lat' dir='ltr'>Periclis</span> 
     </span>
     <span class='ocr_line' id='line_1_45' title="bbox 400 2954 1349 3004; baseline 0.003 -12"><span class='ocrx_word' id='word_1_257' title='bbox 400 2966 488 2992; x_wconf 72' lang='lat' dir='ltr'>cum</span> <span class='ocrx_word' id='word_1_258' title='bbox 515 2955 674 3004; x_wconf 79' lang='lat' dir='ltr'>praefat.</span> <span class='ocrx_word' id='word_1_259' title='bbox 713 2954 759 2992; x_wconf 84' lang='lat' dir='ltr'>ad</span> <span class='ocrx_word' id='word_1_260' title='bbox 781 2956 971 2993; x_wconf 81' lang='lat' dir='ltr'>Joannein</span> <span class='ocrx_word' id='word_1_261' title='bbox 996 2956 1251 2995; x_wconf 70' lang='lat' dir='ltr'>Vitelloscum</span> <span class='ocrx_word' id='word_1_262' title='bbox 1277 2955 1349 2995; x_wconf 82' lang='lat' dir='ltr'>Ar-</span> 
     </span>
     <span class='ocr_line' id='line_1_46' title="bbox 401 3015 1347 3066; baseline 0.005 -14"><span class='ocrx_word' id='word_1_263' title='bbox 401 3015 524 3066; x_wconf 78' lang='lat' dir='ltr'>eliiep.</span> <span class='ocrx_word' id='word_1_264' title='bbox 544 3017 810 3054; x_wconf 67' lang='lat' dir='ltr'>Florentinum</span> <span class='ocrx_word' id='word_1_265' title='bbox 829 3021 867 3054; x_wconf 87' lang='lat' dir='ltr'>et</span> <span class='ocrx_word' id='word_1_266' title='bbox 884 3018 920 3055; x_wconf 78' lang='lat' dir='ltr'>S.</span> <span class='ocrx_word' id='word_1_267' title='bbox 937 3019 977 3056; x_wconf 80' lang='lat' dir='ltr'>R.</span> <span class='ocrx_word' id='word_1_268' title='bbox 993 3018 1037 3056; x_wconf 89' lang='lat' dir='ltr'>E.</span> <span class='ocrx_word' id='word_1_269' title='bbox 1055 3017 1167 3057; x_wconf 90' lang='lat' dir='ltr'>Card.</span> <span class='ocrx_word' id='word_1_270' title='bbox 1194 3018 1347 3057; x_wconf 83' lang='lat' dir='ltr'>Solonis</span> 
     </span>
     <span class='ocr_line' id='line_1_47' title="bbox 401 3079 1349 3127; baseline 0.006 -14"><span class='ocrx_word' id='word_1_271' title='bbox 401 3089 490 3115; x_wconf 83' lang='lat' dir='ltr'>cum</span> <span class='ocrx_word' id='word_1_272' title='bbox 508 3079 665 3127; x_wconf 78' lang='lat' dir='ltr'>praefat.</span> <span class='ocrx_word' id='word_1_273' title='bbox 682 3079 729 3117; x_wconf 90' lang='lat' dir='ltr'>ad</span> <span class='ocrx_word' id='word_1_274' title='bbox 755 3080 973 3125; x_wconf 54' lang='lat' dir='ltr'>liuuenium</span> <span class='ocrx_word' id='word_1_275' title='bbox 990 3081 1037 3118; x_wconf 77' lang='lat' dir='ltr'>IV</span> <span class='ocrx_word' id='word_1_276' title='bbox 1067 3081 1206 3119; x_wconf 72' lang='lat' dir='ltr'>Valerii</span> <span class='ocrx_word' id='word_1_277' title='bbox 1221 3081 1349 3120; x_wconf 85' lang='lat' dir='ltr'>Publi-</span> 
     </span>
     <span class='ocr_line' id='line_1_48' title="bbox 403 3139 1344 3190; baseline 0.009 -16"><span class='ocrx_word' id='word_1_278' title='bbox 403 3139 511 3176; x_wconf 80' lang='lat' dir='ltr'>colae</span> <span class='ocrx_word' id='word_1_279' title='bbox 525 3151 615 3178; x_wconf 79' lang='lat' dir='ltr'>cum</span> <span class='ocrx_word' id='word_1_280' title='bbox 632 3141 790 3190; x_wconf 80' lang='lat' dir='ltr'>praefat.</span> <span class='ocrx_word' id='word_1_281' title='bbox 807 3140 853 3178; x_wconf 89' lang='lat' dir='ltr'>ad</span> <span class='ocrx_word' id='word_1_282' title='bbox 863 3140 1076 3180; x_wconf 88' lang='lat' dir='ltr'>Jordanum</span> <span class='ocrx_word' id='word_1_283' title='bbox 1087 3143 1344 3182; x_wconf 86' lang='lat' dir='ltr'>Cardinalem.</span> 
     </span>
    </p>
   </div>
   <div class='ocr_carea' id='block_1_2' title="bbox 395 3231 1349 3375">
    <p class='ocr_par' dir='ltr' id='par_1_6' title="bbox 395 3231 1349 3375">
     <span class='ocr_line' id='line_1_49' title="bbox 395 3231 1349 3310; baseline 0.014 -50"><span class='ocrx_word' id='word_1_284' title='bbox 395 3231 489 3310; x_wconf 50' lang='lat'>35.)</span> <span class='ocrx_word' id='word_1_285' title='bbox 509 3234 659 3267; x_wconf 82' lang='lat' dir='ltr'>Giornale</span> <span class='ocrx_word' id='word_1_286' title='bbox 679 3235 730 3268; x_wconf 85' lang='lat' dir='ltr'>de&#39;</span> <span class='ocrx_word' id='word_1_287' title='bbox 744 3239 896 3269; x_wconf 77' lang='lat' dir='ltr'>Letterati</span> <span class='ocrx_word' id='word_1_288' title='bbox 916 3238 946 3269; x_wconf 83' lang='lat' dir='ltr'>d&#39;</span> <span class='ocrx_word' id='word_1_289' title='bbox 961 3240 1257 3272; x_wconf 78' lang='lat' dir='ltr'>nauatom.xv1n</span> <span class='ocrx_word' id='word_1_290' title='bbox 1275 3248 1349 3281; x_wconf 80' lang='lat' dir='ltr'>pag.</span> 
     </span>
     <span class='ocr_line' id='line_1_50' title="bbox 445 3292 468 3310; baseline 0.043 -1"><span class='ocrx_word' id='word_1_291' title='bbox 445 3292 468 3310; x_wconf 65' lang='lat'>2.</span> 
     </span>
     <span class='ocr_line' id='line_1_51' title="bbox 459 3327 971 3375; baseline 0.02 -17"><span class='ocrx_word' id='word_1_292' title='bbox 459 3327 494 3366; x_wconf 87' lang='lat' dir='ltr'>b)</span> <span class='ocrx_word' id='word_1_293' title='bbox 517 3329 595 3361; x_wconf 62' lang='lat' dir='ltr'>ibid,</span> <span class='ocrx_word' id='word_1_294' title='bbox 615 3336 693 3364; x_wconf 84' lang='lat' dir='ltr'>tom.</span> <span class='ocrx_word' id='word_1_295' title='bbox 711 3336 780 3372; x_wconf 72' lang='lat' dir='ltr'>XV,</span> <span class='ocrx_word' id='word_1_296' title='bbox 806 3344 879 3375; x_wconf 79' lang='lat' dir='ltr'>pag.</span> <span class='ocrx_word' id='word_1_297' title='bbox 902 3337 971 3368; x_wconf 76' lang='lat'>5:21.</span> 
     </span>
    </p>
   </div>
   <div class='ocr_carea' id='block_1_3' title="bbox 1206 223 1588 264">
    <p class='ocr_par' dir='ltr' id='par_1_7' title="bbox 1206 223 1588 264">
     <span class='ocr_line' id='line_1_52' title="bbox 1206 223 1588 264; baseline 0.003 -1"><span class='ocrx_word' id='word_1_298' title='bbox 1206 223 1588 264; x_wconf 80' lang='lat' dir='ltr'>ANTONIUS</span> 
     </span>
    </p>
   </div>
   <div class='ocr_carea' id='block_1_4' title="bbox 1419 294 2420 3376">
    <p class='ocr_par' dir='ltr' id='par_1_8' title="bbox 1431 294 2385 470">
     <span class='ocr_line' id='line_1_53' title="bbox 1433 294 2382 345; baseline 0 -11"><span class='ocrx_word' id='word_1_299' title='bbox 1433 294 1675 344; x_wconf 82' lang='lat' dir='ltr'>Artaxersis,</span> <span class='ocrx_word' id='word_1_300' title='bbox 1699 295 1819 334; x_wconf 78' lang='lat' dir='ltr'>Arati.</span> <span class='ocrx_word' id='word_1_301' title='bbox 1845 294 1957 333; x_wconf 84' lang='lat' dir='ltr'>Card.</span> <span class='ocrx_word' id='word_1_302' title='bbox 1984 294 2184 345; x_wconf 71' lang='lat' dir='ltr'>papiensis</span> <span class='ocrx_word' id='word_1_303' title='bbox 2192 294 2382 345; x_wconf 87' lang='lat' dir='ltr'>judicium</span> 
     </span>
     <span class='ocr_line' id='line_1_54' title="bbox 1433 355 2385 397; baseline -0.001 -1"><span class='ocrx_word' id='word_1_304' title='bbox 1433 356 1482 396; x_wconf 86' lang='lat' dir='ltr'>de</span> <span class='ocrx_word' id='word_1_305' title='bbox 1508 356 1754 397; x_wconf 73' lang='lat' dir='ltr'>versionibus</span> <span class='ocrx_word' id='word_1_306' title='bbox 1781 355 1939 395; x_wconf 82' lang='lat' dir='ltr'>Antonii</span> <span class='ocrx_word' id='word_1_307' title='bbox 1964 355 2168 395; x_wconf 89' lang='lat' dir='ltr'>Tudertini</span> <span class='ocrx_word' id='word_1_308' title='bbox 2196 357 2317 396; x_wconf 84' lang='lat' dir='ltr'>habes</span> <span class='ocrx_word' id='word_1_309' title='bbox 2346 357 2385 395; x_wconf 92' lang='lat' dir='ltr'>in</span> 
     </span>
     <span class='ocr_line' id='line_1_55' title="bbox 1431 417 2368 470; baseline 0 -13"><span class='ocrx_word' id='word_1_310' title='bbox 1431 419 1594 470; x_wconf 84' lang='lat' dir='ltr'>epistola</span> <span class='ocrx_word' id='word_1_311' title='bbox 1616 420 1703 459; x_wconf 90' lang='lat' dir='ltr'>eius</span> <span class='ocrx_word' id='word_1_312' title='bbox 1727 419 1801 458; x_wconf 74' lang='grc'>102</span> <span class='ocrx_word' id='word_1_313' title='bbox 1826 417 1874 457; x_wconf 86' lang='lat' dir='ltr'>ad</span> <span class='ocrx_word' id='word_1_314' title='bbox 1897 419 2093 457; x_wconf 83' lang='lat' dir='ltr'>Donatum</span> <span class='ocrx_word' id='word_1_315' title='bbox 2115 417 2368 470; x_wconf 82' lang='lat' dir='ltr'>Acciajolum.</span> 
     </span>
    </p>

    <p class='ocr_par' dir='ltr' id='par_1_9' title="bbox 1431 479 2388 1135">
     <span class='ocr_line' id='line_1_56' title="bbox 1483 479 2382 529; baseline 0 -10"><span class='ocrx_word' id='word_1_316' title='bbox 1483 480 1614 519; x_wconf 86' lang='lat' dir='ltr'>Oratio</span> <span class='ocrx_word' id='word_1_317' title='bbox 1642 491 1737 519; x_wconf 87' lang='lat' dir='ltr'>vero</span> <span class='ocrx_word' id='word_1_318' title='bbox 1775 479 1839 518; x_wconf 89' lang='lat' dir='ltr'>illa</span> <span class='ocrx_word' id='word_1_319' title='bbox 1880 481 1918 518; x_wconf 91' lang='lat' dir='ltr'>in</span> <span class='ocrx_word' id='word_1_320' title='bbox 1956 479 2112 519; x_wconf 87' lang='lat' dir='ltr'>laudem</span> <span class='ocrx_word' id='word_1_321' title='bbox 2141 480 2382 529; x_wconf 85' lang='lat' dir='ltr'>Florentiae,</span> 
     </span>
     <span class='ocr_line' id='line_1_57' title="bbox 1431 540 2384 593; baseline -0.001 -12"><span class='ocrx_word' id='word_1_322' title='bbox 1431 553 1551 593; x_wconf 88' lang='lat' dir='ltr'>quam</span> <span class='ocrx_word' id='word_1_323' title='bbox 1585 542 1784 581; x_wconf 84' lang='lat' dir='ltr'>Fabricius</span> <span class='ocrx_word' id='word_1_324' title='bbox 1807 553 1856 580; x_wconf 83' lang='lat' dir='ltr'>ex</span> <span class='ocrx_word' id='word_1_325' title='bbox 1879 541 1957 580; x_wconf 88' lang='lat' dir='ltr'>MS.</span> <span class='ocrx_word' id='word_1_326' title='bbox 1980 540 2197 580; x_wconf 84' lang='lat' dir='ltr'>Oxoniensi</span> <span class='ocrx_word' id='word_1_327' title='bbox 2227 541 2384 590; x_wconf 89' lang='lat' dir='ltr'>laudat,</span> 
     </span>
     <span class='ocr_line' id='line_1_58' title="bbox 1432 601 2387 652; baseline 0 -10"><span class='ocrx_word' id='word_1_328' title='bbox 1432 608 1494 642; x_wconf 86' lang='lat' dir='ltr'>est</span> <span class='ocrx_word' id='word_1_329' title='bbox 1517 604 1635 642; x_wconf 79' lang='lat' dir='ltr'>etiam</span> <span class='ocrx_word' id='word_1_330' title='bbox 1656 604 1694 640; x_wconf 95' lang='lat' dir='ltr'>in</span> <span class='ocrx_word' id='word_1_331' title='bbox 1714 602 1846 641; x_wconf 88' lang='lat' dir='ltr'>codice</span> <span class='ocrx_word' id='word_1_332' title='bbox 1865 606 2023 640; x_wconf 89' lang='lat' dir='ltr'>servato</span> <span class='ocrx_word' id='word_1_333' title='bbox 2037 601 2143 652; x_wconf 88' lang='lat' dir='ltr'>apud</span> <span class='ocrx_word' id='word_1_334' title='bbox 2159 603 2288 642; x_wconf 88' lang='lat' dir='ltr'>virum</span> <span class='ocrx_word' id='word_1_335' title='bbox 2313 602 2387 642; x_wconf 89' lang='lat' dir='ltr'>hu-</span> 
     </span>
     <span class='ocr_line' id='line_1_59' title="bbox 1434 662 2386 704; baseline -0.002 0"><span class='ocrx_word' id='word_1_336' title='bbox 1434 666 1709 704; x_wconf 84' lang='lat' dir='ltr'>manissimum</span> <span class='ocrx_word' id='word_1_337' title='bbox 1746 664 1910 703; x_wconf 89' lang='lat' dir='ltr'>Marium</span> <span class='ocrx_word' id='word_1_338' title='bbox 1948 662 2103 702; x_wconf 88' lang='lat' dir='ltr'>Micheli</span> <span class='ocrx_word' id='word_1_339' title='bbox 2138 662 2386 704; x_wconf 85' lang='lat' dir='ltr'>Cathedralis</span> 
     </span>
     <span class='ocr_line' id='line_1_60' title="bbox 1432 724 2388 774; baseline -0.002 -8"><span class='ocrx_word' id='word_1_340' title='bbox 1432 727 1634 766; x_wconf 72' lang='lat' dir='ltr'>Ecclesiae</span> <span class='ocrx_word' id='word_1_341' title='bbox 1664 725 1852 764; x_wconf 80' lang='lat' dir='ltr'>Lucensis</span> <span class='ocrx_word' id='word_1_342' title='bbox 1889 724 2152 774; x_wconf 70' lang='lat' dir='ltr'>Camiaeum,</span> <span class='ocrx_word' id='word_1_343' title='bbox 2189 724 2388 764; x_wconf 85' lang='lat' dir='ltr'>eamdem-</span> 
     </span>
     <span class='ocr_line' id='line_1_61' title="bbox 1433 785 2387 839; baseline -0.001 -13"><span class='ocrx_word' id='word_1_344' title='bbox 1433 799 1510 839; x_wconf 91' lang='lat' dir='ltr'>que</span> <span class='ocrx_word' id='word_1_345' title='bbox 1535 797 1692 826; x_wconf 83' lang='lat' dir='ltr'>meeum</span> <span class='ocrx_word' id='word_1_346' title='bbox 1714 786 2004 825; x_wconf 88' lang='lat' dir='ltr'>comunicatam</span> <span class='ocrx_word' id='word_1_347' title='bbox 2025 786 2151 837; x_wconf 86' lang='lat' dir='ltr'>reperi</span> <span class='ocrx_word' id='word_1_348' title='bbox 2172 785 2318 825; x_wconf 88' lang='lat' dir='ltr'>dictam</span> <span class='ocrx_word' id='word_1_349' title='bbox 2338 785 2387 825; x_wconf 87' lang='lat' dir='ltr'>ab</span> 
     </span>
     <span class='ocr_line' id='line_1_62' title="bbox 1432 847 2386 898; baseline -0.001 -11"><span class='ocrx_word' id='word_1_350' title='bbox 1432 849 1602 888; x_wconf 82' lang='lat' dir='ltr'>Antonio</span> <span class='ocrx_word' id='word_1_351' title='bbox 1625 858 1730 895; x_wconf 81' lang='lat' dir='ltr'>esse,</span> <span class='ocrx_word' id='word_1_352' title='bbox 1746 858 1838 886; x_wconf 89' lang='lat' dir='ltr'>cum</span> <span class='ocrx_word' id='word_1_353' title='bbox 1863 847 1953 885; x_wconf 87' lang='lat' dir='ltr'>novi</span> <span class='ocrx_word' id='word_1_354' title='bbox 1969 847 2222 898; x_wconf 81' lang='lat' dir='ltr'>Magistratus</span> <span class='ocrx_word' id='word_1_355' title='bbox 2237 858 2386 887; x_wconf 87' lang='lat' dir='ltr'>munus</span> 
     </span>
     <span class='ocr_line' id='line_1_63' title="bbox 1432 909 2383 959; baseline -0.001 -10"><span class='ocrx_word' id='word_1_356' title='bbox 1432 922 1550 949; x_wconf 85' lang='lat' dir='ltr'>suum</span> <span class='ocrx_word' id='word_1_357' title='bbox 1580 911 1739 959; x_wconf 76' lang='lat' dir='ltr'>inirent,</span> <span class='ocrx_word' id='word_1_358' title='bbox 1775 913 1837 947; x_wconf 87' lang='lat' dir='ltr'>est</span> <span class='ocrx_word' id='word_1_359' title='bbox 1873 913 2007 947; x_wconf 90' lang='lat' dir='ltr'>autem</span> <span class='ocrx_word' id='word_1_360' title='bbox 2037 920 2114 948; x_wconf 90' lang='lat' dir='ltr'>non</span> <span class='ocrx_word' id='word_1_361' title='bbox 2151 910 2190 948; x_wconf 88' lang='grc'>111</span> <span class='ocrx_word' id='word_1_362' title='bbox 2226 909 2383 950; x_wconf 84' lang='lat' dir='ltr'>laudem</span> 
     </span>
     <span class='ocr_line' id='line_1_64' title="bbox 1434 970 2386 1012; baseline -0.002 -1"><span class='ocrx_word' id='word_1_363' title='bbox 1434 973 1648 1011; x_wconf 84' lang='lat' dir='ltr'>Florentiae</span> <span class='ocrx_word' id='word_1_364' title='bbox 1684 970 1958 1010; x_wconf 84' lang='lat' dir='ltr'>tantummodo</span> <span class='ocrx_word' id='word_1_365' title='bbox 1987 970 2058 1010; x_wconf 91' lang='lat' dir='ltr'>sed</span> <span class='ocrx_word' id='word_1_366' title='bbox 2082 975 2123 1011; x_wconf 90' lang='lat' dir='ltr'>et</span> <span class='ocrx_word' id='word_1_367' title='bbox 2144 971 2386 1012; x_wconf 84' lang='lat' dir='ltr'>Florentino-</span> 
     </span>
     <span class='ocr_line' id='line_1_65' title="bbox 1434 1031 2386 1085; baseline -0.001 -12"><span class='ocrx_word' id='word_1_368' title='bbox 1434 1046 1534 1074; x_wconf 86' lang='lat' dir='ltr'>rum.</span> <span class='ocrx_word' id='word_1_369' title='bbox 1573 1035 1712 1085; x_wconf 75' lang='lat' dir='ltr'>Incipit</span> <span class='ocrx_word' id='word_1_370' title='bbox 1752 1032 1979 1073; x_wconf 66' lang='lat' dir='ltr'>Alaaez&#39;mum</span> <span class='ocrx_word' id='word_1_371' title='bbox 2021 1036 2059 1072; x_wconf 80' lang='lat' dir='ltr'>et</span> <span class='ocrx_word' id='word_1_372' title='bbox 2097 1031 2386 1085; x_wconf 80' lang='lat' dir='ltr'>amplissimum</span> 
     </span>
     <span class='ocr_line' id='line_1_66' title="bbox 1432 1101 1673 1135; baseline 0 -1"><span class='ocrx_word' id='word_1_373' title='bbox 1432 1107 1576 1135; x_wconf 73' lang='lat' dir='ltr'>mimus</span> <span class='ocrx_word' id='word_1_374' title='bbox 1599 1101 1673 1134; x_wconf 86' lang='lat' dir='ltr'>etc.</span> 
     </span>
    </p>

    <p class='ocr_par' dir='ltr' id='par_1_10' title="bbox 1428 1158 2389 1584">
     <span class='ocr_line' id='line_1_67' title="bbox 1485 1158 2386 1210; baseline 0.002 -13"><span class='ocrx_word' id='word_1_375' title='bbox 1485 1158 1732 1198; x_wconf 74' lang='lat' dir='ltr'>ANTONIUS</span> <span class='ocrx_word' id='word_1_376' title='bbox 1749 1159 1796 1198; x_wconf 85' lang='lat' dir='ltr'>de</span> <span class='ocrx_word' id='word_1_377' title='bbox 1810 1158 1995 1210; x_wconf 85' lang='lat' dir='ltr'>Baloeho,</span> <span class='ocrx_word' id='word_1_378' title='bbox 2018 1158 2210 1199; x_wconf 88' lang='lat' dir='ltr'>dioecesis</span> <span class='ocrx_word' id='word_1_379' title='bbox 2236 1159 2386 1200; x_wconf 85' lang='lat' dir='ltr'>Vercel-</span> 
     </span>
     <span class='ocr_line' id='line_1_68' title="bbox 1432 1220 2385 1274; baseline 0.003 -16"><span class='ocrx_word' id='word_1_380' title='bbox 1432 1220 1572 1271; x_wconf 78' lang='lat' dir='ltr'>lensis‚</span> <span class='ocrx_word' id='word_1_381' title='bbox 1596 1221 1754 1260; x_wconf 88' lang='lat' dir='ltr'>Ordinis</span> <span class='ocrx_word' id='word_1_382' title='bbox 1776 1223 1986 1272; x_wconf 89' lang='lat' dir='ltr'>Minorum,</span> <span class='ocrx_word' id='word_1_383' title='bbox 2010 1222 2169 1273; x_wconf 86' lang='lat' dir='ltr'>scripsit</span> <span class='ocrx_word' id='word_1_384' title='bbox 2207 1220 2385 1274; x_wconf 81' lang='lat' dir='ltr'>quadra-</span> 
     </span>
     <span class='ocr_line' id='line_1_69' title="bbox 1428 1282 2388 1336; baseline 0.002 -14"><span class='ocrx_word' id='word_1_385' title='bbox 1428 1282 1615 1333; x_wconf 64' lang='grc' dir='ltr'>ριἐῐηηιῐε</span> <span class='ocrx_word' id='word_1_386' title='bbox 1651 1283 1816 1335; x_wconf 78' lang='lat' dir='ltr'>duplex,</span> <span class='ocrx_word' id='word_1_387' title='bbox 1841 1295 1966 1323; x_wconf 91' lang='lat' dir='ltr'>unum</span> <span class='ocrx_word' id='word_1_388' title='bbox 2000 1282 2047 1322; x_wconf 85' lang='lat' dir='ltr'>de</span> <span class='ocrx_word' id='word_1_389' title='bbox 2081 1282 2283 1323; x_wconf 81' lang='lat' dir='ltr'>duodecim</span> <span class='ocrx_word' id='word_1_390' title='bbox 2304 1284 2388 1336; x_wconf 80' lang='lat' dir='ltr'>My-</span> 
     </span>
     <span class='ocr_line' id='line_1_70' title="bbox 1430 1345 2388 1397; baseline 0.002 -13"><span class='ocrx_word' id='word_1_391' title='bbox 1430 1345 1562 1384; x_wconf 69' lang='lat' dir='ltr'>stertis</span> <span class='ocrx_word' id='word_1_392' title='bbox 1586 1345 1840 1385; x_wconf 74' lang='lat' dir='ltr'>Christianae</span> <span class='ocrx_word' id='word_1_393' title='bbox 1859 1345 1974 1397; x_wconf 84' lang='lat' dir='ltr'>fidei,</span> <span class='ocrx_word' id='word_1_394' title='bbox 1998 1349 2039 1385; x_wconf 88' lang='lat' dir='ltr'>et</span> <span class='ocrx_word' id='word_1_395' title='bbox 2061 1346 2231 1386; x_wconf 88' lang='lat' dir='ltr'>alterum</span> <span class='ocrx_word' id='word_1_396' title='bbox 2253 1345 2300 1386; x_wconf 81' lang='lat' dir='ltr'>de</span> <span class='ocrx_word' id='word_1_397' title='bbox 2321 1357 2388 1386; x_wconf 88' lang='lat' dir='ltr'>ae-</span> 
     </span>
     <span class='ocr_line' id='line_1_71' title="bbox 1433 1407 2386 1460; baseline 0.001 -14"><span class='ocrx_word' id='word_1_398' title='bbox 1433 1408 1554 1447; x_wconf 79' lang='lat' dir='ltr'>!erm&#39;s</span> <span class='ocrx_word' id='word_1_399' title='bbox 1580 1407 1779 1460; x_wconf 75' lang='lat' dir='ltr'>fructibus</span> <span class='ocrx_word' id='word_1_400' title='bbox 1821 1407 1995 1460; x_wconf 81' lang='lat' dir='ltr'>Spiritus</span> <span class='ocrx_word' id='word_1_401' title='bbox 2031 1408 2071 1448; x_wconf 90' lang='lat' dir='ltr'>S.</span> <span class='ocrx_word' id='word_1_402' title='bbox 2107 1409 2235 1447; x_wconf 85' lang='lat' dir='ltr'>Venet</span> <span class='ocrx_word' id='word_1_403' title='bbox 2271 1409 2386 1448; x_wconf 75' lang='grc'>1192.</span> 
     </span>
     <span class='ocr_line' id='line_1_72' title="bbox 1433 1467 2389 1523; baseline 0.002 -14"><span class='ocrx_word' id='word_1_404' title='bbox 1433 1471 1552 1520; x_wconf 80' lang='lat' dir='ltr'>Lugd.</span> <span class='ocrx_word' id='word_1_405' title='bbox 1585 1471 1685 1510; x_wconf 69' lang='lat'>4504</span> <span class='ocrx_word' id='word_1_406' title='bbox 1710 1475 1750 1508; x_wconf 82' lang='lat' dir='ltr'>et</span> <span class='ocrx_word' id='word_1_407' title='bbox 1773 1470 1916 1509; x_wconf 91' lang='lat' dir='ltr'>librum</span> <span class='ocrx_word' id='word_1_408' title='bbox 1939 1469 1986 1508; x_wconf 87' lang='lat' dir='ltr'>de</span> <span class='ocrx_word' id='word_1_409' title='bbox 2012 1467 2230 1510; x_wconf 80' lang='lat' dir='ltr'>Virtutibus</span> <span class='ocrx_word' id='word_1_410' title='bbox 2265 1472 2389 1523; x_wconf 85' lang='lat' dir='ltr'>Hage-</span> 
     </span>
     <span class='ocr_line' id='line_1_73' title="bbox 1434 1531 2292 1584; baseline 0.002 -14"><span class='ocrx_word' id='word_1_411' title='bbox 1434 1545 1529 1572; x_wconf 80' lang='lat' dir='ltr'>noae</span> <span class='ocrx_word' id='word_1_412' title='bbox 1555 1534 1673 1581; x_wconf 77' lang='grc'>1513,</span> <span class='ocrx_word' id='word_1_413' title='bbox 1700 1534 1733 1571; x_wconf 73' lang='lat' dir='ltr'>li.</span> <span class='ocrx_word' id='word_1_414' title='bbox 1758 1532 1854 1572; x_wconf 89' lang='lat' dir='ltr'>Vide</span> <span class='ocrx_word' id='word_1_415' title='bbox 1878 1531 2147 1583; x_wconf 85' lang='lat' dir='ltr'>Waddingum</span> <span class='ocrx_word' id='word_1_416' title='bbox 2170 1545 2208 1584; x_wconf 91' lang='lat' dir='ltr'>p.</span> <span class='ocrx_word' id='word_1_417' title='bbox 2229 1533 2292 1572; x_wconf 76' lang='lat'>29.</span> 
     </span>
    </p>

    <p class='ocr_par' dir='ltr' id='par_1_11' title="bbox 1431 1595 2385 1708">
     <span class='ocr_line' id='line_1_74' title="bbox 1483 1595 2384 1646; baseline 0 -12"><span class='ocrx_word' id='word_1_418' title='bbox 1483 1595 1731 1635; x_wconf 74' lang='lat' dir='ltr'>ANTONIUS</span> <span class='ocrx_word' id='word_1_419' title='bbox 1777 1595 1951 1633; x_wconf 83' lang='lat' dir='ltr'>Zarotus</span> <span class='ocrx_word' id='word_1_420' title='bbox 2000 1595 2227 1634; x_wconf 82' lang='lat' dir='ltr'>Parmensis</span> <span class='ocrx_word' id='word_1_421' title='bbox 2252 1624 2261 1644; x_wconf 96' lang='lat'>,</span> <span class='ocrx_word' id='word_1_422' title='bbox 2306 1606 2384 1646; x_wconf 91' lang='lat' dir='ltr'>quo</span> 
     </span>
     <span class='ocr_line' id='line_1_75' title="bbox 1431 1655 2385 1708; baseline -0.001 -12"><span class='ocrx_word' id='word_1_423' title='bbox 1431 1662 1595 1696; x_wconf 87' lang='lat' dir='ltr'>curante</span> <span class='ocrx_word' id='word_1_424' title='bbox 1619 1658 1802 1696; x_wconf 85' lang='lat' dir='ltr'>Horatius</span> <span class='ocrx_word' id='word_1_425' title='bbox 1818 1655 1931 1695; x_wconf 86' lang='lat' dir='ltr'>Anno</span> <span class='ocrx_word' id='word_1_426' title='bbox 1952 1655 2073 1703; x_wconf 79' lang='grc'>1470,</span> <span class='ocrx_word' id='word_1_427' title='bbox 2097 1658 2121 1704; x_wconf 54' lang='lat' dir='ltr'>si</span> <span class='ocrx_word' id='word_1_428' title='bbox 2133 1655 2208 1695; x_wconf 75' lang='grc'>174-</span> <span class='ocrx_word' id='word_1_429' title='bbox 2231 1657 2385 1708; x_wconf 87' lang='lat' dir='ltr'>prodiit.</span> 
     </span>
    </p>

    <p class='ocr_par' dir='ltr' id='par_1_12' title="bbox 1428 1718 2420 2449">
     <span class='ocr_line' id='line_1_76' title="bbox 1485 1718 2385 1769; baseline 0 -11"><span class='ocrx_word' id='word_1_430' title='bbox 1485 1719 1505 1740; x_wconf 63' lang='lat'>³*</span> <span class='ocrx_word' id='word_1_431' title='bbox 1527 1720 1666 1758; x_wconf 76' lang='lat' dir='ltr'>Nescio</span> <span class='ocrx_word' id='word_1_432' title='bbox 1705 1730 1776 1757; x_wconf 91' lang='lat' dir='ltr'>cur</span> <span class='ocrx_word' id='word_1_433' title='bbox 1800 1719 1875 1756; x_wconf 89' lang='lat' dir='ltr'>iste</span> <span class='ocrx_word' id='word_1_434' title='bbox 1898 1718 2076 1757; x_wconf 86' lang='lat' dir='ltr'>obtinere</span> <span class='ocrx_word' id='word_1_435' title='bbox 2098 1719 2224 1769; x_wconf 87' lang='lat' dir='ltr'>possit</span> <span class='ocrx_word' id='word_1_436' title='bbox 2255 1719 2385 1758; x_wconf 90' lang='lat' dir='ltr'>locum</span> 
     </span>
     <span class='ocr_line' id='line_1_77' title="bbox 1430 1780 2420 1831; baseline 0.001 -13"><span class='ocrx_word' id='word_1_437' title='bbox 1430 1780 1687 1830; x_wconf 84' lang='lat' dir='ltr'>scriptoribus</span> <span class='ocrx_word' id='word_1_438' title='bbox 1711 1791 1874 1830; x_wconf 85' lang='lat' dir='ltr'>operum</span> <span class='ocrx_word' id='word_1_439' title='bbox 1908 1781 2177 1831; x_wconf 82' lang='lat' dir='ltr'>assignatum,</span> <span class='ocrx_word' id='word_1_440' title='bbox 2210 1790 2387 1831; x_wconf 88' lang='lat' dir='ltr'>comper-</span> <span class='ocrx_word' id='word_1_441' title='bbox 2417 1799 2420 1802; x_wconf 46' lang='lat'><em>⁴</em></span> 
     </span>
     <span class='ocr_line' id='line_1_78' title="bbox 1430 1841 2383 1891; baseline 0.003 -12"><span class='ocrx_word' id='word_1_442' title='bbox 1430 1846 1514 1880; x_wconf 85' lang='lat' dir='ltr'>tum</span> <span class='ocrx_word' id='word_1_443' title='bbox 1540 1842 1646 1880; x_wconf 88' lang='lat' dir='ltr'>enim</span> <span class='ocrx_word' id='word_1_444' title='bbox 1670 1841 1766 1879; x_wconf 85' lang='lat' dir='ltr'>mihi</span> <span class='ocrx_word' id='word_1_445' title='bbox 1800 1845 1863 1880; x_wconf 86' lang='lat' dir='ltr'>est</span> <span class='ocrx_word' id='word_1_446' title='bbox 1890 1841 2040 1891; x_wconf 89' lang='lat' dir='ltr'>primas</span> <span class='ocrx_word' id='word_1_447' title='bbox 2063 1842 2244 1881; x_wconf 88' lang='lat' dir='ltr'>tenuisse</span> <span class='ocrx_word' id='word_1_448' title='bbox 2273 1842 2383 1882; x_wconf 90' lang='lat' dir='ltr'>illum</span> 
     </span>
     <span class='ocr_line' id='line_1_79' title="bbox 1431 1903 2386 1954; baseline 0.003 -14"><span class='ocrx_word' id='word_1_449' title='bbox 1431 1904 1532 1942; x_wconf 85' lang='lat' dir='ltr'>inter</span> <span class='ocrx_word' id='word_1_450' title='bbox 1562 1903 1828 1954; x_wconf 80' lang='lat' dir='ltr'>typographos</span> <span class='ocrx_word' id='word_1_451' title='bbox 1865 1903 2040 1942; x_wconf 87' lang='lat' dir='ltr'>illustres</span> <span class='ocrx_word' id='word_1_452' title='bbox 2076 1903 2386 1943; x_wconf 84' lang='lat' dir='ltr'>Mediolanenses</span> 
     </span>
     <span class='ocr_line' id='line_1_80' title="bbox 1430 1964 2383 2016; baseline 0.004 -16"><span class='ocrx_word' id='word_1_453' title='bbox 1430 1969 1469 2001; x_wconf 76' lang='lat' dir='ltr'>et</span> <span class='ocrx_word' id='word_1_454' title='bbox 1509 1965 1669 2014; x_wconf 86' lang='lat' dir='ltr'>quidem</span> <span class='ocrx_word' id='word_1_455' title='bbox 1699 1966 1859 2016; x_wconf 80' lang='lat' dir='ltr'>triginta</span> <span class='ocrx_word' id='word_1_456' title='bbox 1895 1964 2030 2003; x_wconf 89' lang='lat' dir='ltr'>solidis</span> <span class='ocrx_word' id='word_1_457' title='bbox 2070 1967 2184 2004; x_wconf 88' lang='lat' dir='ltr'>annis</span> <span class='ocrx_word' id='word_1_458' title='bbox 2212 1969 2252 2004; x_wconf 85' lang='lat' dir='ltr'>et</span> <span class='ocrx_word' id='word_1_459' title='bbox 2278 1965 2383 2016; x_wconf 92' lang='lat' dir='ltr'>quod</span> 
     </span>
     <span class='ocr_line' id='line_1_81' title="bbox 1429 2025 2385 2067; baseline 0.004 -4"><span class='ocrx_word' id='word_1_460' title='bbox 1429 2028 1614 2064; x_wconf 76' lang='lat' dir='ltr'>excurrit.</span> <span class='ocrx_word' id='word_1_461' title='bbox 1629 2027 1726 2065; x_wconf 76' lang='lat' dir='ltr'>Nam</span> <span class='ocrx_word' id='word_1_462' title='bbox 1749 2037 1852 2064; x_wconf 86' lang='lat' dir='ltr'>anno</span> <span class='ocrx_word' id='word_1_463' title='bbox 1879 2025 1979 2064; x_wconf 80' lang='grc'>1470</span> <span class='ocrx_word' id='word_1_464' title='bbox 2000 2030 2127 2066; x_wconf 90' lang='lat' dir='ltr'>artem</span> <span class='ocrx_word' id='word_1_465' title='bbox 2143 2037 2257 2067; x_wconf 87' lang='lat' dir='ltr'>suam</span> <span class='ocrx_word' id='word_1_466' title='bbox 2271 2038 2385 2067; x_wconf 86' lang='lat' dir='ltr'>exer-</span> 
     </span>
     <span class='ocr_line' id='line_1_82' title="bbox 1428 2087 2384 2138; baseline 0.005 -15"><span class='ocrx_word' id='word_1_467' title='bbox 1428 2098 1516 2125; x_wconf 73' lang='lat' dir='ltr'>cere</span> <span class='ocrx_word' id='word_1_468' title='bbox 1542 2088 1650 2126; x_wconf 89' lang='lat' dir='ltr'>illum</span> <span class='ocrx_word' id='word_1_469' title='bbox 1675 2088 1851 2138; x_wconf 87' lang='lat' dir='ltr'>coepisse</span> <span class='ocrx_word' id='word_1_470' title='bbox 1874 2091 1913 2125; x_wconf 88' lang='lat' dir='ltr'>et</span> <span class='ocrx_word' id='word_1_471' title='bbox 1932 2087 2153 2128; x_wconf 81' lang='lat' dir='ltr'>Fabricium</span> <span class='ocrx_word' id='word_1_472' title='bbox 2170 2088 2234 2128; x_wconf 87' lang='lat' dir='ltr'>hic</span> <span class='ocrx_word' id='word_1_473' title='bbox 2251 2088 2384 2128; x_wconf 91' lang='lat' dir='ltr'>admo-</span> 
     </span>
     <span class='ocr_line' id='line_1_83' title="bbox 1430 2149 2383 2203; baseline 0.005 -17"><span class='ocrx_word' id='word_1_474' title='bbox 1430 2153 1512 2196; x_wconf 74' lang='lat' dir='ltr'>net,</span> <span class='ocrx_word' id='word_1_475' title='bbox 1533 2153 1572 2187; x_wconf 81' lang='lat' dir='ltr'>et</span> <span class='ocrx_word' id='word_1_476' title='bbox 1597 2150 1738 2188; x_wconf 80' lang='lat' dir='ltr'>Saxius</span> <span class='ocrx_word' id='word_1_477' title='bbox 1756 2151 1794 2187; x_wconf 90' lang='lat' dir='ltr'>in</span> <span class='ocrx_word' id='word_1_478' title='bbox 1813 2149 1974 2188; x_wconf 89' lang='lat' dir='ltr'>historia</span> <span class='ocrx_word' id='word_1_479' title='bbox 1995 2151 2383 2203; x_wconf 78' lang='lat' dir='ltr'>Literario-typogra-</span> 
     </span>
     <span class='ocr_line' id='line_1_84' title="bbox 1429 2210 2382 2260; baseline 0.004 -12"><span class='ocrx_word' id='word_1_480' title='bbox 1429 2210 1540 2260; x_wconf 79' lang='lat' dir='ltr'>pliica</span> <span class='ocrx_word' id='word_1_481' title='bbox 1555 2210 1831 2249; x_wconf 84' lang='lat' dir='ltr'>Mediolanensi</span> <span class='ocrx_word' id='word_1_482' title='bbox 1855 2210 2072 2250; x_wconf 80' lang='lat' dir='ltr'>confirmat.</span> <span class='ocrx_word' id='word_1_483' title='bbox 2098 2212 2176 2251; x_wconf 86' lang='lat' dir='ltr'>Sed</span> <span class='ocrx_word' id='word_1_484' title='bbox 2197 2217 2237 2252; x_wconf 85' lang='lat' dir='ltr'>et</span> <span class='ocrx_word' id='word_1_485' title='bbox 2253 2213 2382 2252; x_wconf 84' lang='lat' dir='ltr'>adhuc</span> 
     </span>
     <span class='ocr_line' id='line_1_85' title="bbox 1428 2272 2383 2324; baseline 0.003 -14"><span class='ocrx_word' id='word_1_486' title='bbox 1428 2283 1531 2310; x_wconf 88' lang='lat' dir='ltr'>anno</span> <span class='ocrx_word' id='word_1_487' title='bbox 1556 2273 1657 2311; x_wconf 70' lang='grc'>1505</span> <span class='ocrx_word' id='word_1_488' title='bbox 1686 2272 1860 2311; x_wconf 90' lang='lat' dir='ltr'>nondum</span> <span class='ocrx_word' id='word_1_489' title='bbox 1898 2272 1946 2311; x_wconf 91' lang='lat' dir='ltr'>ab</span> <span class='ocrx_word' id='word_1_490' title='bbox 1983 2274 2240 2324; x_wconf 85' lang='lat' dir='ltr'>impressione</span> <span class='ocrx_word' id='word_1_491' title='bbox 2269 2275 2383 2314; x_wconf 89' lang='lat' dir='ltr'>libro-</span> 
     </span>
     <span class='ocr_line' id='line_1_86' title="bbox 1430 2334 2400 2385; baseline 0.003 -13"><span class='ocrx_word' id='word_1_492' title='bbox 1430 2346 1516 2372; x_wconf 90' lang='lat' dir='ltr'>rum</span> <span class='ocrx_word' id='word_1_493' title='bbox 1547 2346 1727 2373; x_wconf 81' lang='lat' dir='ltr'>cessasse</span> <span class='ocrx_word' id='word_1_494' title='bbox 1765 2334 1968 2385; x_wconf 85' lang='lat' dir='ltr'>productis</span> <span class='ocrx_word' id='word_1_495' title='bbox 1999 2334 2248 2374; x_wconf 88' lang='lat' dir='ltr'>documentis</span> <span class='ocrx_word' id='word_1_496' title='bbox 2277 2335 2400 2376; x_wconf 88' lang='lat' dir='ltr'>idem-</span> 
     </span>
     <span class='ocr_line' id='line_1_87' title="bbox 1430 2396 2287 2449; baseline 0.001 -14"><span class='ocrx_word' id='word_1_497' title='bbox 1430 2399 1572 2435; x_wconf 74' lang='lat' dir='ltr'>Saxius</span> <span class='ocrx_word' id='word_1_498' title='bbox 1594 2397 1852 2436; x_wconf 85' lang='lat' dir='ltr'>demonstrat.</span> <span class='ocrx_word' id='word_1_499' title='bbox 1878 2399 1980 2447; x_wconf 82' lang='lat' dir='ltr'>Lege</span> <span class='ocrx_word' id='word_1_500' title='bbox 2000 2396 2090 2436; x_wconf 87' lang='lat' dir='ltr'>ibid.</span> <span class='ocrx_word' id='word_1_501' title='bbox 2114 2408 2199 2449; x_wconf 82' lang='lat' dir='ltr'>pag.</span> <span class='ocrx_word' id='word_1_502' title='bbox 2224 2398 2287 2436; x_wconf 71' lang='lat'>94.</span> 
     </span>
    </p>

    <p class='ocr_par' dir='ltr' id='par_1_13' title="bbox 1424 2457 2381 2809">
     <span class='ocr_line' id='line_1_88' title="bbox 1481 2457 2381 2511; baseline 0.001 -14"><span class='ocrx_word' id='word_1_503' title='bbox 1481 2458 1728 2498; x_wconf 65' lang='lat' dir='ltr'>ANTONIVS</span> <span class='ocrx_word' id='word_1_504' title='bbox 1743 2460 1773 2498; x_wconf 94' lang='lat' dir='ltr'><em>Z</em></span> <span class='ocrx_word' id='word_1_505' title='bbox 1778 2470 1846 2497; x_wconf 80' lang='lat' dir='ltr'>eno</span> <span class='ocrx_word' id='word_1_506' title='bbox 1862 2457 2043 2508; x_wconf 84' lang='lat' dir='ltr'>Policola,</span> <span class='ocrx_word' id='word_1_507' title='bbox 2055 2459 2244 2509; x_wconf 89' lang='lat' dir='ltr'>Venetus,</span> <span class='ocrx_word' id='word_1_508' title='bbox 2259 2459 2381 2511; x_wconf 89' lang='lat' dir='ltr'>scrip-</span> 
     </span>
     <span class='ocr_line' id='line_1_89' title="bbox 1428 2519 2381 2572; baseline 0.002 -14"><span class='ocrx_word' id='word_1_509' title='bbox 1428 2521 1479 2558; x_wconf 85' lang='lat' dir='ltr'>sit</span> <span class='ocrx_word' id='word_1_510' title='bbox 1519 2520 1568 2560; x_wconf 86' lang='lat' dir='ltr'>de</span> <span class='ocrx_word' id='word_1_511' title='bbox 1615 2525 1754 2560; x_wconf 87' lang='lat' dir='ltr'>natura</span> <span class='ocrx_word' id='word_1_512' title='bbox 1793 2521 1984 2567; x_wconf 87' lang='lat' dir='ltr'>humana,</span> <span class='ocrx_word' id='word_1_513' title='bbox 2027 2524 2068 2559; x_wconf 85' lang='lat' dir='ltr'>et</span> <span class='ocrx_word' id='word_1_514' title='bbox 2107 2519 2156 2560; x_wconf 87' lang='lat' dir='ltr'>de</span> <span class='ocrx_word' id='word_1_515' title='bbox 2188 2521 2381 2572; x_wconf 75' lang='lat' dir='ltr'>Embryo&#39;-</span> 
     </span>
     <span class='ocr_line' id='line_1_90' title="bbox 1428 2582 2379 2634; baseline 0.003 -13"><span class='ocrx_word' id='word_1_516' title='bbox 1428 2595 1492 2631; x_wconf 81' lang='lat' dir='ltr'>ne,</span> <span class='ocrx_word' id='word_1_517' title='bbox 1517 2583 1564 2623; x_wconf 90' lang='lat' dir='ltr'>ad</span> <span class='ocrx_word' id='word_1_518' title='bbox 1586 2584 1776 2622; x_wconf 87' lang='lat' dir='ltr'>Senatum</span> <span class='ocrx_word' id='word_1_519' title='bbox 1797 2582 2067 2634; x_wconf 90' lang='lat' dir='ltr'>populumque</span> <span class='ocrx_word' id='word_1_520' title='bbox 2080 2583 2290 2627; x_wconf 79' lang='lat' dir='ltr'>Venatum,</span> <span class='ocrx_word' id='word_1_521' title='bbox 2305 2583 2379 2624; x_wconf 87' lang='lat' dir='ltr'>Ve-</span> 
     </span>
     <span class='ocr_line' id='line_1_91' title="bbox 1427 2644 2378 2696; baseline 0 -12"><span class='ocrx_word' id='word_1_522' title='bbox 1427 2647 1542 2685; x_wconf 79' lang='lat' dir='ltr'>netiis</span> <span class='ocrx_word' id='word_1_523' title='bbox 1566 2646 1684 2696; x_wconf 78' lang='grc'>1491,</span> <span class='ocrx_word' id='word_1_524' title='bbox 1710 2646 1731 2683; x_wconf 78' lang='grc'>1</span> <span class='ocrx_word' id='word_1_525' title='bbox 1757 2647 1849 2683; x_wconf 89' lang='lat' dir='ltr'>item</span> <span class='ocrx_word' id='word_1_526' title='bbox 1871 2644 1989 2683; x_wconf 90' lang='lat' dir='ltr'>libros</span> <span class='ocrx_word' id='word_1_527' title='bbox 2009 2649 2181 2696; x_wconf 87' lang='lat' dir='ltr'>septem,</span> <span class='ocrx_word' id='word_1_528' title='bbox 2199 2645 2378 2685; x_wconf 86' lang='lat' dir='ltr'>Planeta-</span> 
     </span>
     <span class='ocr_line' id='line_1_92' title="bbox 1425 2706 2379 2758; baseline 0.001 -12"><span class='ocrx_word' id='word_1_529' title='bbox 1425 2720 1512 2747; x_wconf 90' lang='lat' dir='ltr'>rum</span> <span class='ocrx_word' id='word_1_530' title='bbox 1552 2707 1775 2747; x_wconf 89' lang='lat' dir='ltr'>nominibus</span> <span class='ocrx_word' id='word_1_531' title='bbox 1799 2708 2022 2758; x_wconf 86' lang='lat' dir='ltr'>inscriptos,</span> <span class='ocrx_word' id='word_1_532' title='bbox 2046 2706 2095 2746; x_wconf 89' lang='lat' dir='ltr'>de</span> <span class='ocrx_word' id='word_1_533' title='bbox 2118 2707 2278 2758; x_wconf 88' lang='lat' dir='ltr'>reliquis</span> <span class='ocrx_word' id='word_1_534' title='bbox 2306 2707 2379 2747; x_wconf 88' lang='lat' dir='ltr'>hu-</span> 
     </span>
     <span class='ocr_line' id='line_1_93' title="bbox 1424 2767 2162 2809; baseline 0 -1"><span class='ocrx_word' id='word_1_535' title='bbox 1424 2781 1562 2809; x_wconf 89' lang='lat' dir='ltr'>manae</span> <span class='ocrx_word' id='word_1_536' title='bbox 1586 2771 1690 2809; x_wconf 85' lang='lat' dir='ltr'>vitae</span> <span class='ocrx_word' id='word_1_537' title='bbox 1713 2769 1920 2809; x_wconf 82' lang='lat' dir='ltr'>aetatibus.</span> <span class='ocrx_word' id='word_1_538' title='bbox 1945 2767 2162 2808; x_wconf 78' lang='lat' dir='ltr'>Sanderus.</span> 
     </span>
    </p>

    <p class='ocr_par' dir='ltr' id='par_1_14' title="bbox 1421 2829 2376 3057">
     <span class='ocr_line' id='line_1_94' title="bbox 1477 2829 2376 2880; baseline -0.001 -11"><span class='ocrx_word' id='word_1_539' title='bbox 1477 2833 1617 2871; x_wconf 79' lang='lat' dir='ltr'>Petrus</span> <span class='ocrx_word' id='word_1_540' title='bbox 1646 2830 1958 2872; x_wconf 85' lang='lat' dir='ltr'>APOLLONIUS</span> <span class='ocrx_word' id='word_1_541' title='bbox 1983 2829 2188 2878; x_wconf 81' lang='lat' dir='ltr'>Collatius,</span> <span class='ocrx_word' id='word_1_542' title='bbox 2213 2830 2376 2880; x_wconf 84' lang='lat' dir='ltr'>presby-</span> 
     </span>
     <span class='ocr_line' id='line_1_95' title="bbox 1422 2892 2374 2943; baseline -0.002 -10"><span class='ocrx_word' id='word_1_543' title='bbox 1422 2899 1482 2933; x_wconf 89' lang='lat' dir='ltr'>ter</span> <span class='ocrx_word' id='word_1_544' title='bbox 1505 2895 1755 2933; x_wconf 71' lang='lat' dir='ltr'>Novariensis</span> <span class='ocrx_word' id='word_1_545' title='bbox 1790 2895 1894 2933; x_wconf 87' lang='lat' dir='ltr'>circa</span> <span class='ocrx_word' id='word_1_546' title='bbox 1916 2892 1990 2933; x_wconf 88' lang='lat' dir='ltr'>An.</span> <span class='ocrx_word' id='word_1_547' title='bbox 2015 2893 2057 2932; x_wconf 92' lang='lat' dir='ltr'>C.</span> <span class='ocrx_word' id='word_1_548' title='bbox 2083 2892 2177 2932; x_wconf 76' lang='grc'>1181</span> <span class='ocrx_word' id='word_1_549' title='bbox 2207 2893 2374 2943; x_wconf 85' lang='lat' dir='ltr'>scriptor</span> 
     </span>
     <span class='ocr_line' id='line_1_96' title="bbox 1421 2953 2372 3007; baseline 0 -13"><span class='ocrx_word' id='word_1_550' title='bbox 1421 2958 1619 2996; x_wconf 91' lang='lat' dir='ltr'>variorum</span> <span class='ocrx_word' id='word_1_551' title='bbox 1644 2960 1882 3007; x_wconf 75' lang='lat' dir='ltr'>poematum,</span> <span class='ocrx_word' id='word_1_552' title='bbox 1896 2955 1944 2994; x_wconf 85' lang='lat' dir='ltr'>de</span> <span class='ocrx_word' id='word_1_553' title='bbox 1959 2954 2103 3006; x_wconf 88' lang='lat' dir='ltr'>quibus</span> <span class='ocrx_word' id='word_1_554' title='bbox 2115 2953 2195 2992; x_wconf 88' lang='lat' dir='ltr'>dixi</span> <span class='ocrx_word' id='word_1_555' title='bbox 2215 2954 2254 2992; x_wconf 92' lang='lat' dir='ltr'>in</span> <span class='ocrx_word' id='word_1_556' title='bbox 2277 2954 2372 2994; x_wconf 89' lang='lat' dir='ltr'>Bibl.</span> 
     </span>
     <span class='ocr_line' id='line_1_97' title="bbox 1422 3018 1689 3057; baseline 0 0"><span class='ocrx_word' id='word_1_557' title='bbox 1422 3020 1557 3057; x_wconf 89' lang='lat' dir='ltr'>Latina</span> <span class='ocrx_word' id='word_1_558' title='bbox 1581 3019 1630 3057; x_wconf 94' lang='lat' dir='ltr'>IV</span> <span class='ocrx_word' id='word_1_559' title='bbox 1653 3018 1689 3057; x_wconf 75' lang='lat'>2.</span> 
     </span>
    </p>

    <p class='ocr_par' dir='ltr' id='par_1_15' title="bbox 1419 3076 2372 3376">
     <span class='ocr_line' id='line_1_98' title="bbox 1472 3076 2372 3126; baseline -0.003 -7"><span class='ocrx_word' id='word_1_560' title='bbox 1472 3080 1686 3121; x_wconf 77' lang='lat' dir='ltr'>APONIUS</span> <span class='ocrx_word' id='word_1_561' title='bbox 1709 3078 1750 3117; x_wconf 82' lang='lat' dir='ltr'>in</span> <span class='ocrx_word' id='word_1_562' title='bbox 1774 3078 1954 3126; x_wconf 80' lang='lat' dir='ltr'>Cantica,</span> <span class='ocrx_word' id='word_1_563' title='bbox 1978 3078 2122 3116; x_wconf 87' lang='lat' dir='ltr'>citatur</span> <span class='ocrx_word' id='word_1_564' title='bbox 2144 3076 2192 3116; x_wconf 90' lang='lat' dir='ltr'>ab</span> <span class='ocrx_word' id='word_1_565' title='bbox 2214 3079 2372 3116; x_wconf 88' lang='lat' dir='ltr'>auctore</span> 
     </span>
     <span class='ocr_line' id='line_1_99' title="bbox 1419 3137 2371 3181; baseline -0.002 -2"><span class='ocrx_word' id='word_1_566' title='bbox 1419 3143 1567 3181; x_wconf 87' lang='lat' dir='ltr'>veteris</span> <span class='ocrx_word' id='word_1_567' title='bbox 1589 3141 1828 3180; x_wconf 87' lang='lat' dir='ltr'>collectionis</span> <span class='ocrx_word' id='word_1_568' title='bbox 1867 3139 1915 3177; x_wconf 87' lang='lat' dir='ltr'>de</span> <span class='ocrx_word' id='word_1_569' title='bbox 1945 3137 2161 3178; x_wconf 85' lang='lat' dir='ltr'>virtutibus</span> <span class='ocrx_word' id='word_1_570' title='bbox 2197 3142 2237 3177; x_wconf 86' lang='lat' dir='ltr'>et</span> <span class='ocrx_word' id='word_1_571' title='bbox 2266 3139 2371 3177; x_wconf 88' lang='lat' dir='ltr'>vitiis</span> 
     </span>
     <span class='ocr_line' id='line_1_100' title="bbox 1419 3198 2372 3255; baseline -0.005 -12"><span class='ocrx_word' id='word_1_572' title='bbox 1419 3204 1521 3255; x_wconf 89' lang='lat' dir='ltr'>apud</span> <span class='ocrx_word' id='word_1_573' title='bbox 1546 3203 1807 3243; x_wconf 85' lang='lat' dir='ltr'>Mabillonium</span> <span class='ocrx_word' id='word_1_574' title='bbox 1846 3200 1907 3239; x_wconf 83' lang='lat' dir='ltr'>sol.</span> <span class='ocrx_word' id='word_1_575' title='bbox 1947 3200 2008 3240; x_wconf 74' lang='lat'>62.</span> <span class='ocrx_word' id='word_1_576' title='bbox 2049 3198 2226 3239; x_wconf 86' lang='lat' dir='ltr'>Analect.</span> <span class='ocrx_word' id='word_1_577' title='bbox 2256 3203 2296 3238; x_wconf 88' lang='lat' dir='ltr'>et</span> <span class='ocrx_word' id='word_1_578' title='bbox 2323 3199 2372 3238; x_wconf 85' lang='lat' dir='ltr'>ab</span> 
     </span>
     <span class='ocr_line' id='line_1_101' title="bbox 1419 3260 2372 3317; baseline -0.003 -13"><span class='ocrx_word' id='word_1_579' title='bbox 1419 3265 1634 3317; x_wconf 83' lang='lat' dir='ltr'>Angelomo</span> <span class='ocrx_word' id='word_1_580' title='bbox 1671 3275 1716 3303; x_wconf 88' lang='lat' dir='ltr'>ac</span> <span class='ocrx_word' id='word_1_581' title='bbox 1737 3262 1839 3302; x_wconf 85' lang='lat' dir='ltr'>Beda</span> <span class='ocrx_word' id='word_1_582' title='bbox 1865 3263 1903 3300; x_wconf 90' lang='lat' dir='ltr'>in</span> <span class='ocrx_word' id='word_1_583' title='bbox 1928 3262 2163 3310; x_wconf 84' lang='lat' dir='ltr'>Canticum,</span> <span class='ocrx_word' id='word_1_584' title='bbox 2192 3260 2372 3312; x_wconf 86' lang='lat' dir='ltr'>pluribus</span> 
     </span>
     <span class='ocr_line' id='line_1_102' title="bbox 1421 3319 2370 3376; baseline -0.003 -11"><span class='ocrx_word' id='word_1_585' title='bbox 1421 3327 1524 3366; x_wconf 86' lang='lat' dir='ltr'>locis.</span> <span class='ocrx_word' id='word_1_586' title='bbox 1540 3325 1730 3366; x_wconf 81' lang='lat' dir='ltr'>Libriseae</span> <span class='ocrx_word' id='word_1_587' title='bbox 1740 3323 2116 3366; x_wconf 77' lang='lat' dir='ltr'>Commentariorum</span> <span class='ocrx_word' id='word_1_588' title='bbox 2125 3319 2209 3376; x_wconf 76' lang='lat' dir='ltr'>ejus</span> <span class='ocrx_word' id='word_1_589' title='bbox 2219 3322 2258 3362; x_wconf 81' lang='lat' dir='ltr'>in</span> <span class='ocrx_word' id='word_1_590' title='bbox 2268 3322 2370 3364; x_wconf 78' lang='lat' dir='ltr'>Can-</span> 
     </span>
    </p>
   </div>
  </div>
 </body>
</html>
