2500 3841
911 194 1365 235 BERNARDUS

130 290 135 303 v
191 268 508 318 BERNARDUS,
529 267 675 307 Comes
692 267 874 317 Bigorrac
887 267 984 308 Vide
1005 267 1102 307 Lab-

134 336 196 374 bei
231 332 495 374 Bibliothecae
517 347 519 349 ¹
540 341 667 369 novae
694 330 801 370 MSS.
846 335 1001 370 tomum
1038 332 1098 380 11,

139 408 226 448 pag.
252 396 343 436 748.

185 457 485 498 BERNARDUS
507 456 557 495 de
585 457 861 495 Montemirato
884 456 1097 506 Presbyter

134 518 472 572 Compostellanus
490 548 498 567 ‚
520 520 628 558 Juris
651 519 841 558 Canonici
871 519 1011 569 peritia
1033 529 1098 556 ce-

132 583 254 622 lebris
276 586 317 621 et
349 581 453 633 apud
492 582 771 620 Innocentium
793 580 842 619 IV
880 581 1096 631 gratiosus,

130 646 236 684 circa
259 643 425 684 Annum
450 644 551 683 4250
576 643 625 682 de
647 643 765 694 cujus
789 644 994 691 Lecturis,
1012 643 1098 681 sive

132 708 441 748 Commentariis
464 711 505 746 et
528 706 698 746 Casibus
718 707 757 744 in
777 706 897 745 libros
916 707 1101 745 Decreta-

132 769 230 809 IIum
249 773 290 808 et
327 770 646 810 Constitutiones
683 767 880 819 quasdam
915 772 1101 807 extrava-

131 835 299 883 gantes,
333 831 426 871 vide
449 831 654 871 Oudinum
688 835 783 869 tom.
810 832 882 880 III,
906 843 993 882 pag.
1023 831 1100 870 246

132 897 174 932 61
208 893 413 934 Edmundi
450 896 626 934 Martene
662 892 866 933 Anecdota
895 898 992 932 tom.
1026 893 1101 941 IV,

133 967 224 1008 pag.
248 958 339 996 93⁶2.

189 1018 212 1042 ³*
235 1020 280 1058 In
299 1020 378 1059 MS.
399 1019 485 1058 cod.
506 1019 691 1058 Biblioth.
711 1018 902 1058 Abbatiae
921 1017 1106 1057 Faesula-

136 1092 213 1121 nae
237 1082 424 1123 Canonic.
452 1082 592 1133 Regul.
634 1083 786 1121 servari
818 1081 904 1130 lego
929 1080 1108 1118 Bernar-

136 1142 182 1183 cll
194 1142 372 1196 ylossam
391 1156 515 1196 super
540 1142 793 1193 Decretales,
814 1147 901 1181 tum
926 1146 967 1181 et
989 1143 1029 1180 in
1053 1142 1108 1181 al-

137 1211 224 1246 tero
247 1207 373 1247 eiusd.
399 1207 583 1247 Biblioth.
607 1204 812 1245 Bernardi
838 1215 958 1243 casus
981 1205 1109 1256 supra

139 1269 383 1310 Decretales.
427 1270 538 1317 Quae
573 1269 652 1309 duo
689 1269 849 1307 diversa
879 1279 997 1319 opera
1021 1279 1111 1307 esse

139 1331 352 1380 videntur,
369 1345 443 1373 nec
457 1333 613 1385 uspiam
634 1332 711 1383 legi
730 1331 779 1370 ab
793 1331 876 1370 ‘alio
897 1331 951 1369 ita
971 1330 1111 1369 distin-

142 1395 220 1443 gui.
257 1394 356 1434 Vide
379 1396 665 1435 Pallavicinurn
702 1395 742 1432 in
775 1395 942 1433 Summa
979 1393 1105 1432 eiusd.

141 1457 408 1497 Bibliothecae
429 1457 535 1497 edita
559 1458 783 1498 Florentiae
807 1468 870 1495 an.
896 1456 1011 1495 4752.

192 1518 524 1569 BERNARDUS,
561 1518 902 1571 compostellanus
931 1519 1109 1558 Thesau-

137 1583 293 1632 rariuS,
318 1583 387 1634 qui
409 1581 528 1622 Anno
554 1583 657 1623 1129
695 1583 854 1633 collegit
882 1580 1107 1634 Diplomata

135 1656 385 1684 summorum
395 1645 628 1697 Pontificum
643 1648 683 1684 et
693 1643 953 1697 antiquorum
964 1645 1109 1697 Hispa-

136 1707 228 1747 niae
251 1710 401 1760 Bessum
423 1707 626 1747 Ecclesiae
652 1707 990 1760 compostellanae
1021 1721 1110 1748 con-

141 1781 269 1820 cessa,
287 1782 337 1810 ex
360 1770 507 1821 quibus
531 1771 722 1810 nonnulla
737 1771 919 1821 vulgavit
942 1770 1109 1810 Ambro-

137 1833 222 1872 sius
244 1833 430 1883 Morales,
455 1837 498 1872 ut
513 1834 695 1885 Diploma
717 1835 837 1884 Regis
861 1834 1106 1873 Veremundi

139 1895 186 1934 11.
209 1894 308 1934 Vide
345 1895 574 1946 Hispaniam
614 1896 857 1935 illustratam
897 1897 1020 1935 Tomo
1058 1897 1108 1936 IV

138 1969 226 2010 pag.
252 1958 328 1997 353
351 1961 392 1996 et
414 1958 616 1998 Oudinum
641 1960 750 1998 Tom.
776 1960 828 1998 III
853 1970 941 2010 pag.
963 1960 1054 1999 245.

190 2018 493 2060 BERNARDUS
514 2019 768 2073 Corbejensis
783 2021 1002 2060 Trithemio
1022 2032 1106 2071 cap.

140 2083 218 2122 348
236 2112 245 2130 ,
269 2086 311 2122 et
333 2083 478 2122 illustr.
503 2083 748 2123 Benedictio.
766 2084 800 2122 II
817 2095 902 2135 cap.
922 2085 989 2124 111
1017 2083 1109 2122 vide

139 2144 240 2184 infra
259 2174 268 2194 ,
291 2145 528 2185 Bernarclus
552 2147 677 2186 Samo.

190 2207 510 2259 BERNARDUS,
534 2211 620 2249 sive
643 2208 1002 2250 BERNARDINUS
1026 2210 1110 2249 CO-

138 2268 256 2310 RIUS
274 2271 579 2311 Mediolanensis
597 2304 605 2322 ‚
626 2275 694 2324 qui
717 2273 792 2312 An.
831 2273 933 2312 1499
969 2272 1110 2311 defun-

138 2337 230 2372 ctus
245 2363 255 2383 ,
276 2335 437 2385 reliquit
462 2333 662 2374 Chronica
681 2347 821 2374 rerum
842 2334 1110 2375 Mediolanen-

139 2395 244 2435 sium
259 2427 270 2446 ,
290 2400 331 2435 61
353 2396 460 2436 Vitas
486 2396 711 2436 Caesarum
726 2398 775 2437 ad
792 2399 1009 2437 Henricum
1026 2398 1108 2437 VII.

191 2458 213 2481 *
237 2459 359 2498 Multa
384 2459 448 2497 hic
467 2471 518 2498 ex
538 2471 616 2498 non
638 2461 751 2510 puris
771 2459 946 2499 sontibus
967 2459 1113 2497 hausta

142 2521 392 2571 repurganda
413 2525 521 2560 sunt.
546 2522 689 2561 Corius
714 2523 883 2573 scriptor
915 2525 978 2560 est
1007 2521 1113 2559 Itali-

142 2593 227 2630 cus,
248 2593 327 2620 non
347 2583 526 2631 Latinus,
543 2585 630 2622 sive
646 2585 754 2622 enim
774 2583 1110 2623 Mediolanensem

143 2644 352 2683 historiam
371 2675 379 2694 ,
405 2646 491 2683 sive
512 2646 731 2685 Caesarum
753 2647 859 2684 vitas
893 2645 1028 2683 ltalice
1056 2644 1114 2683 di—

141 2708 278 2758 gessit.
313 2707 386 2746 Illa
419 2708 595 2758 primum
616 2707 760 2758 prodiit
779 2719 842 2746 an.
870 2708 987 2746 1503.
1010 2719 1112 2757 quae

143 2780 241 2808 sane
258 2768 377 2808 editio
394 2768 509 2808 obvia
530 2773 592 2808 est
606 2770 821 2808 rarissime.
839 2770 884 2808 In
900 2769 1006 2808 calce
1022 2781 1113 2821 ope-

143 2834 200 2871 ris
216 2831 323 2871 edita
339 2832 661 2872 suntCaesarum
671 2832 900 2881 vitae,quae
917 2831 964 2869 ad
981 2843 1109 2883 usque

140 2895 357 2935 Henricum
372 2893 629 2934 VLFriderici
646 2892 865 2932 Aenobarbi
882 2893 1005 2932 filium
1023 2906 1111 2945 per—

143 2957 360 2998 ducuntur.
375 2957 480 2996 Obiit
500 2968 564 2996 an.
581 2956 698 2996 1500.
713 2954 811 2995 Vide
826 2955 1110 3005 Ephem.Eru-

142 3020 259 3070 ditor.
279 3021 414 3060 Italiae
435 3024 464 3058 t.
485 3020 631 3059 XXIII.
654 3019 744 3058 390.
766 3018 828 3066 (38
858 3017 984 3055 Immo
1012 3029 1107 3057 vero

142 3094 208 3122 an.
233 3085 352 3124 1519.
373 3084 480 3122 Zeno
508 3084 612 3122 Voss.
636 3083 683 3120 11.
704 3080 821 3129 ⁶285.)

195 3144 497 3186 BERNARDUS
520 3145 684 3184 Noricus
708 3142 922 3181 Coenobita
959 3141 1110 3181 Cremi-

141 3206 334 3260 fanensis,
344 3207 504 3247 Ordinis
521 3208 560 3247 S.
577 3205 791 3250 Benedicti,
809 3204 968 3254 scripsit
985 3203 1108 3243 Chro-

143 3269 259 3308 meon
273 3269 610 3309 Laureacensium
627 3271 664 3307 et
678 3265 1001 3306 Passaciensimn
1017 3265 1112 3317 Epi-

147 3341 357 3384 scoporum
399 3344 528 3384 usque
566 3331 613 3371 ad
638 3331 798 3371 Annum
826 3328 926 3369 4320
959 3327 1110 3367 editum

2060 190 2138 229 2153

1174 268 1224 307 ab
1239 268 1478 317 Hieronymo
1495 265 1609 304 Pezio
1625 264 1734 303 Toni.
1749 263 1778 302 I.
1796 263 2041 314 Scriptorum
2058 262 2138 300 Au-

1175 331 1409 369 striacorum
1434 340 1522 380 pag.
1548 328 1651 367 1296
1677 336 1751 365 nec
1774 336 1852 364 non
1875 323 1981 363 aliud
2014 322 2138 362 Chro-

1172 391 1287 430 m’con
1308 390 1570 430 Austriacum
1605 389 1795 428 desinens
1816 388 1855 425 in
1878 386 1931 425 A:
1952 386 2055 426 1308
2086 384 2135 423 id.

1172 466 1261 506 pag.
1295 455 1385 492 686.
1758 486 1761 487 ⁷

1222 524 1525 565 BERNARDIJS
1548 521 1741 575 Dapifer,
1769 519 1986 560 Monachus
2013 518 2135 558 Melli—

1171 588 1304 627 censis
1328 588 1366 625 in
1386 585 1549 626 Austria
1573 586 1676 624 circa
1698 583 1860 623 Annum
1883 583 1985 622 1362
2010 581 2134 632 scrip-

1173 651 1226 688 sit
1249 649 1375 690 Vitam
1397 648 1440 686 B.
1467 645 1935 693 GolhalmiMellicensis,
1959 645 2027 694 qui
2044 642 2138 681 Sae-

1173 712 1262 751 culo
1285 712 1340 750 XI
1365 711 1491 758 vixit,
1515 708 1663 748 editam
1688 720 1709 746 a
1734 708 1941 746 Lambecio
1961 707 2073 744 Tom.
2099 703 2135 742 II

1165 785 1260 825 pag.
1283 773 1360 812 618
1384 783 1468 821 seq·
1489 775 1530 810 et
1550 772 1588 808 in
1603 769 1715 808 Actis
1731 770 1966 807 Sanctorum
1983 768 2046 806 26.
2068 768 2136 804 Ju-

1174 836 1214 874 lii
1236 847 1324 887 pag.
1350 834 1426 872 339
1450 837 1491 872 et
1515 832 1718 871 inlaudati
1742 832 1843 870 Pezii
1868 832 1989 868 Tomo
2010 830 2136 881 primo

1179 898 1427 947 Scriptorum
1451 894 1765 933 Austriacorum.

1230 957 1537 998 BERNARDUS
1553 957 1715 1004 Darna,
1739 956 1890 1000 Jews,
1915 952 2060 993 Azouis
2083 953 2141 991 di-

1178 1021 1358 1073 scipulus
1380 1021 1485 1059 circa
1521 1019 1683 1059 Annum
1709 1019 1811 1058 1240
1837 1017 1997 1068 scripsit
2021 1014 2067 1053 cle
2096 1014 2142 1052 li—

1182 1082 1374 1123 bellorum
1406 1080 1745 1134 conceptionibus,
1782 1085 1887 1119 teste
1925 1077 2141 1118 Trithemio

1180 1158 1264 1198 cap.
1292 1148 1381 1186 438.

1234 1209 1545 1259 BERNARDUS,
1567 1209 1743 1258 Scriptor
1757 1207 1790 1245 F
1793 1204 1916 1255 lereti,
1940 1205 2026 1243 sive
2049 1204 2143 1242 Car-

1182 1273 1301 1311 minis
1320 1272 1475 1311 Moralis
1491 1271 1676 1310 versibus
1698 1270 1881 1309 Leoninis
1896 1298 1903 1315 ‚
1921 1267 2027 1319 quod
2050 1268 2143 1305 Ber—

1181 1334 1304 1373 nardo
1328 1334 1633 1373 Claraevallensi
1657 1336 1815 1384 praeter
1838 1342 1923 1369 rem
1946 1329 2140 1368 tributum

1180 1396 1324 1449 prodiit
1340 1400 1428 1447 post
1451 1396 1644 1434 editiones
1661 1394 1785 1445 Lugd.
1803 1394 1905 1433 1494
1922 1422 1930 1440 ,
1958 1393 1978 1430 4
2005 1391 2139 1431 Colon.

1181 1460 1297 1509 1501,
1316 1459 1337 1496 4
1354 1457 1458 1509 apud
1474 1459 1687 1496 Henricum
1704 1455 1905 1504 Qventell‚
1929 1466 2022 1494 cum
2040 1454 2142 1504 glos-

1179 1523 1236 1560 sis
1254 1523 1355 1559 Inter
1372 1523 1556 1559 auctores
1570 1524 1657 1559 octo
1673 1519 1854 1567 morales,
1872 1519 2007 1559 Colon.
2024 1517 2139 1565 1320,

1182 1585 1204 1623 4
1235 1584 1401 1635 Incipit:

1235 1656 1376 1687 Nomine
1398 1654 1548 1687 Floretus
1572 1654 1655 1687 liber
1677 1654 1797 1693 incipit
1820 1652 1861 1684 ad
1884 1651 1971 1684 bona
1997 1655 2148 1692 coeptus.

1178 1738 1181 1741 ,
1236 1709 1370 1746 Semper
1397 1707 1461 1738 erit
1489 1710 1581 1738 tutus
1605 1705 1704 1737 huius
1726 1707 1944 1736 monumenta
1967 1705 2121 1734 secutus.

1181 1769 1252 1807 Hic
1280 1768 1487 1816 Floretus‚
1517 1767 1683 1806 Summa
1711 1763 1935 1815 Tlieoloyiae
1981 1763 2019 1802 S.
2051 1763 2145 1800 Ber-

1183 1830 1338 1880 nhardi,
1356 1841 1478 1881 quam
1496 1828 1696 1866 lohannes
1720 1827 1873 1865 Gerson
1900 1828 2146 1865 commenta-

1182 1895 1238 1932 rio
1263 1894 1502 1941 illustravit,
1527 1891 1619 1930 vide
1649 1895 1801 1928 tomum
1822 1889 1916 1927 XXI
1938 1887 2147 1926 continua-

1182 1956 1301 1994 tionis
1316 1955 1508 1994 Historiae
1522 1954 1674 1993 Eccles.
1692 1952 1941 1997 Fleurianae‚
1956 1953 1996 1987 et
2011 1947 2143 1999 Ephe-

1183 2017 1357 2057 merIdes
1390 2016 1665 2057 Eruditorum.
1687 2015 1807 2054 Paris.
1841 2012 1916 2052 An.
1943 2011 2044 2051 1726
2068 2011 2144 2050 No-

1185 2081 1336 2119 vembr.
1360 2091 1436 2131 pag
1471 2079 1561 2118 418.
1577 2078 1792 2117 Auctorem
1815 2087 1836 2114 6
1859 2073 2060 2115 Bernardo
2078 2084 2147 2111 ex-

1183 2144 1380 2194 cerpsisse
1389 2142 1505 2181 flores
1520 2152 1668 2191 eosque
1684 2139 1868 2178 versibus
1877 2137 2145 2187 complexum,

1184 2210 1224 2244 et
1249 2205 1339 2244 inde
1363 2216 1509 2244 nomen
1526 2203 1671 2242 habere
1695 2200 1867 2250 Floreli‚
1891 2200 2059 2239 Vossius
2083 2209 2149 2238 su-

1185 2269 1363 2319 spicatur
1390 2278 1478 2319 pag.
1502 2265 1553 2304 73
1578 2265 1627 2304 de
1651 2265 1780 2304 Poetis
1803 2263 1966 2302 Latinis.

1238 2329 1493 2370 BERNARDI
1532 2326 1816 2375 floriacensis,
1848 2336 1968 2376 quem
1993 2323 2151 2363 saeculo

1184 2394 1396 2433 undecimo
1415 2391 1528 2442 ajunt
1547 2392 1714 2438 vixisse,
1740 2389 1957 2428 Leoninum
1980 2386 2027 2424 de
2040 2385 2151 2424 eoece'-

1185 2456 1248 2495 dio
1275 2456 1306 2493 T
1302 2455 1414 2507 rojae
1437 2456 1607 2494 Carmen
1623 2452 1838 2491 Goldastus
1854 2452 2026 2501 primum
2045 2449 2148 2485 inter

1187 2518 1328 2558 Ovidio
1354 2521 1512 2567 praeter
1552 2527 1636 2554 rem
1668 2514 1868 2564 adscripta
1902 2511 2042 2550 edidit:
2083 2521 2150 2560 po-

1189 2585 1275 2619 stea
1299 2584 1491 2629 tanquam
1508 2577 1703 2616 ineditum
1719 2575 1906 2615 Barthius
1928 2574 2088 2620 xxxl,
2110 2573 2146 2610 7.

1186 2642 1516 2682 Adversariorum
1538 2640 1623 2677 sine
1649 2639 1805 2675 nomine
1829 2637 2012 2675 auctoris.

1240 2702 1554 2750 BERNARDUS,
1580 2699 1715 2739 Fontis
1744 2697 1865 2736 calidi
1897 2698 2048 2747 AbbaS‚
2078 2698 2149 2736 Or-

1186 2766 1288 2805 dinis
1311 2766 1576 2803 Praemonstr.
1602 2763 1669 2811 qui
1691 2761 1775 2799 Sec.
1793 2761 1866 2800 XII
1886 2765 2023 2798 contra
2041 2759 2148 2798 Wal-

1185 2829 1331 2866 denses
1354 2826 1530 2875 scripsit,
1552 2827 1724 2862 testatus
1748 2834 1815 2860 eos
1835 2833 1857 2860 a
1883 2823 1999 2860 Lucio
2017 2823 2148 2860 Ponti-

1184 2891 1272 2939 fice‚
1292 2893 1332 2928 et
1355 2900 1377 2927 a
1392 2886 1660 2927 BERNARDO
1681 2885 1986 2935 Archiepiscopo
2001 2884 2146 2922 Narbo-

1184 2952 1297 2991 nensi
1318 2950 1614 2989 condemnatos.
1635 2947 1769 2987 Edidit
1792 2957 1883 2985 cum
1906 2945 2082 2986 Ebrardo
2106 2951 2146 2984 et

1181 3011 1452 3064 Ermengardo
1501 3011 1672 3050 Jacobus
1720 3011 1932 3049 (Iretserus
1981 3008 2142 3059 lngolst.

1184 3076 1309 3123 1614,
1342 3075 1363 3113 4
1394 3073 1499 3113 undc
1528 3084 1696 3113 recusus
1732 3077 1826 3110 toni.
1857 3071 1999 3111 XXIV.
2046 3071 2142 3110 Bibl.

1183 3141 1343 3178 Patrum
1368 3136 1460 3174 edit.
1487 3136 1608 3187 Lugd.
1629 3148 1664 3187 p.
1692 3136 1805 3175 4585.

1238 3199 1537 3239 BERNARDUS
1575 3210 1594 3236 e
1631 3199 1663 3236 F
1667 3196 1908 3245 rctnclioven,
1953 3197 2056 3239 sive,
2097 3202 2141 3236 ut

1185 3265 1214 3304 T
1220 3262 1401 3302 rithemio
1416 3266 1456 3300 et
1471 3261 1743 3313 Eysengrenio
1758 3259 2078 3300 REINIIARDL'S
2093 3260 2142 3298 de

1188 3325 1448 3377 lsrontleozwn,
1478 3323 1638 3364 Ordinis
1675 3323 2011 3374 l‘raedicatorum,
2041 3324 2143 3363 Scri-
