2500 3841
957 237 1338 279 ANTONIUS

205 308 225 330 ³*
249 307 357 346 Vatis
382 306 500 346 huius
518 308 692 347 carmina
716 308 910 359 quaedam
930 311 1104 351 nondum

151 370 190 408 in
215 369 343 409 lucem
364 369 561 420 publicam
590 374 784 421 protracta
822 371 982 423 vulgata
1011 377 1106 412 sunt

155 442 232 470 non
263 435 355 470 ante
385 432 533 470 multos
554 443 687 471 annos
714 433 889 472 Venetiis
912 446 974 473 an.
1005 434 1104 474 1740

149 494 189 531 in
207 494 324 544 priori
346 493 423 532 vol.
447 505 510 545 op.
530 493 964 545 inscriptiMiseellanea
984 495 1027 535 cli
1038 508 1107 535 va-

149 554 209 594 rie
231 558 411 607 operette.

203 618 266 666 (16
286 619 395 657 Vitas
410 618 557 659 Christi
573 623 612 658 et
629 619 828 670 Deiparae,
850 623 892 659 ut
915 621 988 659 alia
1011 620 1106 660 Cor-

149 679 301 718 nazani
336 681 480 731 scripta
526 682 685 719 Latinos
727 682 862 720 titulos
910 683 1105 733 praesefe-

153 742 293 790 rentia,
317 753 394 781 non
412 743 549 782 Latine
569 741 638 782 sed
655 744 870 782 vernaculo
889 755 960 783 seu
978 745 1104 783 italico

148 802 332 843 idiomate
353 815 443 843 esse
475 810 657 844 exaratas
675 809 738 844 est
770 809 811 844 et
843 810 928 844 erat
943 806 1105 844 subiun-

146 864 332 916 gendum.
365 864 465 906 Vide
501 867 669 918 Poggiali
699 868 756 907 St.
792 869 936 906 Letter.
966 867 1005 905 di
1021 868 1105 906 Pia-

147 938 281 968 cenza.
301 930 491 968 Placenza
515 928 615 969 1779
637 934 663 967 t.
689 930 703 968 Ι
725 941 760 980 p.
786 929 847 968 87.
870 930 879 977 )

200 990 221 1013 ³⁸⁵
239 989 491 1031 ANTONIUS
527 993 717 1031 Corsetus
745 992 895 1031 siculus
916 993 950 1029 J.
984 991 1026 1029 U.
1056 992 1099 1029 D.

147 1057 188 1092 et
210 1054 410 1092 Professor
427 1054 582 1094 Paduae
601 1054 782 1103 florebat,
812 1057 915 1092 teste
945 1054 1104 1091 Mantua

148 1115 187 1153 in
206 1116 360 1168 elogiis,
383 1118 487 1156 circa
505 1129 566 1156 an.
590 1117 703 1157 1489.
723 1117 766 1154 ln
784 1114 916 1154 codice
931 1113 1101 1165 quodam

147 1178 410 1218 Bibliothecae
429 1180 549 1218 Felini
570 1180 760 1229 impresso
781 1177 877 1215 haec
905 1176 1101 1226 leguntur.

146 1239 308 1280 Antonii
329 1241 500 1282 Corsieti
511 1239 638 1280 Siculi
649 1241 668 1278 J
674 1241 755 1279 uris
767 1240 973 1289 utriusque
990 1237 1104 1277 scho-

148 1305 242 1344 laris
263 1305 302 1343 in
323 1304 452 1343 studio
485 1303 719 1342 Bononiensi
739 1301 951 1352 singularia
970 1312 1015 1339 ac
1035 1312 1104 1339 no-

148 1367 281 1406 tabilia
326 1366 430 1405 dicta
467 1365 517 1405 ad
557 1365 938 1404 excellentissimum
975 1362 1101 1413 juris,

147 1430 354 1479 utriusque
391 1427 645 1466 monarcham
685 1426 940 1466 Consiculum
981 1427 1100 1477 vulgo

145 1491 380 1531 Barbaceam
416 1491 455 1528 in
477 1490 538 1529 fol.
570 1491 607 1528 in
639 1489 755 1528 domo
795 1488 1024 1528 Baldaxaris
1052 1489 1100 1528 de

143 1552 356 1605 Azoguidis
383 1553 641 1591 Bononiensis
661 1553 760 1591 civis
786 1550 898 1591 1477.
928 1550 989 1591 Ab
1016 1553 1100 1603 ipso

141 1619 274 1655 autem
290 1615 424 1655 Felino
436 1614 647 1655 adnotatur
667 1615 706 1653 in
730 1615 921 1666 margine:
947 1614 1099 1666 ineepta

142 1675 356 1716 cumulatio
383 1688 522 1716 rerum
550 1676 748 1715 tritarum.
779 1676 969 1716 Eiusdem
997 1677 1100 1715 ordi-

144 1740 294 1779 nariam
311 1738 412 1790 juris
432 1739 623 1778 Pontificii
647 1740 816 1790 legentis
831 1741 868 1777 ln
885 1738 1098 1778 Academia

136 1801 321 1841 Paduana
341 1804 537 1840 tractatus
559 1801 614 1840 ad
630 1805 757 1840 status
774 1812 1001 1852 pauperum
1017 1801 1096 1839 FF.

140 1866 394 1904 Jesuatorum
425 1863 772 1913 confirmationem,
790 1875 868 1914 quo
888 1863 1019 1903 firmat
1039 1875 1099 1901 re-

139 1927 317 1978 ligiosam
355 1937 493 1966 eorum
529 1926 836 1977 professionem,
873 1927 1095 1976 asseritque

142 1990 217 2029 frui
250 1989 336 2028 illos
358 1988 542 2027 omnibus
566 1987 738 2038 juribus,
762 2000 864 2038 quae
893 1987 1094 2028 ordinibus

140 2052 227 2091 aliis
248 2052 439 2103 religiosis
461 2062 650 2089 concessa
665 2055 771 2090 sunt.
792 2052 943 2090 Extant
959 2053 996 2090 in
1017 2052 1094 2091 fine

140 2114 275 2153 Bullae
299 2113 533 2152 Pontificum
556 2124 626 2164 pro
648 2113 840 2164 religiosis
863 2114 938 2155 illis
967 2113 1093 2161 datae,

137 2187 307 2227 quarum
337 2177 462 2227 prima
502 2180 565 2214 est
587 2176 740 2215 Martini
764 2176 796 2215 V
820 2176 997 2216 succedit
1015 2177 1095 2216 Eu-

135 2239 238 2289 genii
257 2239 319 2287 IV,
340 2238 538 2287 NicolaiV,
555 2238 611 2277 Pii
626 2238 673 2285 ΙΙ,
690 2238 784 2277 Sisti
802 2239 1092 2287 lV‚lnnocentii

136 2300 223 2339 VIII
247 2304 288 2339 et
310 2299 525 2339 Alexandri
547 2300 597 2339 VI
621 2299 767 2338 Prodiit
781 2311 880 2351 opus
897 2300 1093 2353 istud‘Ve-

93 2353 96 2357 ⁸
136 2363 253 2402 netiis
272 2374 321 2402 an
344 2363 446 2402 1495
467 2364 506 2400 in
531 2363 564 2400 4.

190 2424 380 2464 Eiusdem
415 2423 602 2475 Repetitio
632 2423 824 2464 rubricae
853 2424 900 2464 cle
930 2427 1091 2479 jureju-

135 2484 262 2524 rando
283 2487 421 2525 Venet.
448 2487 548 2525 1490
574 2487 635 2525 fol.

187 2547 376 2586 Eiusdem
408 2547 677 2599 Repertorium
709 2549 749 2587 in
782 2562 900 2602 opera
922 2549 1088 2590 Abbatis

134 2619 222 2646 cum
248 2607 443 2646 nonnullis
467 2608 507 2646 in
526 2609 661 2647 eadem
696 2612 867 2649 materia
894 2612 1091 2651 consimili

134 2669 293 2709 insertis
313 2670 373 2708 fol.
394 2681 456 2708 an.
483 2671 584 2709 1486
608 2672 693 2710 sine
716 2673 799 2710 loci.
820 2673 1082 2714 adnotatione.

184 2731 299 2771 Dedit
311 2732 428 2770 etiam
445 2731 649 2770 consilium
667 2744 785 2784 super
800 2737 964 2774 tuitione
979 2738 1086 2775 Mon-

130 2796 182 2833 tis
205 2795 375 2845 pietatis,
400 2798 503 2833 testo
526 2795 683 2833 Mantua
705 2796 742 2832 in
763 2798 932 2846 epitome
966 2801 1081 2838 viror.

128 2856 352 2896 illustrium.
382 2856 514 2895 Paruit
554 2866 648 2894 vero
678 2856 772 2895 illud
803 2859 840 2895 in
880 2859 901 2896 4
931 2859 1080 2901 editum

131 2919 308 2958 Venetiis
329 2929 392 2956 an.
424 2918 538 2958 1498.

178 2980 428 3021 ANTONIUS
455 2979 504 3019 de
529 2979 739 3029 Cremona,
769 2980 926 3020 Ordinis
962 2985 1081 3024 Mino-

126 3054 232 3092 rum,
260 3041 375 3093 cujus
409 3041 760 3093 Quadraqestmale
800 3055 821 3082 e
858 3043 1079 3098 Waddingo

126 3105 298 3156 cangius
319 3110 522 3144 memorat.

175 3166 425 3207 ANTONIUS
454 3167 503 3206 de
533 3167 731 3218 Cucliaro,
755 3167 912 3206 Ordinis
941 3170 1073 3209 Minor.

122 3228 254 3268 clarus
275 3230 378 3268 circa
399 3229 560 3270 Annum
581 3231 682 3270 1500
699 3231 856 3281 scripsit
888 3229 1074 3271 Elueida-

122 3289 228 3330 rium
242 3290 288 3330 de
305 3292 556 3344 Conceptione
566 3294 708 3332 Beatae
721 3292 890 3344 Viryinis
904 3294 1070 3334 Mariae.

88 3345 90 3348 ¹
173 3351 424 3395 ANTONIUS
451 3356 736 3397 Constantinus
759 3356 804 3397 cle
828 3360 952 3407 Fano,
984 3359 1068 3398 sive

2055 242 2130 282 117

1178 311 1390 362 Fanensis,
1412 313 1449 351 in
1473 311 1601 352 Ovidii
1622 314 1742 352 fastos
1765 313 1939 364 scripsit,
1957 313 2133 353 Venetiis

1180 374 1281 413 ⁴502
1307 375 1368 414 fol.
1385 375 1446 414 Ex
1461 374 1549 426 ejus
1565 374 1741 428 Epistola
1754 375 1801 416 de
1817 373 2136 428 camelopardali

1177 435 1226 475 ad
1274 437 1495 477 Galeottam
1532 438 1777 478 manfredum
1822 439 2131 477 Faventinorum

1176 499 1412 550 Principem,
1435 499 1526 539 data
1546 502 1637 539 Fani
1663 501 1765 540 1487
1788 501 1901 552 plura
1935 502 2134 552 excerpsit

1176 561 1394 601 Bochartus
1432 562 1495 600 lib.
1517 563 1540 600 3
1564 562 1768 602 hierozoici
1798 575 1881 615 cap.
1921 564 1964 603 2⁴
2000 563 2132 603 addito

1176 623 1295 662 etiam
1339 622 1518 673 ejusdem
1565 624 1614 662 ad
1660 627 1914 666 Laurentium
1943 627 2131 666 Medicem

1176 684 1484 735 Epiyrammate.

1229 745 1480 786 ANTONIUS
1514 757 1536 785 Ε
1573 747 1771 799 FANTIS,
1795 752 2038 800 Tarvisinus,
2062 751 2134 790 Or-

1175 806 1278 845 dinis
1299 808 1510 858 Minorum,
1524 814 1681 860 praeter
1702 821 1899 851 sermones
1913 813 1961 851 de
1977 814 2133 852 Sanctis

1178 870 1338 920 scripsit
1362 870 1654 910 commentaria
1676 871 1717 910 in
1733 872 1911 924 primum
1934 878 1971 912 et
1996 886 2133 914 secun-

1182 930 1276 969 dum
1296 932 1580 972 sententiarum
1602 934 1721 983 δεθείς
1746 934 1852 974 edita
1874 936 1995 985 Lugd.
2015 937 2132 988 1530,

1178 993 1199 1031 4
1237 997 1278 1032 61
1318 995 1431 1033 Mare
1461 1007 1647 1046 maynum
1682 996 1856 1036 Scoticae
1892 996 2130 1038 subtilitatis.

1175 1054 1366 1106 Ejusdem
1382 1058 1589 1108 speculum
1609 1059 1820 1109 Spirituale
1839 1060 2044 1109 rationale,
2060 1060 2133 1098 Ve—

1176 1119 1294 1157 netiis
1317 1119 1419 1158 1546
1443 1120 1542 1159 folio.
1567 1120 1664 1160 Vide
1687 1121 1955 1173 Waddingum
1978 1133 2064 1173 pag.
2082 1123 2132 1162 32

1175 1181 1271 1219 Bibl.
1291 1181 1426 1220 Ordin.
1452 1184 1590 1222 minor.
1615 1187 1655 1222 et
1684 1185 1896 1224 Henricum
1926 1185 2063 1224 Willot
2092 1186 2129 1223 in

1175 1242 1342 1283 Athenis
1364 1245 1544 1295 ejusdem
1568 1246 1727 1284 ordinis.

1226 1306 1477 1347 ANTONIUS
1499 1310 1650 1359 FIDEI,
1675 1309 1947 1360 FlorentinUS,
1972 1311 2132 1351 Carme-

1174 1369 1259 1417 lita,
1294 1370 1515 1422 Episcopus
1539 1372 1588 1410 ab
1610 1371 1656 1410 A.
1683 1373 1784 1412 1414
1808 1372 1856 1411 ad
1889 1373 2001 1412 1433.
2034 1374 2132 1413 Sua-

1174 1432 1311 1470 nensis
1335 1433 1491 1482 (Soana
1514 1434 1588 1472 sub
1614 1433 1917 1486 Archiepiscopo
1941 1436 2129 1485 Senensi)

1173 1495 1331 1545 scripsit
1354 1495 1602 1546 quaestiones
1645 1495 1884 1548 Theoloyiae,
1909 1498 2051 1537 librum
2081 1499 2130 1538 de

1173 1555 1249 1595 fide
1266 1557 1483 1608 Catholica,
1497 1562 1538 1597 et
1561 1558 1609 1598 ad
1624 1559 1778 1610 plebem
1795 1562 2014 1599 conciones.
2031 1561 2129 1600 Vide

1170 1619 1319 1658 Julium
1342 1621 1507 1671 Nigrum
1531 1621 1579 1660 de
1600 1622 1865 1672 Scriptoribus
1894 1623 2130 1662 Florentinis

1170 1692 1207 1732 p.
1238 1683 1300 1721 59.

1223 1743 1426 1784 ANTONII
1442 1746 1620 1797 Funccii,
1645 1758 1765 1797 quam
1779 1759 1864 1799 pag.
1883 1748 1957 1787 179
1981 1760 2130 1787 memo-

1171 1810 1231 1844 rat
1254 1806 1475 1856 Sanderus,
1499 1809 1757 1860 chronologia
1779 1810 1828 1848 ab
1849 1810 1952 1850 Orbe
1971 1812 2127 1850 condito

1171 1868 1279 1907 nulla
1302 1869 1390 1919 fuit,
1415 1881 1506 1908 nam
1527 1871 1767 1910 Possevinus
1786 1872 1834 1910 ad
1854 1884 1973 1922 quem
1989 1885 2128 1924 provo-

1169 1934 1233 1969 cat
1256 1932 1360 1969 XIII.
1387 1932 1409 1969 6
1439 1933 1701 1971 Bibliothecae
1726 1934 1917 1983 Selectae,
1951 1935 2126 1986 loquitur

1167 1990 1216 2030 de
1231 1990 1391 2031 Antonii
1403 1994 1530 2033 Contii
1549 1995 1752 2034 Chronicis
1768 1997 2006 2047 Canonibus,
2025 2009 2125 2048 quos

1166 2054 1325 2105 Corpori
1347 2057 1454 2095 Juris
1478 2058 1614 2096 Civilis
1629 2058 1691 2096 ille
1706 2058 1902 2109 adjunxit,
1923 2064 1963 2097 et
1981 2061 2019 2098 in
2041 2062 2126 2110 qui-

1166 2117 1241 2156 bus
1264 2119 1318 2157 ait
1341 2120 1500 2158 Funccii
1524 2119 1824 2171 Chronologiam
1852 2122 2120 2171 confutatam,

1167 2180 1390 2232 intelligens
1436 2181 1736 2233 Chronologiam
1781 2184 2029 2224 notissimam
2061 2187 2123 2224 Jo-

1166 2242 1308 2281 hannis
1331 2244 1509 2294 Funccii,
1532 2245 1889 2297 Norimbergensis,
1919 2259 2039 2297 quam
2059 2248 2123 2287 ille

1164 2303 1238 2344 An.
1264 2307 1365 2346 1552
1385 2306 1533 2346 dicavit
1555 2306 1716 2346 Alberto
1737 2309 1888 2347 Seniori
1909 2310 2121 2348 Marchioni

1162 2367 1525 2421 Brandenburgieo,
1546 2370 1691 2409 editam
1715 2371 1888 2410 Basileae
1914 2373 2031 2420 1554,
2059 2373 2092 2411 4.

1215 2429 1465 2471 ANTONIUS
1480 2432 1761 2481 GALATEUS,
1789 2435 2121 2474 LiciensisSalen-

1163 2494 1271 2531 tinus
1291 2493 1568 2545 Philosophus,
1593 2495 1784 2544 Medicus,
1809 2507 1853 2534 ac
1879 2497 2007 2545 Poeta,
2024 2498 2119 2535 Her-

1162 2555 1288 2593 molao
1318 2556 1486 2595 Barbaro
1523 2557 1668 2595 charus
1691 2561 1731 2594 61
1759 2557 1925 2595 Johanni
1953 2559 2116 2598 Joviano

1160 2617 1356 2664 Pontano,
1382 2619 1539 2668 scripsit
1577 2623 1732 2669 praeter
1767 2617 1962 2669 Podagrae
1991 2621 2117 2659 Enco-

1160 2679 1303 2725 mium,
1327 2682 1367 2716 61
1389 2679 1463 2717 alia
1485 2681 1677 2718 Hetrusca
1700 2684 1880 2730 poemata
1902 2682 2021 2720 etiam
2046 2683 2116 2722 La—

1157 2741 1238 2778 tine
1254 2739 1301 2778 cte
1323 2739 1402 2778 situ
1421 2739 1728 2790 Elementorum,
1746 2742 1998 2790 Quaestiones
2014 2743 2114 2796 Phy-

1155 2802 1276 2850 sicas,
1300 2806 1341 2840 61
1363 2801 1409 2840 de
1434 2803 1513 2840 situ
1535 2803 1727 2853 Japyqz‘ae
1746 2804 1907 2851 librum,
1929 2817 2021 2845 cum
2041 2808 2113 2845 Ur-

1157 2862 1216 2901 bis
1242 2862 1467 2914 Calliopolis
1491 2863 1763 2915 descriptione,
1779 2871 1818 2903 et
1837 2865 1883 2904 (le
1902 2866 1997 2905 villa
2012 2869 2112 2907 Lau-

1153 2925 1273 2963 rentii
1298 2924 1428 2964 Vallae
1451 2925 1467 2946 ἢ
1492 2925 1642 2964 editum
1664 2927 1837 2965 Basileae
1863 2929 1984 2977 15587
2006 2931 2028 2967 8
2053 2936 2110 2969 at-

1153 2999 1229 3037 que
1246 2988 1335 3026 inde
1360 2989 1397 3025 in
1421 2991 1526 3026 tomo
1543 2999 1643 3026 nono
1659 2988 1847 3028 Thesauri
1865 2990 2107 3042 Scriptorum

1151 3049 1283 3087 Italiae
1315 3051 1605 3088 Burmanniano
1650 3051 1830 3101 Lugduni
1868 3053 2107 3094 Batavorum

1153 3110 1254 3150 4722
1293 3111 1352 3149 sol.
1383 3115 1424 3149 61
1459 3123 1551 3151 cum
1577 3114 1679 3151 notis
1716 3113 1902 3152 Bernardi
1945 3115 2105 3166 Taiuri,

1150 3172 1300 3211 Patricii
1325 3173 1565 3223 Netinensis,
1592 3176 1628 3212 in
1649 3180 1754 3213 tomo
1779 3177 1947 3226 septimo
1980 3178 2106 3227 Syllo-

1147 3245 1231 3284 ges,
1255 3236 1317 3273 cui
1342 3235 1497 3274 titulus:
1518 3237 1698 3276 Raccolta
1732 3237 1768 3276 d'
1783 3239 1955 3289 opuscoli
1979 3241 2105 3279 scien-

1147 3298 1239 3335 tiliei
1263 3301 1303 3335 61
1329 3297 1518 3348 lilologici.
1545 3300 1683 3338 Venet.
1713 3300 1831 3350 1732,
1855 3301 1962 3341 42.'¹¹⁰

1197 3377 1210 3392 ·
1235 3377 1386 3409 Glornale
1409 3377 1458 3410 de'
1474 3380 1626 3411 Leuerati
1643 3378 1674 3410 d'
1689 3379 1780 3413 Italia
1799 3385 1876 3415 tom.
1897 3387 1921 3416 x
1939 3390 2012 3423 pag.
2029 3383 2100 3415 5-23.
