2500 4009
424 265 501 302 592

425 335 598 369 nosti-ue:
620 333 762 379 septem
784 327 1082 373 iiii-acutorum.
1100 336 1221 362 ἰιιιιιηι
1244 324 1290 362 de
1315 323 1374 363 Vi-

425 394 474 432 tis
502 395 661 430 I’utrum
685 389 863 438 seripst:
890 388 926 425 ιἰι
955 386 1375 426 Psulteriitractacum

425 454 567 492 librum
596 463 715 488 unum
740 453 1023 487 commentatus
1043 460 1154 487 snm:
1180 447 1226 485 de
1247 448 1371 486 cursi-

427 516 497 553 bus
518 515 631 560 etiam
659 513 692 549 E
695 510 951 549 eclesiasticis
974 522 1093 549 ιιιιιιηι
1120 508 1268 547 libram
1287 520 1376 547 con-

427 575 522 613 ‹liclil

477 636 648 675 ,Ii'moi'ni
662 636 838 674 Δ11033013
862 666 870 683 ,
896 637 962 686 qui
985 640 1103 674 antea
1124 632 1376 672 Annonctno-

427 699 531 736 mine
562 697 942 746 circumferebatur,
974 697 1167 735 Ilistoriae
1211 697 1378 733 Franco-

427 772 513 799 rum
550 760 634 797 libri
663 760 711 797 iv
734 789 741 796 .
767 759 814 798 ad
840 760 1004 798 Ioannis
1027 759 1166 798 Nicotii
1192 756 1376 796 Codicem

429 822 629 867 restituti,
657 833 704 859 ex
730 821 902 860 editione
930 820 1186 859 Wecheliana
1210 817 1323 864 4567,
1341 820 1377 855 8.

430 896 514 934 pag.
546 883 638 921 ⁹245.

481 944 636 982 ,iclelme'
654 944 913 991 Benedictini,
932 947 1017 982 sive
1040 943 1262 982 secundum
1282 942 1379 980 alios

428 1006 619 1046 :lilemuri
640 1007 817 1045 Monachi
835 1007 1010 1045 Annales
1035 1007 1277 1044 Francorum
1307 1004 1379 1042 Re-

426 1082 518 1116 gum
541 1070 589 1107 ab
613 1069 688 1107 An.
713 1069 783 1107 741
816 1068 863 1106 ad
886 1069 978 1106 828.
1003 1079 1088 1118 pag.
1115 1068 1205 1106 384.

481 1132 567 1169 viia
588 1136 627 1168 et
649 1134 760 1179 gesta
785 1130 911 1168 Caroli
934 1130 1060 1179 Magni
1088 1140 1157 1179 per
1180 1126 1381 1178 Eyinhar-

428 1197 510 1230 tum
557 1193 661 1231 111135
706 1191 946 1242 quandoque
998 1191 1207 1230 alumnum
1259 1194 1379 1238 atque

426 1254 595 1293 scribam
621 1254 846 1292 adiuratum
869 1282 875 1300 ,
901 1254 1148 1291 Germanum
1174 1262 1262 1302 pag.
1292 1251 1379 1289 435.

485 1316 567 1354 Vita
592 1314 832 1354 Iluludovz'ci
855 1314 918 1353 Ριί
946 1315 1201 1365 Imperatoris
1221 1342 1228 1361 ,
1250 1312 1380 1351 Karoli

427 1380 551 1428 Magni
574 1378 666 1425 filii,
698 1379 847 1416 incerto
871 1381 1046 1425 auctore,
1073 1375 1142 1414 sed
1167 1379 1381 1413 coaetaneo

427 1446 466 1477 et
492 1440 772 1478 Astronomiae
793 1439 825 1487 a)
849 1439 974 1490 perito
1001 1449 1128 1487 usque
1153 1436 1200 1475 ad
1219 1435 1380 1474 Annum

428 1502 516 1540 840.
540 1512 618 1551 quo
641 1500 868 1540 Ludovicus
892 1500 1012 1547 obiit,
1036 1504 1128 1537 ante
1165 1499 1382 1549 pleniorem

429 1565 531 1602 I‘etri
575 1564 722 1602 I‘ithoei
765 1563 978 1601 editionem
1018 1572 1086 1612 pro
1120 1558 1220 1598 libro
1250 1559 1383 1611 quinto

427 1625 602 1664 :limoim’
623 1625 757 1664 habita
780 1625 989 1674 editaque:
1016 1634 1102 1673 pag.
1129 1623 1219 1660 445.
1243 1623 1294 1661 Et
1317 1620 1385 1660 Αί-

431 1688 551 1725 moini
572 1688 749 1726 Annales
778 1686 998 1725 continuati
1019 1685 1067 1723 ab
1088 1684 1162 1722 An.
1198 1685 1274 1721 846
1298 1713 1305 1731 ,
1335 1682 1381 1721 ad

438 1750 549 1789 1165.
576 1762 662 1800 pag.
691 1749 782 1787 476.

481 1810 705 1859 Michaelis,
732 1810 853 1859 Rz'tiz',
879 1811 1033 1848 l'atricii
1057 1808 1316 1859 Neapolitani,
1335 1807 1383 1845 de

431 1873 603 1924 Regibus
629 1875 815 1912 Franciae
840 1884 862 1911 a
881 1873 1112 1911 Marcomiro
1142 1870 1189 1909 ad
1216 1870 1384 1909 Ludovi-

429 1948 521 1975 euni
543 1937 630 1984 xil,
653 1936 739 1974 libri
767 1936 811 1973 111
833 1965 840 1981 ,
865 1934 914 1973 ad
936 1934 1159 1973 Gnidonem
1185 1934 1382 1982 Magnum,

432 2000 619 2037 franciae
643 1998 949 2041 Cancellarium,
981 1997 1115 2046 scripti
1141 1996 1286 2033 Romae
1312 1993 1384 2031 An.

429 2062 530 2099 45031
551 2064 590 2099 et
607 2061 643 2097 in
669 2071 772 2098 anno
800 2059 901 2097 1303
927 2058 1160 2096 desinentes
1180 2068 1265 2106 pag.
1293 2056 1380 2094 534.

486 2121 612 2159 Caroli
633 2121 760 2170 Magni
781 2121 866 2158 Vita
893 2131 962 2169 per
985 2120 1182 2156 Donatum
1202 2115 1384 2166 Acciajo-

435 2183 514 2219 lum
539 2181 641 2219 edita
670 2192 756 2230 pag.
781 2182 970 2219 549-559.

487 2242 670 2280 Andreae
698 2240 751 2278 du
789 2241 984 2279 (llil-:SNE
1022 2241 1214 2278 Historiae
1240 2237 1387 2276 FRAN-

434 2305 601 2343 ‹zoiiL'M
635 2304 855 2353 scriptores
879 2303 1103 2340 Coaetanei.
1136 2303 1284 2339 Tomus
1303 2299 1389 2351 pri-

436 2377 522 2404 mus
546 2366 594 2404 ab
633 2365 756 2415 ipsius
789 2366 929 2401 Gentis
953 2365 1102 2413 origine
1127 2362 1175 2401 ad
1207 2363 1387 2412 I'ipinum

437 2440 561 2477 usque
591 2428 768 2477 Regem:
795 2425 1002 2464 Secundus
1033 2438 1053 2463 a
1092 2425 1225 2474 I'ipino
1261 2422 1387 2461 Caroli

435 2490 558 2538 Magni
586 2490 698 2526 l'atre
726 2499 852 2537 usque
877 2487 924 2525 ad
953 2489 1155 2536 Ilugonem
1180 2486 1388 2535 Capetum.

435 2552 590 2589 Parisiis
613 2550 714 2589 4636
739 2554 779 2587 et
797 2554 885 2599 post
910 2548 1110 2587 Andrean]
1132 2546 1205 2585 An.
1232 2546 1333 2585 4640
1354 2546 1390 2593 b)

490 2674 523 2713 a)
550 2673 598 2705 Ad
621 2677 752 2705 Annum
779 2672 852 2704 859.
889 2680 965 2712 pag.
1002 2670 1075 2702 471.
1100 2670 1157 2702 ubi
1195 2671 1235 2703 de
1261 2670 1396 2701 Cometa

431 2729 460 2754 et
486 2723 526 2755 de
555 2725 757 2763 imperatore
772 2747 782 2761 ,
804 2723 885 2762 quid
921 2721 974 2753 ille
996 2721 1209 2761 portenderet
1231 2719 1396 2751 sollicito:

431 2778 620 2812 malequam
656 2774 766 2812 quleli
803 2772 958 2803 membra
984 2771 1241 2808 committeret,
1280 2768 1394 2799 accito

432 2824 583 2861 qumlam
600 2847 608 2860 ,
633 2824 782 2861 itemque
816 2831 869 2852 me
892 2822 951 2860 qui
974 2820 1058 2850 haec
1082 2819 1215 2858 scripsi
1235 2841 1243 2855 ,
1270 2822 1303 2849 et
1340 2818 1399 2856 qui

432 2873 535 2910 liujus
561 2872 611 2901 rei
645 2872 860 2912 sapientium
886 2869 1010 2900 habere
1034 2867 1225 2906 credebar,
1252 2875 1397 2906 percon-

435 2923 506 2952 tari
531 2922 693 2952 ‚student
719 2925 841 2952 Auctor
864 2920 1016 2952 fasciculi
1041 2923 1229 2958 temporum
1251 2915 1399 2946 Philoso-

435 2972 535 3010 phum
552 2995 560 3009 ,
584 2981 659 3003 curn
695 2980 760 3011 quo
797 2972 979 3010 Imperator
1015 2968 1178 2999 attonitus
1203 2966 1242 2997 de
1266 2966 1400 2996 Cometa

435 3022 573 3051 contulit
592 3045 600 3058 ‚
628 3025 720 3052 vocat
746 3019 987 3060 Eginhardum.

494 3070 528 3107 b>
551 3070 708 3101 Claudius
732 3072 903 3100 Sarravius
926 3067 1071 3108 Epistola
1097 3065 1151 3097 24.
1169 3065 1244 3096 data
1270 3063 1396 3094 notho-

439 3121 523 3158 magi
542 3121 638 3150 Nonis·
654 3121 745 3159 Majis
761 3123 796 3150 Α.
817 3118 908 3149 1640.
927 3118 1089 3148 Andreas
1107 3115 1155 3145 (la
1179 3114 1311 3146 Che-me
1328 3121 1394 3143 no-

438 3168 634 3199 bilissimus
654 3170 764 3208 [ecqui
783 3167 1012 3207 Geoyraphus
1028 3169 1058 3197 et
1074 3162 1400 3203 Historioqraphus

441 3216 503 3245 huc
526 3219 724 3255 septimana
750 3216 1004 3247 miserabiliter
1022 3215 1108 3245 obiit
1124 3229 1132 3245 .·
1151 3222 1167 3244 e
1183 3222 1289 3243 curru
1307 3212 1400 3242 deci-

438 3266 534 3294 denti
559 3266 701 3297 baculus
726 3268 793 3300 illa
818 3268 1002 3306 inpressas
1034 3269 1109 3302 est,
1141 3264 1234 3294 unde
1268 3270 1397 3301 maqno

440 3323 515 3343 curn
542 3316 700 3346 cruciatu
724 3321 802 3355 post
823 3325 928 3347 unam
945 3320 1004 3346 aut
1024 3315 1175 3346 alteram
1191 3313 1316 3343 horum
1335 3320 1394 3342 ex·

447 3368 605 3402 spiravit.

1160 255 1640 293 ‚FRANCOIIUM

1452 325 1608 374 inopino
1630 325 1708 364 fato
1732 329 1952 367 extinctum
1980 360 1987 367 .
2012 330 2272 368 continuante
2297 328 2400 367 iabo-

1450 397 1534 424 rem
1560 386 1775 426 Francisco
1795 387 1849 427 du
1872 391 2093 439 CIIESNE,
2116 391 2219 439 lilio,
2247 389 2401 430 Tertius

1451 459 1472 486 a
1497 448 1635 487 Carolo
1659 450 1836 488 Martello
1861 452 1984 501 Pipini
2007 453 2123 503 Regis
2146 457 2258 504 patre
2272 462 2402 502 usque

1452 509 1499 547 ad
1532 511 1706 559 {lagonis
1743 515 1783 549 et
1819 512 1979 551 Roberti
2019 514 2170 565 Regum
2209 519 2401 564 tempora.

1453 573 1630 619 Quartus
1670 573 1719 611 ab
1759 573 1924 624 Ilugone
1962 576 2002 612 et
2037 574 2205 614 Roberto
2229 574 2404 625 Regibus

1454 644 1582 682 usque
1604 633 1650 672 ad
1674 646 1839 684 regnum
1858 634 2025 686 Philippi
2042 634 2224 686 Augusti,
2245 636 2404 676 Parisiis

1455 695 1549 734 4644
1579 700 1619 733 et
1643 695 1813 745 Quintus
1838 696 2011 746 denique
2037 697 2138 736 4649
2156 727 2166 747 ,
2190 697 2255 736 101.
2273 709 2295 736 3
2319 698 2407 736 Phi-

1454 757 1556 807 lippo
1576 756 1757 808 Augusto
1779 760 1884 808 Rege
1910 769 2038 809 usque
2055 758 2104 798 ad
2126 762 2304 810 tempora
2316 759 2405 798 Phi-

1453 819 1546 868 lippi
1572 819 1619 857 IV
1636 849 1646 866 ,
1672 820 1759 857 sive
1783 819 1955 858 Pulchri.
1977 819 2089 866 Quae
2115 819 2273 871 singula
2297 820 2335 858 in
2353 820 2407 858 Io-
2450 845 2452 847 »

1453 881 1610 930 cuplete
1637 879 1709 919 hac
1729 880 1964 919 collectione
1996 882 2148 920 Lectori
2177 880 2406 928 offerantur,

1453 947 1562 981 esset
1586 943 1648 982 hic
1673 942 1869 981 referendi
1894 943 2005 982 Iocus
2023 972 2032 990 ,
2058 943 2133 981 nisi
2154 942 2344 981 distincte
2366 949 2407 981 et

1453 1010 1638 1044 accurate
1662 1005 1697 1042 id
1725 1005 1874 1044 factum
1904 1008 2015 1043 esset
2036 1015 2164 1055 nuper
2195 1005 2233 1042 in
2263 1004 2407 1044 Claris-

1455 1068 1544 1105 simi
1561 1067 1776 1107 Christiani
1792 1066 1998 1105 Gotthlieb
2014 1065 2405 1105 BuderiBibliotheca

1455 1131 1695 1180 sei-iptorum
1736 1140 1871 1168 rerum
1906 1129 2261 1177 Germanicarum,
2304 1139 2407 1178 quae

1455 1191 1701 1229 celeberrimi
1717 1190 1933 1230 Burchardi
1948 1190 2133 1229 Gottheli
2145 1191 2298 1230 Struvii
2314 1190 2410 1229 Cor-

1456 1255 1536 1304 pori
1564 1255 1754 1293 Historiae
1778 1254 2038 1292 Germanicae
2067 1254 2286 1304 praemissa
2315 1253 2410 1303 Iegi-

1459 1322 1522 1355 tur
1546 1318 1668 1355 Jenae
1695 1315 1796 1356 4730
1825 1348 1836 1365 ,
1859 1316 1924 1354 fol.
1945 1326 2033 1366 pag.
2060 1315 2246 1354 405-448.
2278 1315 2409 1365 Longe

1457 1379 1627 1418 ulterius
1650 1383 1786 1418 autem
1806 1377 1986 1430 progredi
2012 1381 2210 1416 statuerat
2234 1376 2407 1416 Chesnei

1458 1442 1668 1492 utriusque
1690 1442 1813 1492 patris
1838 1447 1877 1480 et
1903 1440 1968 1480 filii
1995 1440 2212 1488 industria,
2237 1449 2329 1478 nam
2360 1439 2412 1476 si-

1460 1504 1539 1541 mili
1584 1503 1715 1541 studio
1754 1503 1937 1542 voluerat
1988 1503 2174 1554 persequi
2218 1501 2410 1541 Historiae

1460 1567 1671 1604 Francicae
1704 1569 1965 1604 monumenta
1989 1565 2036 1604 ad
2058 1575 2173 1604 suam
2192 1573 2320 1614 usque
2347 1573 2411 1601 ae-

1459 1632 1581 1666 tatem
1605 1659 1616 1676 ,
1642 1639 1712 1677 per
1735 1629 1878 1665 Tomos
1908 1627 2064 1676 XXIV,
2102 1635 2274 1676 quorum
2309 1624 2410 1662 noti-

1459 1692 1553 1729 tiam
1579 1689 1861 1738 Chronologica
1885 1690 1986 1727 serie
2018 1688 2293 1738 consignatam
2327 1684 2410 1736 jam

1460 1754 1621 1791 tertium
1646 1752 1769 1790 edidit
1788 1753 2024 1790 Franciscus
2048 1750 2103 1789 du
2127 1749 2285 1789 Chesne
2305 1749 2413 1788 Pari-

1461 1817 1530 1854 siis
1554 1815 1675 1860 4663,
1700 1814 1736 1851 8.
1757 1818 1878 1863 atque.
1916 1823 1989 1864 ego
2027 1810 2298 1851 recudendam
2322 1809 2412 1849 dedi

1462 1879 1497 1914 13
1521 1879 1676 1927 isagoge
1698 1877 1735 1912 in
1762 1875 1944 1914 notitiam
1965 1875 2205 1925 scriptorum
2224 1873 2411 1912 historiae

1459 1939 1656 1986 Gallicae,
1697 1936 1909 1986 Ilamburgi
1947 1934 2081 1984 4708,
2114 1934 2153 1974 8.
2195 1946 2274 1975 333
2310 1946 2404 1974 cum

1457 2000 1671 2039 Christiani
1696 1998 1859 2049 Gryphii
1884 1998 2221 2036 commentatione
2246 1997 2295 2036 de
2316 1998 2414 2036 scri-

1458 2062 1660 2113 ptoribus,
1693 2061 1759 2110 qui
1790 2071 1854 2098 res
1877 2059 2049 2098 Gallicas
2073 2060 2208 2099 seculo
2231 2070 2412 2111 praeser-

1459 2126 1527 2162 tim
1550 2125 1656 2162 XVII
1676 2152 1684 2169 ,
1708 2123 1962 2161 illustrarunt
1981 2147 1989 2159 ‚
2007 2125 2048 2160 et
2081 2122 2295 2161 llermanni
2325 2121 2414 2160 Die-

1458 2187 1567 2224 terici
1591 2185 1784 2224 Meibomii
1807 2184 2008 2222 dissertat.
2027 2183 2075 2222 de
2092 2183 2263 2222 Gallicae
2289 2182 2411 2221 histo-

1460 2249 1539 2285 riae
1563 2246 1734 2297 periodis
1763 2251 1803 2284 et
1825 2245 2091 2296 scriptoribus
2115 2244 2220 2284 edita
2245 2244 2412 2283 IIelmst.
2442 2278 2446 2283 .

1464 2309 1591 2357 4703,
1620 2310 1652 2346 4.
1681 2310 1772 2346 I’ost
1797 2308 2077 2347 Chesneorum
2102 2311 2262 2358 tempus
2285 2306 2334 2346 ab
2373 2306 2417 2344 il-

1462 2371 1704 2410 lustrissimo
1729 2370 1925 2418 Colberto‚
1943 2370 1977 2418 a)
1998 2370 2067 2420 qui
2087 2367 2162 2407 An.
2181 2367 2282 2408 4676
2298 2379 2416 2419 appa-

1464 2437 1595 2471 ratum
1626 2433 1824 2482 integrum
1855 2443 1877 2470 a
1918 2432 2128 2471 Francisco
2165 2430 2221 2470 du
2256 2430 2417 2470 Chesne

1463 2495 1699 2541 redemerat,
1722 2504 1768 2532 ac
1791 2493 1934 2533 deinde
1950 2494 1999 2533 ab
2013 2494 2101 2533 aliis
2121 2504 2214 2544 spes
2231 2493 2333 2532 facta
2352 2496 2417 2531 est

1465 2558 1594 2607 operis
1620 2557 1724 2594 illius
1749 2567 1818 2607 per
1845 2556 2026 2595 eruditos
2048 2555 2197 2595 Galliae
2221 2565 2299 2593 non
2331 2565 2418 2605 per-

1469 2618 1622 2657 liciendi
1644 2617 1772 2666 modo,
1797 2617 1866 2656 sed
1892 2618 2013 2656 etiam
2035 2615 2245 2668 supplendi
2270 2627 2416 2667 augen-

1466 2681 1585 2731 dique
1603 2695 1613 2718 .·
1633 2680 1828 2719 haetenus
1852 2683 1986 2719 tamen
2015 2678 2187 2718 necdum
2202 2678 2416 2729 quicquam

1470 2745 1504 2781 in
1544 2743 1673 2782 lucem
1705 2742 1930 2793 prolatum,
1966 2751 2196 2792 quanquam
2230 2741 2419 2780 materiae

1469 2809 1625 2844 tantum
1643 2807 1841 2855 suppetat.
1860 2807 1905 2842 ut
1922 2802 1974 2841 illi
1995 2801 2320 2853 complectendae
2340 2813 2419 2840 non

1469 2868 1596 2906 XXIV
1616 2898 1626 2914 ‚
1653 2866 1722 2905 sed
1745 2878 1793 2905 ne
1814 2865 1883 2904 XL
1903 2896 1914 2914 ,
1939 2864 2102 2916 quidem
2126 2864 2336 2903 Volumina
2357 2874 2419 2902 sa-

1469 2932 1519 2968 tis
1543 2929 1753 2967 videantur
1774 2928 1907 2967 futura
1933 2938 2036 2965 esse.

1523 2994 1576 3030 De
1605 2990 1785 3041 ejusdem
1814 2989 1995 3029 Andreae
2025 2988 2079 3028 du
2121 2988 2282 3027 Chesne
2320 2987 2421 3027 Nor-

1466 3064 1742 3091 manmcarum
1779 3063 1911 3090 rerum
1951 3050 2210 3101 scriptoribus
2234 3049 2283 3089 ab
2305 3048 2420 3088 Anno

1468 3118 1544 3154 8:38
1568 3115 1614 3154 ad
1643 3115 1758 3153 4220.
1783 3115 1902 3152 Paris.
1936 3113 2068 3161 4649,
2105 3112 2167 3151 101.
2198 3111 2328 3150 dicere
2356 3121 2419 3149 mc
2456 3145 2458 3152 ,

1470 3178 1628 3216 memini
1651 3181 1745 3215 tom.
1764 3178 1798 3215 4.
1824 3188 1912 3226 pag.
1935 3175 1999 3213 98.

1522 3308 1555 3346 a)
1579 3307 1719 3339 saeobus
1744 3306 1773 3337 le
1797 3307 1900 3344 Long.
1920 3303 2154 3342 Bibliotheque
2177 3302 2364 3344 historiquc
2387 3305 2426 3336 de

1464 3359 1490 3389 la
1520 3361 1643 3388 Franco
1666 3363 1739 3395 pag.
1762 3353 1836 3386 954.
1861 3351 1940 3384 vide
1964 3355 1996 3383 et
2020 3360 2051 3391 p.
2073 3351 2146 3385 510.
2170 3360 2219 3391 sq.
2263 3388 2266 3391 Δ
