2500 3841
879 217 1323 260 EUGUBINUM

111 291 213 329 circa
245 289 404 328 Annum
431 287 518 326 840.
543 287 782 327 Benedictus
805 288 1057 338 Anianensis,

112 353 149 391 in
175 363 255 403 qua
276 351 459 401 Eugippii
488 361 687 402 nusquam
720 354 913 391 meminit.
946 353 1056 399 Quod

110 425 206 453 vero
241 413 469 464 sigebertus
492 413 790 453 Gemblacensis
814 426 899 466 cap.
926 416 974 453 39
1005 417 1057 455 ait

109 476 350 527 Eugippium
391 474 586 513 Abbatem
620 474 781 514 hortatu
833 476 1055 525 Renducis‚

110 539 197 576 sive
243 536 414 576 Reducis
456 536 712 588 Neapolitani
760 540 797 577 in
840 539 1056 590 Campania

107 598 295 651 Episcopi
313 598 526 650 deflorasse
561 598 683 638 libros
719 602 760 640 S.
783 600 998 652 Auqustini
1018 606 1058 640 et

110 662 258 702 Probae
286 663 431 713 virgini
455 661 685 712 dedicasse,
710 664 940 714 vixisseque
958 667 1058 702 tem-

106 735 202 776 pore
224 724 367 775 Pelagii
391 726 452 774 11,
478 728 518 762 et
538 725 679 763 Tiberii
704 726 750 773 ΙΙ,
773 725 845 763 hoc
869 729 931 763 est
955 726 1058 763 circa

106 787 266 826 Annum
290 787 366 826 580
405 787 442 825 id
476 798 616 826 ansam
653 786 762 825 dedit
801 788 898 825 viris
932 786 1057 825 doctis

106 849 208 889 duos
223 849 395 900 fingendi
411 850 650 900 Eugippios‚
675 849 925 899 alterumque
951 849 1060 888 hunc

101 911 298 962 juniorem
327 911 498 959 Afrum,
529 911 632 962 quod
672 912 971 962 Neapolitanum
1000 912 1057 948 in—

106 976 331 1026 telligerent
371 986 464 1014 cum
507 974 776 1013 Chioccarello
812 973 859 1012 de
898 973 1054 1024 Neapoli

104 1037 278 1086 Africae,
307 1040 348 1074 et
365 1036 589 1087 Augustino
611 1036 835 1075 deflorando
864 1047 940 1074 non
972 1047 1056 1075 cre-

105 1098 247 1137 derent
271 1099 346 1136 nisi
370 1097 509 1136 Afrum
525 1098 725 1136 hominem
755 1109 913 1149 operam
940 1109 1051 1136 suam

107 1159 274 1198 libenter
298 1170 573 1209 impensurum
599 1160 734 1198 fuisse.
761 1160 835 1199 Sed
873 1160 1054 1211 Sigeber-

107 1226 194 1260 tum
217 1220 374 1271 decepit
388 1222 626 1273 subscriptio
640 1223 949 1273 Excerptorum,
968 1223 1053 1260 sive

105 1283 408 1322 deflorationum
427 1284 766 1334 Eugippianarum
791 1284 922 1323 Codici
946 1284 1053 1323 MSto

107 1345 174 1385 diu
197 1350 288 1397 post
309 1345 478 1396 Eugippi
503 1351 673 1384 mortem
698 1351 860 1385 exarato
880 1345 1052 1398 adjecta⁷

106 1408 266 1459 qualem
286 1407 388 1446 vidit
409 1407 657 1447 Mabillonius
676 1440 686 1457 ,
722 1413 763 1447 et
798 1409 1054 1459 subscriptio-

107 1482 200 1509 nem
228 1471 335 1509 illam
365 1469 582 1521 publicavit
611 1472 650 1509 in
674 1470 877 1509 Analectis
897 1475 991 1509 tom.
1017 1471 1053 1509 2.

106 1544 193 1583 pag.
220 1534 282 1572 ll.
309 1531 507 1582 (editionis
533 1544 659 1572 novae
683 1545 771 1585 pag.
795 1535 870 1581 60.)
902 1534 939 1570 in
978 1525 1055 1582 qua

105 1594 239 1634 Codex
256 1594 321 1634 ille
335 1594 506 1633 traditur
516 1594 675 1634 Reduce
691 1600 855 1634 curante
871 1597 1059 1634 transcri-

103 1661 196 1708 ptus
224 1661 265 1696 et
293 1656 450 1695 oblatus
480 1657 603 1695 fuisse
632 1658 736 1696 circa
765 1657 927 1696 Annum
966 1657 1055 1696 580.

103 1719 309 1758 Ecclesiae
345 1719 652 1769 Neapolitanae,
693 1721 926 1769 neutiquam
962 1731 1058 1757 vero

105 1791 207 1832 opus
244 1781 375 1832 ipsum
409 1781 458 1819 ab
486 1785 647 1819 auctore
680 1783 957 1831 compositum,
990 1782 1055 1831 qui

103 1840 242 1880 beatae
256 1841 544 1880 recordationis
559 1842 771 1881 EGIPIUS
785 1841 1060 1894 Presbyteriet

106 1902 243 1943 Abbas
267 1905 499 1955 appellatur.
525 1906 579 1943 De
606 1904 745 1942 eodem
765 1903 847 1954 jam
869 1905 1056 1943 defuncto

106 1967 369 2006 Cassiodorus
380 1978 464 2018 cap.
480 1967 544 2006 23.
559 1968 793 2005 Divinarum
812 1968 1054 2005 Lectionum:

108 2028 302 2069 Convenit
315 2029 433 2068 etiam
447 2032 495 2067 ut
514 2027 747 2080 Presbyteri
757 2028 916 2080 Euqipii
936 2041 1056 2081 opera

105 2090 334 2130 necessario
359 2090 485 2142 quere
508 2089 682 2129 debeatis
702 2120 710 2137 ⁷
734 2102 848 2142 quem
870 2102 938 2129 nos
961 2103 1055 2142 quo-

102 2164 179 2205 que
207 2152 406 2202 vidimus,
436 2153 571 2192 viru-m
613 2152 769 2203 quidem
809 2164 885 2190 non
926 2164 1053 2203 usque

106 2215 206 2254 adeo
236 2213 516 2254 saecularibus
546 2214 689 2254 litteris
725 2214 949 2263 eruditum,
985 2214 1055 2253 secl

102 2276 417 2328 Scripturarum
453 2276 695 2315 Divinarum
724 2275 882 2315 lectione
905 2275 1054 2328 plenis-

102 2339 259 2378 simum.
283 2339 358 2378 Hic
381 2339 436 2378 ad
457 2343 666 2391 parentem
694 2343 727 2389 a)
756 2343 934 2378 nostram
964 2342 1054 2378 Pro-

101 2401 227 2449 bam,
268 2400 462 2453 virqinem
498 2412 660 2440 sacram
694 2413 748 2439 ecc
787 2399 973 2452 operibus
1012 2403 1050 2441 S.

100 2464 317 2515 Augustini
345 2461 459 2502 valde
486 2462 704 2502 altissimas
734 2462 981 2514 quaestiones
1005 2475 1052 2501 ao

97 2525 281 2565 diversas
307 2537 375 2565 res
403 2525 600 2577 deflorans
628 2526 668 2564 in
695 2537 772 2563 uno
796 2536 959 2576 corpore
988 2537 1053 2563 ne-

99 2587 279 2627 cessaria
313 2587 433 2627 nimis
471 2588 760 2641 dispensatione
801 2586 976 2638 colleqit,
1017 2592 1055 2626 et

96 2649 137 2688 in
167 2650 477 2696 CCCXXXVIIL
508 2649 693 2702 capitulis
723 2648 936 2691 collocavit.
966 2651 1048 2688 Hoc

95 2724 195 2764 opus
223 2714 406 2765 Eugippii
434 2715 492 2752 Jo.
523 2712 717 2752 Heroldus
746 2714 779 2760 a)
801 2712 922 2750 edidit
942 2715 1049 2752 Basi-

95 2774 180 2814 leae
212 2775 338 2824 4542,
368 2775 431 2813 fol.
462 2774 616 2814 duobus
645 2774 944 2822 Voluminibus,
971 2775 1046 2814 sub

93 2836 208 2875 titulo
234 2836 529 2874 Thesaurorum
551 2847 600 2874 ex
630 2835 824 2885 Operibus
853 2836 1041 2886 Augusti—

99 2898 164 2936 ni:
189 2908 377 2936 recusum
401 2898 520 2935 etiam
546 2898 721 2935 Venetiis
748 2898 861 2936 4543.
893 2899 1046 2937 Praefa-

92 2960 211 2999 tionis
233 2959 441 2998 exordium
467 2959 540 2997 hoc
564 2963 650 2997 est:
676 2959 865 2997 Dominae
903 2961 1042 2998 merito

91 3019 311 3062 venerabili
325 3052 336 3070 ,
362 3023 399 3060 et
415 3019 554 3072 fructu
576 3031 717 3059 sacrae
741 3020 984 3071 virqinitatis
1005 3023 1045 3060 in

93 3083 265 3124 CHristo
285 3083 421 3134 qratia
440 3093 595 3134 semper
619 3081 769 3120 illustri
793 3083 937 3121 Probae
964 3085 1043 3122 Eu-

92 3146 224 3197 gipius
245 3145 417 3184 omnium
441 3156 651 3184 servorum
673 3145 769 3183 DEI
787 3144 977 3196 famulus,
1004 3147 1043 3184 in

147 3303 180 3343 a)
202 3305 443 3344 Propinquam.

146 3352 179 3390 a)
202 3355 248 3384 De
272 3352 334 3384 hac
356 3353 502 3384 editione
529 3353 690 3384 videndus
713 3355 924 3385 possevinus.

2009 227 2086 267 532³,

1134 292 1296 332 Domino
1318 293 1485 333 salutem
1505 294 1609 334 dicit.
1647 296 1933 348 Excerptorum
1976 298 2081 337 codi-

1136 367 1230 404 cem,
1261 368 1377 409 quem
1407 356 1452 396 de
1482 356 1678 397 nonnullis
1706 357 1890 411 operibus
1928 361 1969 399 S.
2005 362 2084 401 Au-

1134 421 1306 468 gustini,
1351 419 1574 458 cohortante
1623 419 1761 459 domno
1802 433 1884 460 meo
1936 424 2083 463 Marino

1133 478 1283 519 Abbate
1303 480 1365 520 vel
1386 482 1552 522 caeteris
1576 483 1660 534 ejus
1681 484 1828 522 sanctis
1845 484 2078 524 Fratribus.

1125 542 1468 596 quomodocunque
1477 556 1746 596 compeqeram
1754 547 1934 585 continuo
1945 551 2076 587 trans-

1132 603 1240 655 ferri
1256 603 1365 644 vobis
1385 610 1519 644 sancto
1543 619 1618 658 quo
1637 607 1791 658 polletis
1806 609 1935 648 studio
1955 609 2081 649 volut-

1137 666 1210 705 stis
1240 672 1315 706 etc.
1345 668 1405 706 Ad
1434 669 1600 708 eandem
1638 670 1800 709 Probam
1831 676 1963 711 exstat
1993 673 2083 712 Ful-

1133 730 1252 779 gentii
1270 730 1489 780 Ruspensis
1509 732 1684 781 Epistola
1709 734 1730 771 3
1755 737 1795 771 et
1821 735 1841 772 4
1861 736 1928 784 qui
1953 735 2080 786 Epist.

1134 791 1157 828 2
1182 790 1229 828 ad
1254 791 1406 829 Gallam
1436 803 1524 842 pag.
1550 794 1623 831 459
1653 796 1707 832 ait
1731 806 1817 833 eam
1842 796 1930 835 avis
1954 797 2082 836 atavi-

1133 863 1229 903 sque
1257 856 1391 890 natam
1423 852 1672 904 Consulibus,
1709 859 1746 894 et
1781 857 1930 897 deliciis
1965 871 2080 911 reqa-

1133 912 1235 952 libus
1256 914 1685 966 enutritamAEjusdem
1706 920 1975 960 FULGENTII
1989 923 2081 973 Epi-

1133 976 1231 1015 stola
1257 978 1395 1026 quinta
1419 977 1467 1016 ad
1495 978 1733 1030 Eugippium
1766 980 1931 1032 legitur,
1961 995 2080 1034 quem

1131 1037 1486 1090 compresbyterum
1508 1051 1625 1078 suum
1649 1043 1831 1093 appellat.
1858 1045 2018 1095 Legitur
2041 1052 2081 1085 et

1131 1101 1313 1151 Epistola
1356 1100 1556 1153 Fulqentii
1597 1105 1845 1145 FERRANDI
1869 1137 1877 1156 ‚
1922 1109 2080 1148 Diaconi

1131 1163 1499 1215 Carthaginiensis,
1526 1168 1563 1204 in
1588 1168 1803 1217 appendice
1836 1169 1884 1208 ad
1915 1171 2083 1222 Fulgen-

1130 1227 1228 1264 tium
1250 1228 1497 1277 Ruspensem
1523 1241 1608 1280 pag.
1652 1231 1692 1268 ll
1731 1235 1771 1268 et
1809 1233 1848 1269 in
1883 1233 2079 1272 Ferrando

1131 1289 1233 1326 Petri
1257 1290 1452 1328 Francisci
1477 1291 1647 1330 Chissetii
1676 1305 1751 1344 pag
1779 1295 1869 1333 33⁶2.
1903 1296 2080 1346 Denique

1128 1350 1301 1400 Epistola
1325 1351 1546 1391 DIONYSH
1570 1354 1713 1404 Exigui
1734 1385 1742 1403 7
1779 1368 1856 1406 qua
1888 1358 2079 1408 Eugippio

1131 1414 1353 1451 versionem
1379 1414 1554 1465 Gregorii
1578 1417 1746 1467 Nysseni
1767 1418 1813 1457 de
1835 1419 1986 1470 opificio
2014 1420 2081 1457 ho-

1133 1476 1251 1513 minis
1280 1475 1507 1525 dedicavit,
1533 1479 1636 1529 apud
1668 1481 1934 1520 Mabillonium
1975 1483 2010 1519 in
2038 1483 2080 1520 li-

1132 1539 1237 1576 mine
1262 1540 1355 1576 tomi
1383 1540 1547 1578 secundi
1573 1540 1867 1592 Analectorum,
1887 1548 1927 1582 et
1947 1543 2082 1581 editio-

1133 1602 1194 1638 nis
1226 1612 1350 1640 novae
1376 1613 1460 1653 pag.
1492 1604 1557 1642 59.

1182 1664 1477 1704 EUGUBINUM
1499 1666 1720 1706 Chronicon
1739 1669 1786 1707 ab
1806 1668 1880 1707 An.
1910 1671 2006 1709 '1350
2031 1670 2080 1708 ad

1136 1725 1238 1765 ⁴472
1262 1725 1412 1765 editum
1431 1729 1468 1766 in
1486 1728 1745 1769 laudatissimi
1767 1733 1966 1771 Muratorii
1987 1738 2081 1771 tom.

1132 1788 1251 1838 XXI,
1277 1790 1514 1840 scriptorum
1539 1791 1588 1830 de
1609 1793 1728 1832 rebus
1749 1795 1919 1842 Italicis,
1949 1801 2082 1834 aucto-

1133 1863 1216 1890 rem
1241 1851 1359 1890 habet
1382 1853 1646 1893 Guernerium
1669 1857 1883 1906 Bernium,
1907 1858 2082 1908 Eugubi-

1133 1925 1226 1952 num
1250 1926 1259 1962 3
1285 1914 1354 1952 sed
1379 1916 1572 1965 scriptum
1598 1921 1659 1954 est
1682 1929 1756 1955 non
1784 1919 1919 1957 Latine
1941 1931 2081 1958 verum

1131 1977 1276 2015 Italice.
1300 1978 1355 2015 De
1385 1977 1457 2015 hoc
1486 1978 1702 2018 Guernerio
1726 1980 1816 2018 vide
1855 1980 1953 2019 Acta
1982 1982 2082 2020 Eru-

1129 2038 1301 2077 ditorum
1327 2039 1400 2077 An.
1425 2039 1539 2079 4733.
1562 2053 1654 2092 pag.
1679 2042 1765 2080 447.

1183 2101 1221 2139 S.
1243 2101 1775 2142 EULOGIUSCordubensis
1792 2104 1827 2152 b)
1845 2106 2079 2155 Martyrium

1129 2173 1272 2212 passus
1294 2163 1331 2200 in
1370 2166 1645 2213 persecutione
1684 2176 1802 2215 quam
1843 2166 2080 2205 Christianis

1129 2229 1342 2263 moverunt
1372 2227 1555 2265 Saraceni
1583 2229 1620 2264 in
1654 2229 1810 2267 Baetica
1844 2229 2051 2279 Hispanica
2071 2260 2079 2269 .

1126 2288 1230 2337 Rege
1265 2287 1471 2327 Cordubae
1506 2289 1855 2341 Habdaraghmane
1880 2293 1927 2330 11.
1963 2292 2077 2330 Anno

1129 2350 1280 2389 CHristi
1305 2351 1394 2389 859.
1421 2352 1478 2390 De
1500 2353 1582 2390 vita
1606 2352 1728 2403 hujus
1752 2354 1904 2405 Eulogii
1930 2356 2077 2404 scripta

1127 2411 1176 2450 ab
1205 2411 1406 2451 ALVARO
1436 2413 1515 2452 dixi
1545 2425 1664 2465 supra
1695 2420 1788 2453 tom.
1820 2417 1855 2454 l.
1888 2427 1973 2467 pag.
2013 2418 2076 2455 711.

1127 2473 1278 2511 Eadem
1303 2475 1476 2525 praefixa
1499 2477 1652 2527 Eulogii
1677 2478 1873 2528 operibus,
1898 2489 1998 2527 quae
2028 2490 2076 2516 ex

1128 2537 1231 2574 Petri
1256 2538 1385 2574 Poncii
1416 2538 1556 2575 Leonis
1580 2540 1809 2577 recensione
1846 2551 1935 2578 cum
1969 2542 2075 2578 notis

1127 2599 1308 2649 vulgavit
1356 2598 1591 2638 Ambrosius
1637 2602 1801 2640 Morales
1823 2633 1833 2649 ,
1877 2602 2073 2652 Compluti

1128 2659 1243 2709 4574,
1260 2661 1322 2698 fol.
1349 2661 1454 2700 unde
1476 2673 1615 2701 recusa
1632 2663 1740 2701 fuere
1758 2665 1794 2701 in
1821 2669 1916 2702 tom.
1932 2671 2072 2715 quarto

1125 2723 1331 2773 Hispaniae
1352 2723 1571 2762 illustratae
1590 2756 1597 2773 ⁷
1619 2729 1738 2775 atque
1764 2727 1800 2763 in
1826 2727 1988 2765 Patrum
2012 2729 2073 2766 Bi-

1122 2784 1327 2822 bliothecis
1356 2786 1564 2824 Parisiensi
1586 2790 1626 2824 et
1641 2787 1862 2826 Coloniensi
1885 2793 1979 2827 tom.
2002 2790 2068 2828 lx.

1121 2851 1161 2885 et
1195 2848 1412 2885 novissima
1439 2848 1693 2899 Lugdunensi
1731 2855 1823 2888 tom.
1861 2852 1945 2889 XV.
1968 2842 2069 2890 Sunt

1119 2913 1253 2947 autem
1278 2909 1398 2948 haec:

1175 2974 1209 3011 l.
1228 2971 1456 3011 Memoriale
1471 2974 1721 3022 Sanctorum,
1739 2977 1824 3014 sive
1848 2975 1895 3013 de
1921 2977 2067 3026 Marty-

1122 3034 1230 3072 ribus
1255 3034 1580 3075 Cordubensibus
1604 3036 1688 3074 libri
1711 3038 1775 3075 Ill.
1797 3049 1831 3087 p.
1865 3039 1952 3077 243.
1978 3038 2069 3077 Edi-

1173 3203 1206 3241 a)
1230 3203 1323 3240 Quod
1347 3204 1544 3236 Monachum
1570 3204 1825 3238 Benedictinum
1847 3207 1903 3238 alii
1921 3230 1929 3244 ,
1945 3207 2001 3239 alii
2020 3212 2076 3240 Ar-

1113 3253 1369 3292 cliiepiscopum
1392 3254 1588 3286 Toletanum
1612 3254 1764 3293 faciunt,
1790 3258 1982 3296 neutiquam
2007 3258 2074 3289 ido-

1113 3305 1184 3334 neis
1203 3305 1407 3343 argumentis
1432 3309 1574 3336 constat.
1598 3307 1678 3338 Vide
1702 3306 1870 3338 Nicolaum
1892 3309 2072 3339 Antonium

1112 3355 1170 3388 Vi,
1197 3353 1227 3384 6.
1255 3353 1476 3386 Bibliothecae
1504 3357 1624 3386 veleris
1649 3357 1811 3395 Hispanae
1834 3365 1910 3396 pag.
1932 3357 2004 3390 340.
