2500 3841
844 189 1325 262 FULGENTUJS

85 301 172 341 pag.
211 289 298 327 434.
339 297 511 338 quorum
551 286 712 324 tertium
758 290 910 336 primus
941 296 1037 329 intc—

82 361 199 401 grum
234 360 327 389 cum
366 346 557 386 Ferrandi
606 347 792 397 operibus
830 350 1038 390 Chissetius

84 411 208 452 edidit
230 411 400 450 Divione
426 409 541 448 4649.
570 410 604 448 4..

136 471 255 512 Liber
277 470 325 511 de
343 469 420 522 fide
444 481 516 510 seu
535 469 630 522 fidei
650 469 805 522 requie,
826 465 1039 521 Augustini

83 535 267 587 operibus
307 533 539 582 admixtus,
562 534 597 582 a)
621 532 692 572 sed
727 533 934 583 Fulgentio
959 532 1039 583 jam

83 596 236 648 pridem
265 597 479 635 restitutus
494 626 505 645 ,
523 594 578 634 ad
591 596 758 634 Petrum
777 624 785 643 ,
808 596 875 645 qui
900 595 937 632 in
956 595 1043 633 aliis

82 658 276 709 Fulgentii
310 656 553 696 editionibus
590 657 712 708 vulgo
749 657 952 696 Diaconus
980 668 1043 695 co—

82 720 304 772 gnominari
343 719 471 768 solet·⁷
500 718 605 770 quod
636 729 856 769 cognomen
888 729 1044 769 expun-

78 780 254 833 gendum
277 780 507 828 duxerunt,
546 781 615 831 qui
658 791 785 819 novae
828 780 921 819 huic
959 779 1042 817 edi-

78 845 176 883 tioni
197 845 485 896 praefuerunt,
512 855 607 883 cum
636 855 687 882 ex
710 843 853 882 horum
879 847 1042 881 senten-

41 904 43 906 ’
77 907 131 946 tia
154 907 296 946 Petrus
318 907 383 945 ille
408 917 539 956 neque
563 906 778 955 macomus,
799 909 844 944 ut
864 907 903 943 in
923 905 1039 943 titulo

76 969 198 1020 hujus
239 968 327 1007 libri
366 967 562 1007 hactenus
605 967 739 1006 dictus
775 963 863 1015 θεῖ’,
908 978 1038 1016 neque

73 1030 290 1070 Monachus
315 1020 461 1075 fuerit‚'
502 1029 609 1079 quod
632 1028 835 1068 Blondello
861 1030 1037 1080 primum

75 1097 115 1131 et
134 1096 274 1144 postea
297 1090 457 1130 Norisio
480 1091 643 1142 placuit,
660 1091 731 1129 sed
753 1092 816 1129 vir
840 1091 1035 1137 militaris,

77 1155 144 1205 qni
167 1153 482 1204 Hierosolymam
509 1153 781 1204 profecturus,
806 1151 897 1191 fidei
921 1163 1038 1203 regu·

74 1216 154 1256 lam
173 1245 181 1262 ,
201 1227 281 1267 qua
300 1226 344 1254 se
363 1215 562 1254 adversus
583 1214 808 1254 haereticae
825 1215 1037 1265 pravitatis

77 1277 240 1317 insidias
263 1278 440 1317 muniret
456 1307 465 1324 ‚
486 1288 508 1315 a
532 1277 743 1328 Fulgentio
773 1277 1036 1328 flagitaverat.

77 1352 113 1391 p.
139 1341 229 1383 500.
258 1340 391 1391 Caput
425 1340 614 1379 ultimum
643 1339 758 1378 XLV.
799 1338 1034 1388 adjuuctum

19 1410 22 1412 ’
76 1402 126 1440 ab
149 1402 225 1441 alio
249 1407 425 1442 auctore.

131 1461 252 1502 Liber
271 1475 345 1516 pro
373 1462 450 1515 fide
481 1463 685 1504 Catholica
718 1463 917 1502 adversus
948 1462 1038 1500 Pin-

80 1528 160 1563 tam
189 1525 408 1575 Arianum‚
445 1538 532 1577 pag.
559 1527 648 1565 534.
691 1537 811 1576 quem
841 1526 1037 1575 genuinae

75 1588 270 1638 Fulgentii
285 1587 483 1628 adversus
498 1589 654 1627 Pintam
675 1588 926 1638 responsioni
944 1598 1037 1638 sup-

73 1650 274 1700 positum,
299 1651 434 1701 inepta
455 1655 496 1689 et
525 1650 732 1701 Fulgentio
756 1649 930 1689 Graecae
961 1650 1037 1688 lin-

74 1723 174 1762 guae
203 1723 282 1751 non
313 1713 494 1763 imperito
533 1711 695 1763 indigna
717 1712 920 1751 Homousii
950 1716 1036 1762 ety-

26 1814 29 1815 .
75 1775 268 1825 mologia‚
291 1779 332 1814 et
356 1775 454 1814 aliae
475 1775 651 1814 rationes
676 1778 865 1826 arguunt.
889 1773 1035 1814 Editus

75 1837 252 1887 primum
277 1848 300 1876 a
326 1836 522 1877 Chifletio.

127 1898 268 1938 Decem
300 1899 536 1946 Sermones,
567 1909 653 1949 pag.
691 1898 780 1937 546.
803 1897 852 1937 de
885 1898 1032 1949 quibus

73 1971 123 1999 an
147 1971 288 2000 omnes
312 1961 512 2013 Fulgentii
547 1962 644 2009 sint,
671 1960 849 1999 nondum
880 1960 1033 2010 liquet,

73 2023 148 2061 etsi
174 2023 351 2073 plerique
366 2023 581 2074 Fulgentio
597 2033 676 2061 non
698 2021 848 2074 indigni
873 2022 1035 2061 videan-

74 2089 151 2123 tur.
176 2085 330 2123 Sextus
353 2096 439 2135 pag.
464 2085 553 2124 366.
579 2088 643 2123 est
679 2083 728 2123 de
770 2085 810 2123 S.
833 2084 1034 2135 Cypriano

35 2148 37 2150 ’
74 2147 258 2197 Martyre.
283 2147 422 2186 Nonus
444 2159 531 2198 pag.
559 2146 651 2186 507.
670 2147 720 2186 de
745 2147 783 2186 S.
811 2147 1031 2187 Vincentio.

125 2208 371 2260 Fraqmenta
390 2210 552 2248 XXXIX.
575 2221 632 2249 θα)
656 2207 773 2256 libris
790 2210 832 2248 X.
865 2208 1035 2260 Fulqen-

77 2270 136 2319 tii,
171 2275 309 2310 contra
331 2277 444 2322 gesta
467 2283 570 2322 quae
594 2271 793 2310 adversus
831 2283 924 2310 eum
954 2271 1036 2310 FA—

75 2331 260 2372 BIANUS
282 2332 508 2372 haereticus
537 2332 712 2371 Arianus
753 2332 852 2371 falsa
884 2332 1036 2370 confin-

77 2396 150 2444 xit,
174 2406 264 2445 pag.
284 2392 372 2433 577.
396 2395 493 2432 item
517 2393 595 2432 duo
616 2394 840 2444 fragmenta
863 2405 914 2432 ex
944 2395 1035 2432 Ful-

43 2504 46 2506 *
76 2457 199 2507 gentii
244 2456 342 2494 libro
383 2454 661 2507 quaestionum
697 2453 745 2493 de
783 2454 1035 2506 processione

74 2518 250 2569 Spiritus
301 2518 438 2558 Sancti
462 2549 472 2565 ,
516 2528 602 2568 pag.
646 2517 736 2556 665.
781 2521 943 2555 servata
986 2516 1034 2555 ab

74 2579 285 2619 llincmaro
322 2583 363 2618 et
400 2578 589 2618 Ratramo
617 2582 756 2616 contra
792 2577 1034 2617 Graecorum

75 2640 329 2691 objectiones.

126 2701 214 2739 Duo
241 2698 443 2752 Fulqentii
473 2711 700 2749 sermones,
739 2711 845 2740 unus
883 2700 931 2738 de
960 2701 1035 2739 cir-

74 2763 314 2802 cumcisione
337 2764 517 2811 Domini,
539 2775 626 2815 pag.
650 2763 738 2802 664.
765 2763 865 2802 alter
889 2763 938 2801 de
964 2774 1035 2813 pu-

74 2823 289 2863 rificatione
311 2825 484 2876 Virginis
502 2826 672 2873 Mariae,
695 2836 785 2876 pag.
814 2824 904 2863 668.
933 2835 1035 2875 quos

75 2885 269 2926 hactenus
291 2886 464 2926 ineditos
488 2887 617 2925 Lucas
632 2885 860 2926 Holstenius
886 2898 907 2925 e
928 2887 1035 2925 Vati-

77 2957 175 2986 cana
203 2947 446 2987 Bibliotheca
486 2947 689 2998 quondam
719 2947 962 2999 descripsit,
993 2952 1033 2986 et

77 3007 308 3049 Cardinalis
337 3007 587 3049 Barberinus
611 3011 812 3049 Lutetiam
845 3010 1034 3048 transmi-

28 3069 33 3076 '
75 3070 139 3109 sit.
162 3069 225 3109 Ex
246 3069 307 3108 his
326 3071 498 3121 priorem
519 3070 682 3121 quidem
709 3072 935 3123 Fulgentio,
966 3080 1034 3120 po-

47 3130 61 3138 ”
76 3132 283 3171 steriorem
300 3136 436 3171 autem
457 3133 571 3172 alteri
588 3133 759 3184 cuipiam
781 3133 946 3180 auctori,
964 3132 1029 3181 qui

76 3193 282 3245 Fulgentio
318 3194 451 3244 Junior
493 3195 633 3244 fuerit,
682 3196 719 3233 in
763 3193 1031 3233 admonitione

136 3342 170 3381 a)
192 3345 286 3378 Tom.
311 3346 363 3376 vi.
387 3343 467 3375 edit.
490 3346 594 3374 Amst.
619 3352 649 3380 p.
675 3341 746 3371 402».

1987 234 2063 271 (525

1111 295 1352 343 praemissa,
1394 296 1673 344 Fulgentianae
1719 297 1838 346 liujus
1881 299 2063 339 editionis

1113 358 1316 393 curatores
1339 362 1599 395 censuerunt.

1165 415 1378 465 Appendioe
1399 429 1561 467 operum
1582 420 1621 458 S.
1652 419 1864 470 Fulyenciae)
1896 424 2066 474 comple-

1113 476 1233 513 ctitur
1253 477 1278 514 1.
1304 476 1468 516 Librum
1487 479 1532 517 cle
1543 480 1904 530 praedestinatione
1922 488 1959 522 et
1972 495 2067 535 yra-

1115 535 1193 583 tia,
1214 548 1299 587 pag.
1324 540 1358 586 4,
1380 540 1413 586 a)
1437 541 1475 577 in
1495 552 1572 590 quo
1595 543 1861 583 Lovanienses
1881 546 2063 597 Theologi

1114 597 1256 646 aliique
1282 598 1423 637 eruditi
1451 601 1522 637 viri
1548 602 1642 640 nihil
1662 604 1863 654 Fulgentio
1886 606 2063 658 dignum,

1116 658 1194 695 imo
1220 660 1344 697 multa
1375 660 1576 711 Fulgentio
1614 668 1806 704 contraria
1846 668 2065 718 deprehen—

1112 717 1269 766 derunt,
1295 723 1480 769 quamvis
1508 722 1734 775 Theophilus
1765 729 2004 779 Rczynaudus
2028 731 2058 775 b

1116 780 1154 815 in
1179 780 1359 819 Censura
1381 783 1616 822 inofficiosae
1640 796 1830 826 censurae
1853 790 2064 829 Louani'en-

1113 840 1242 888 sium,
1272 840 1526 891 Bellarmt'nz',
1556 846 1760 884 possevini
1790 854 1839 885 et·
1871 850 2032 890 alioruin
2056 884 2061 890 .

1116 906 1161 940 ut
1185 902 1331 941 librum
1356 902 1462 941 hunc
1503 905 1705 955 Fulgentio
1735 916 1912 959 asserat,
1943 924 2062 950 maxi-

1118 973 1278 1013 mopere
1303 965 1530 1003 contendat.
1549 966 1594 1004 11.
1622 966 1833 1018 Epistolam
1851 972 2065 1010 FERRAN-

1115 1025 1165 1063 D1
1185 1025 1353 1063 Diaconz·
1370 1025 1425 1064 ad
1443 1026 1691 1079 Euyyppmm
1719 1031 2010 1081 Presbyterum,
2030 1046 2063 1084 p.

1113 1088 1173 1125 Η.
1215 1097 1335 1136 quam
1376 1098 1468 1127 cum
1506 1099 1579 1128 nec
1603 1102 1621 1128 a
1651 1091 1856 1141 Fulgentio
1876 1121 1885 1136 ,
1910 1105 1979 1132 nec
2019 1096 2063 1132 aial

1110 1147 1363 1197 Fulgentium
1389 1152 1537 1200 scripta
1555 1150 1603 1188 ab
1626 1150 1713 1200 ejus
1737 1153 1922 1202 operibus
1938 1166 2065 1193 semo—

1112 1214 1194 1248 tam
1220 1211 1258 1247 in
1279 1211 1536 1261 appendicem
1561 1212 1722 1262 rejicere
1743 1214 1888 1264 placuit
1906 1229 1914 1263 ς
1936 1221 1975 1255 et
1997 1218 2062 1255 lli.

1112 1272 1326 1311 Sermones
1355 1273 1491 1312 LXXX.
1524 1275 1728 1325 Fulgentio
1762 1287 1966 1326 perperam
1999 1280 2064 1315 tri—

1111 1334 1238 1382 butos,
1264 1345 1350 1385 pag.
1375 1336 1435 1374 1¹3.
1459 1337 1633 1375 Primum
1660 1337 1786 1376 editos
1807 1350 1827 1376 a
1844 1339 2058 1388 Raynaudo

1110 1395 1185 1434 An.
1217 1396 1336 1434 4633.
1375 1398 1412 1435 in
1458 1398 1602 1448 quibus
1636 1398 1826 1448 phraseos
1863 1400 2060 1449 quandam

1111 1457 1399 1497 affectationem
1425 1464 1544 1509 atque
1570 1459 1659 1498 inde
1683 1460 1964 1499 obscuritatem
1992 1473 2058 1499 no-

1113 1524 1171 1558 tat
1197 1520 1472 1560 Combefisius.

1166 1581 1321 1621 Indices
1343 1593 1476 1621 rerum
1501 1584 1537 1619 in
1561 1583 1754 1633 Fulgentii
1778 1584 1960 1634 operibus
1975 1596 2065 1624 cou-

1111 1648 1314 1683 tentarum
1337 1674 1348 1692 ,
1394 1644 1568 1682 locorum
1619 1644 1844 1694 Scripturae
1893 1646 1940 1684 ab
1984 1648 2064 1696 ipso

1109 1706 1417 1755 explicatorum,
1443 1705 1624 1744 codicum
1650 1705 1695 1744 ad
1732 1717 1830 1755 quos
1857 1706 2031 1745 dc‘novo
2055 1738 2061 1753 .

1110 1767 1304 1817 Fulgentii
1340 1778 1458 1818 opera
1491 1768 1692 1818 recognita
1717 1773 1837 1814 sunt.
1867 1769 2061 1808 variarum

1113 1829 1329 1868 lectionum
1354 1840 1403 1867 ex
1427 1829 1720 1879 praetermissis
1742 1829 1979 1868 selectarum
2002 1836 2062 1876 ‚et

1114 1895 1317 1941 postremo
1341 1894 1576 1929 erratorum.

1165 1954 1359 1999 Quamvis
1375 1963 1469 1990 vero
1490 1953 1556 2003 qui
1574 1952 1664 1991 huic
1689 1953 1879 2003 Fulgentii
1906 1953 2062 1991 editioni

1109 2016 1320 2054 Parisiensi
1350 2025 1509 2065 operam
1539 2013 1761 2062 dederunt,
1795 2016 1950 2054 nomina
1991 2026 2062 2053 sua

1108 2078 1230 2116 latere
1250 2077 1450 2115 voluerint
1468 2105 1475 2124 ,
1491 2075 1539 2114 de
1564 2075 1717 2126 publica
1741 2077 1911 2115 utilitate
1936 2078 2060 2125 magis

1107 2151 1227 2190 quam
1252 2139 1300 2177 de
1322 2139 1426 2177 fama
1449 2138 1603 2176 solliciti
1630 2142 1670 2175 et
1690 2139 1834 2188 egregii
1861 2139 1950 2176 facti
1971 2149 2062 2176 conv

1108 2201 1272 2240 scientia
1305 2201 1510 2244 contenti,
1541 2200 1743 2237 neminem
1778 2204 1910 2238 tamen
1940 2200 2061 2237 lateri¹

1109 2263 1274 2301 voluere
1294 2291 1302 2310 ,
1325 2262 1498 2300 multum
1521 2272 1599 2300 sea
1622 2262 1773 2299 Jesuita
1799 2261 1914 2298 Petro
1940 2261 2065 2298 Fran<

1108 2324 1210 2364 cisco
1248 2322 1426 2374 Chilletz'o
1467 2322 1626 2373 adjutos
1641 2353 1651 2370 ,
1695 2323 1761 2373 qui
1800 2323 1999 2361 variantes
2030 2335 2064 2359 ιιι

1112 2387 1247 2424 omnia
1273 2386 1354 2424 fere
1378 2386 1574 2436 Fulgentii
1599 2394 1716 2434 opera
1740 2384 1948 2422 lectiones.
1967 2396 2065 2433 quas

1108 2449 1200 2487 olim
1221 2459 1272 2487 ex
1303 2450 1425 2487 variis
1449 2447 1652 2486 codicibus
1685 2446 1947 2484 Bibliothecae
1972 2446 2063 2483 Car-

1108 2510 1266 2549 thusiae
1303 2510 1352 2549 ad
1378 2512 1515 2549 Portas
1544 2510 1833 2558 exscripserat.
1866 2508 2062 2556 benignis-

1108 2574 1208 2611 sime
1228 2583 1322 2612 cum
1339 2574 1386 2611 iis
1407 2570 1728 2611 communicavit.
1750 2569 1810 2606 Ab
1825 2580 1870 2606 eo
1889 2573 2063 2617 tempore

1108 2635 1304 2686 Fulgentii
1318 2646 1436 2686 opera
1455 2633 1646 2685 prodiisse
1662 2643 1710 2669 ex
1731 2629 2062 2668 recensioneBcr-

1108 2695 1255 2735 nhardi
1289 2695 1442 2748 Boryln'
1463 2728 1472 2743 ,
1510 2694 1671 2734 Ordinis
1715 2691 2060 2735 Pmedicatorum,

1108 2759 1287 2798 Venetiis
1313 2760 1428 2798 1696.
1456 2759 1489 2796 li.
1516 2756 1632 2795 didici
1658 2766 1705 2792 ex
1730 2752 1861 2791 Jacobi
1890 2751 2058 2791 Ecliardi

1108 2821 1355 2860 Bibliotheca
1378 2821 1633 2859 Dominieana
1655 2821 1746 2853 tom.
1775 2813 1821 2852 ll.
1842 2826 1926 2864 pag.
1944 2812 2034 2850 744.

1162 2882 1455 2935 Confessionem
1482 2878 1674 2930 Fulgentii
1695 2876 1880 2926 Episcopi
1901 2872 1954 2911 ad
1970 2874 2061 2911 Poc-

1105 2945 1310 2984 nitenteam
1344 2943 1523 2983 dandam
1554 2940 1676 2979 edidit
1716 2939 1824 2987 Ilugo
1853 2933 2060 2974 Menardus

1107 3008 1144 3045 in
1169 3008 1272 3045 notis
1293 3006 1341 3045 ad
1365 3002 1725 3044 Sacramentarium
1744 2999 1917 3047 Gregorii
1937 2997 2057 3044 Magni

1115 3078 1200 3118 pag.
1229 3067 1318 3106 225.

1158 3238 1189 3275 n)
1214 3238 1326 3267 Exstat
1348 3237 1449 3266 etium
1474 3237 1505 3264 in
1538 3239 1616 3264 toni.
1646 3235 1666 3261 x
1698 3237 1840 3271 ‹ips-rimi
1882 3236 2056 3270 Augustini

1101 3289 1132 3318 in
1157 3283 1341 3324 appendice
1370 3291 1441 3321 pag.
1465 3282 1516 3312 51.
1555 3282 1711 3311 editionis·
1739 3281 2061 3313 minandum-usis.

1161 3336 1196 3364 lv>
1224 3332 1422 3371 Rayuaudus
1450 3335 1527 3361 inin.
1553 3331 1588 3359 xi
1609 3332 1750 3368 operum
1776 3338 1851 3367 [ing.
1882 3330 1948 3364 157.
1967 3340 2056 3371 seqq.

1553 3398 1596 3432 T‘i
