2500 3841
870 249 1259 290 nAMiANUs

79 325 188 363 ritiae
208 321 386 362 litteralis
411 322 536 359 nitore
563 322 847 371 conspicuum,
881 321 1026 360 disser-

1967 253 2043 292 ¹227

1150 323 1328 373 Hymnus
1351 319 1397 360 de
1418 319 1554 359 Gloria
1575 320 1773 371 Pararltst,
1791 323 1856 372 qui
1883 322 2017 373 incipit
2039 340 2046 362 :

79 387 248 425 tationes
274 383 388 422 duae.
415 383 475 421 43.
496 383 552 420 De
577 380 692 421 laude
712 382 961 435 slaqellorum
990 387 1028 422 et
1097 384 1163 424 Aa
1168 383 1354 437 perennis
1368 384 1473 424 vitae
1487 383 1630 436 sontem
1649 395 1758 423 mens
1773 384 1898 423 sitivit
1911 384 2042 423 arida.

80 445 322 499 disciplinae,
347 443 396 484 ad
415 445 558 483 fratres
579 445 616 481 in
634 445 765 484 Casini
786 447 928 485 Montis
941 457 1028 484 coc-

79 510 168 548 lesti
183 507 318 547 schola
337 507 541 559 degentes.
566 507 709 547 Confer
731 509 864 547 Jacobi
881 509 1028 547 Boilea-

77 572 131 609 vii
145 570 351 609 historiam
366 570 666 621 flagellantium,
683 571 820 609 Latine
839 572 1026 621 primum,

77 633 236 672 Parisiis
259 631 376 680 47007
402 632 463 671 12.
483 630 626 670 deinde
642 633 762 671 etiam
781 633 928 672 Gallice
949 633 1029 671 edi-

76 701 158 735 tam
177 695 306 746 capite
319 696 489 745 septimo
506 725 515 743 ,
539 696 607 745 qui
627 706 778 734 morem
797 725 804 743 ,
826 697 1031 747 poeniten-

75 759 154 797 tiae
175 767 318 796 caussa
351 768 395 796 se
432 758 564 808 ipsum
595 758 727 808 flagris
767 758 996 797 concidendi
1021 788 1028 805 ,

76 823 195 871 negat
217 823 311 858 ante
336 820 573 859 Damianum
591 821 628 858 in
645 820 823 858 Ecclesia
840 820 1030 859 obtinuis—

76 893 146 931 se,
170 893 291 932 quem
326 883 360 920 si
382 893 462 920 non
487 887 688 921 auctorem
714 886 851 921 tamen
873 886 1027 921 certum

73 948 373 996 propagatorem
390 944 775 995 illiusflagellationis
786 948 1027 995 spontaneae

73 1007 285 1059 profitetur
306 1008 500 1046 Baronius
522 1007 571 1045 ad
595 1006 756 1045 Annum
781 1007 904 1055 1056,
928 1018 966 1044 n.
989 1007 1025 1043 8.

77 1071 141 1109 44.
158 1069 217 1108 De
237 1068 368 1109 decem
387 1068 552 1121 AEyypti
566 1067 699 1121 plaqis
713 1101 724 1117 ,
754 1069 884 1118 iisque
907 1078 1026 1119 oppo-

75 1133 164 1171 sitis
184 1131 324 1172 decem
347 1132 569 1182 praeceptis
591 1132 800 1182 Decalogi,
824 1130 873 1170 ad
909 1131 1026 1169 Joan—

74 1206 168 1234 nem
187 1193 270 1244 J‘am
293 1205 373 1233 non
396 1193 645 1233 Laudensem
669 1225 677 1243 ,
702 1193 867 1244 ideoque
891 1191 1026 1231 lauda-

72 1256 193 1295 bilem
215 1256 368 1295 Virum.
392 1257 453 1295 45.
478 1256 534 1294 De
565 1259 704 1294 sancta
741 1254 991 1307 simplicitate
1012 1286 1021 1302 ,

74 1319 264 1358 scientiae
287 1318 439 1357 inflanti
465 1318 753 1369 anteponenda.
787 1318 850 1357 46.
881 1318 936 1356 De
968 1316 1025 1369 fe-

73 1380 500 1433 rendaaequanimiter
515 1380 770 1433 correptione.
793 1380 853 1419 47.
871 1381 927 1419 De
947 1380 1023 1419 Ca-

74 1443 206 1483 stitate
228 1447 267 1483 et
284 1442 470 1482 remediis
491 1454 579 1481 eam
613 1443 769 1491 tuendi,
795 1443 844 1482 ad
868 1443 1024 1481 Damia-

73 1517 196 1555 num,
219 1518 339 1558 quem
366 1506 647 1545 charissimum
679 1505 803 1544 filium
839 1504 1022 1556 appellat.

74 1569 136 1607 48.
160 1569 219 1607 De
234 1566 514 1621 spiritualibus
533 1565 697 1616 deliciis,
722 1566 772 1606 ad
789 1567 1022 1615 Honestum,

73 1631 249 1671 fratrem.
274 1632 336 1670 49.
365 1631 422 1670 De
430 1629 613 1683 perfecta
632 1628 816 1669 Monachi
835 1627 1025 1682 informa-

75 1693 246 1742 tione,ad
261 1694 455 1733 Marinum
469 1693 682 1744 puerulum
700 1692 944 1731 fratruelem.
963 1692 1025 1730 50.

72 1755 268 1794 Institutio
290 1754 473 1795 Monialis
492 1754 541 1794 ad
571 1755 759 1793 Blancam
779 1784 787 1801 ,
822 1765 872 1793 ex
896 1754 1027 1792 Comi-

72 1817 172 1857 tissa
199 1818 419 1857 Monialem.
456 1819 518 1857 51.
546 1817 603 1855 De
640 1815 726 1855 Vita
757 1815 960 1854 eremitica
993 1818 1031 1853 et

67 1877 249 1932 probatis
263 1879 438 1918 eremitis
454 1910 464 1927 ‚
489 1878 538 1917 ad
561 1879 775 1917 Dominum
795 1879 1022 1917 Teuzonem

77 1943 300 1981 eremitam.
315 1941 378 1981 52.
401 1941 458 1979 De
468 1939 563 1979 bono
578 1939 756 1990 reliyiosi
768 1942 896 1978 status
909 1943 946 1978 et
956 1951 1026 1978 va-

0 2001 1 2015 *
74 2003 237 2043 riarum
245 2002 508 2042 animantium
518 2001 730 2054 tropoloqia
737 2003 770 2050 a)
778 2013 823 2041 ac
835 2002 882 2041 de
890 2013 1025 2040 mona-

72 2068 207 2114 sterio,
216 2067 370 2105 vivario
383 2066 617 2105 animarum.
627 2065 689 2103 53.
702 2065 759 2102 De
769 2063 966 2102 Patientia
985 2063 1025 2101 in

76 2128 330 2169 insectatione
345 2125 616 2180 improborum
630 2159 642 2176 ,
659 2126 708 2166 ad
731 2127 979 2165 Dominicum
1003 2127 1025 2164 a

77 2191 203 2230 ferrea
224 2191 368 2240 lorica,
389 2201 467 2241 qua
486 2200 629 2240 corpus
649 2200 769 2229 suum
793 2188 1023 2240 subigebat,

77 2252 227 2293 dictum
264 2252 496 2301 loricatum,
534 2251 584 2291 de
617 2263 695 2303 quo
730 2252 947 2291 Damianus
983 2252 1022 2288 in

76 2316 159 2355 vita
179 2314 370 2367 Rodolphi
391 2314 589 2366 Eugubini
603 2346 615 2363 ,
638 2319 734 2353 tom.
757 2315 794 2352 2.
824 2325 860 2364 p.
885 2313 962 2353 209
983 2317 1023 2352 et

74 2378 323 2429 Martyrolog.
345 2379 456 2416 Rom.
483 2377 532 2416 44
561 2376 720 2416 Octobr.
748 2377 812 2415 54.
833 2376 890 2414 De
917 2375 1025 2427 jeju-

75 2438 141 2477 nio
163 2437 341 2488 Sabbati,
362 2439 411 2478 ad
435 2440 579 2478 fratres
602 2440 640 2477 in
665 2438 861 2488 Gamungi
877 2448 1021 2476 eremo.

77 2501 140 2540 55.
170 2501 227 2540 De
252 2499 498 2540 celebrandis
533 2499 694 2551 viqiliis.
731 2501 793 2539 56.
822 2501 877 2538 De
904 2499 1024 2550 fluoea

76 2562 216 2603 Mundi
246 2561 379 2614 yloria
413 2567 450 2602 et
482 2562 634 2601 saeculi
664 2561 907 2614 despectione
925 2593 935 2610 ,
975 2562 1024 2600 ad

75 2624 271 2676 Agnetem
294 2625 601 2675 Imperatricem.
636 2624 698 2663 57.
737 2625 794 2662 De
829 2623 1025 2675 Principis

77 2685 201 2741 officio
225 2687 266 2725 in
289 2685 519 2726 coercitione
547 2684 815 2737 improborum
833 2717 844 2733 ,
882 2685 1027 2724 disser-

76 2749 248 2788 tationes
275 2747 377 2787 duae
411 2747 462 2787 ad
490 2747 776 2786 Gothofredum
811 2748 960 2786 Ducem
987 2752 1028 2786 et

76 2811 354 2851 Marchionem.
382 2810 444 2850 58.
471 2809 527 2848 De
549 2820 648 2849 vera
671 2807 857 2861 felicitate
887 2820 934 2847 ac
962 2819 1027 2847 sa-

72 2872 252 2927 pientia,
281 2872 331 2913 ad
368 2871 726 2924 prudentissimum
748 2872 880 2910 virum
913 2873 1028 2910 Boni-

81 2936 239 2977 facium.
267 2937 330 2976 59.
358 2936 416 2974 De
447 2934 670 2974 novissimis
703 2937 738 2972 et
758 2932 997 2972 Antichristo
1013 2965 1022 2981 ,

81 2998 132 3039 ad
151 2999 341 3040 dilectum
366 2998 526 3038 fratrem
562 2997 700 3036 Adam.
730 2996 794 3034 60.
816 2995 1024 3047 Empositio

30 3082 34 3089 ι
79 3061 247 3114 mystica
268 3059 530 3101 historiarum
549 3058 645 3099 libri
665 3059 866 3099 Geneseos.

133 3123 234 3163 Acta
257 3122 452 3174 quaedam
477 3121 697 3174 Leyationis
720 3121 824 3160 Petri
846 3120 1025 3160 Damiani

82 3186 132 3225 ab
150 3185 374 3226 Alexandro
397 3186 452 3236 11,
476 3187 586 3225 missi
607 3185 647 3223 in
671 3183 868 3230 Galliam,
890 3186 930 3221 ct
954 3182 1028 3232 Sy-

84 3248 175 3287 nodi
193 3249 233 3287 in
255 3248 390 3288 Galliis
419 3248 639 3288 celebratae
663 3246 737 3286 An.
768 3245 882 3285 1063.

141 3379 176 3410 ω
201 3379 288 3413 Adde
308 3379 489 3419 Epiphanii
512 3380 746 3418 Physioiognm
762 3403 770 3416 ‚
790 3382 818 3408 rt
843 3378 1038 3410 bestiarium

1156 446 1294 486 TOMO
1312 447 1377 486 IV.
1405 446 1611 486 Orationes
1630 448 1715 485 sive
1734 457 1875 499 preces
1897 447 2050 486 etLita-

1098 510 1188 549 niae
1207 542 1217 558 ,
1243 509 1411 561 Hymni,
1438 509 1659 557 Lectiones,
1684 509 1854 558 Missae,
1879 511 2048 560 Respon*

1101 573 1211 611 soria
1234 577 1274 611 et
1293 571 1484 612 Carmina
1504 572 1694 610 CCXXV.
1714 572 1752 609 in
1767 571 1912 621 quibus
1929 573 2047 610 etiam

1100 633 1357 685 Epitaphium
1377 664 1385 681 ,
1409 632 1514 682 quod
1539 634 1622 683 ipse
1649 633 1724 671 sibi
1747 635 1963 673 Damianos
1984 645 2051 684 po-

1102 697 1193 743 suit,
1218 707 1327 734 num.
1352 695 1523 734 CCXIII.
1547 694 1660 743 Quod
1681 706 1782 732 nunc
1805 706 1856 744 es,
1873 694 2051 747 fuimus;

1103 769 1145 797 es
1161 789 1174 805 ‚
1201 756 1306 809 quod
1326 766 1466 794 sumus
1484 787 1494 804 ,
1518 755 1600 807 ipse
1621 754 1789 806 futurus
1813 761 1888 794 etc.

1157 817 1404 858 Collectanea
1441 817 1483 855 in
1514 818 1628 856 Vetus
1654 817 1968 869 Testamentum,
2001 831 2050 857 ex

1101 881 1292 932 Epistolis
1315 883 1357 918 et
1393 880 1596 930 opusculis
1632 880 1811 918 Damiani
1842 881 2006 919 collecta
2029 893 2050 920 a

1100 942 1288 982 Monacho
1312 941 1523 992 Anonymo
1548 942 1652 981 illius
1675 942 1887 993 Discipulo,
1908 943 1958 981 ad
1978 945 2052 982 Da-

1099 1006 1275 1044 mianum
1299 1005 1402 1043 Petri
1438 1005 1570 1043 fratris
1600 1004 1751 1053 filium,
1781 1006 1844 1044 cui
1869 1005 2051 1055 Opuscu-

1099 1068 1181 1106 lum
1207 1066 1269 1105 47.
1294 1078 1316 1105 a
1339 1068 1454 1106 Petro
1478 1067 1656 1107 dicatum
1680 1078 1800 1118 supra
1822 1066 1917 1105 dixi.

1150 1127 1299 1180 Reyula
1317 1128 1573 1168 institutionis
1585 1129 1694 1168 Cano
1700 1140 1822 1177 nicae,
1832 1130 2051 1179 praemissa

1098 1191 1147 1230 ad
1168 1190 1397 1230 Paschalem
1422 1192 1468 1230 ΙΙ.
1492 1191 1670 1242 Epistola
1691 1221 1699 1238 ,
1723 1195 1763 1229 et
1787 1191 1862 1230 alia
1883 1191 2052 1230 Pascha-

1098 1253 1145 1292 lis
1169 1265 1247 1304 qua
1270 1252 1344 1292 An.
1383 1255 1485 1293 1415
1509 1264 1598 1292 eam
1623 1254 1826 1304 suscipere
1850 1257 1891 1291 et
1911 1253 2054 1292 confir-

1097 1327 1206 1354 mare
1243 1327 1287 1355 se
1323 1320 1496 1355 testatur
1516 1347 1524 1366 ,
1560 1315 1609 1354 ad
1638 1316 1788 1354 calcem
1827 1315 2051 1355 subiuncta.

1097 1380 1199 1417 Haec
1218 1379 1368 1430 Regula
1388 1390 1465 1417 non
1485 1380 1647 1418 Petrum
1661 1379 1898 1417 Damianum
1918 1381 2053 1417 aucto-

1096 1452 1179 1480 rem
1202 1441 1347 1490 habet,
1373 1441 1443 1480 sed
1465 1446 1508 1480 ut
1539 1442 1677 1492 probat
1712 1442 1952 1491 Cajetanus,
1987 1442 2051 1492 ju-

1097 1504 1249 1542 niorem
1273 1503 1487 1543 PETRUM
1507 1503 1577 1541 DE
1599 1503 1885 1552 HONESTIS,
1911 1515 2053 1554 cogno-

1097 1570 1231 1605 mento
1255 1571 1518 1617 peccatorem,
1543 1566 1741 1605 Clericum
1762 1567 2050 1613 Ravennatem,

1098 1629 1271 1668 Priorem
1288 1628 1474 1668 Coenobii
1494 1629 1736 1667 portuensis.
1751 1629 2050 1667 DamianusAn.

1102 1690 1204 1730 1072
1227 1691 1331 1730 diem
1357 1691 1480 1740 obiit,
1507 1693 1649 1730 Petrus
1672 1690 1721 1729 de
1755 1692 1940 1730 Honestis
1973 1690 2049 1729 An.

1102 1754 1217 1793 1119.
1254 1753 1455 1792 Paschalis
1494 1756 1596 1805 Papa
1635 1754 1709 1793 fuit
1742 1744 1802 1792 ab·
1818 1752 1893 1792 An.
1921 1754 2051 1802 1099,

1101 1815 1149 1854 ad
1175 1816 1291 1855 4118.

1151 1878 1361 1917 Sermones
1380 1877 1551 1930 quinque
1574 1877 1616 1915 in
1632 1877 1857 1916 Orationem
1875 1877 2050 1915 Domini—

1099 1951 1185 1978 cam
1203 1972 1214 1989 ,
1239 1951 1340 1990 quos
1360 1940 1434 1979 sub
1456 1940 1635 1979 Damiani
1661 1941 1822 1978 nomine
1845 1939 1919 1978 An.
1947 1940 2049 1978 4666

1098 2003 1304 2054 vulgavit,
1328 2007 1447 2041 tomo.
1472 2003 1540 2041 VII
1560 2032 1568 2051 ,
1591 2003 1778 2053 spicilegii
1801 2001 2018 2040 Dacherius
2036 2031 2045 2049 ,

1098 2066 1180 2116 ipse
1205 2069 1341 2116 postea
1362 2065 1523 2114 agnovit
1546 2075 1635 2103 esse
1658 2065 1803 2103 PETRI
1827 2063 2044 2104 CHRYSO-

1098 2127 1213 2167 LOGI
1234 2157 1242 2176 ,
1267 2129 1330 2166 cui
1354 2128 1473 2166 etiam
1499 2127 1537 2164 in
1561 2137 1664 2165 nova
1692 2127 1882 2178 spicilegii
1913 2125 2049 2164 editio-

1099 2201 1175 2238 ne,
1200 2193 1296 2228 tom.
1319 2191 1354 2228 1.
1380 2201 1416 2240 p.
1446 2189 1524 2228 215
1555 2189 1730 2227 restituti
1764 2188 1977 2239 leguntur,
2011 2192 2051 2226 et

1093 2250 1175 2301 jam
1196 2251 1350 2303 pridem
1376 2252 1412 2288 in
1438 2250 1622 2289 omnibus
1644 2250 1878 2301 Chrysologi
1901 2261 2052 2289 sermo—

1098 2325 1194 2353 num
1219 2314 1458 2354 editionibus
1483 2314 1574 2352 lecti
1590 2317 1686 2352 sunt
1709 2342 1717 2359 ,
1741 2324 1851 2351 num.
1872 2312 1949 2362 67,
1973 2314 2023 2351 68
2038 2344 2048 2360 ,

1097 2375 1146 2414 70
1163 2408 1173 2425 ,
1198 2375 1241 2416 74
1262 2408 1273 2425 ,
1297 2376 1361 2416 72.
1384 2381 1430 2415 ut
1453 2376 1503 2414 ab
1525 2374 1680 2414 Oudino
1699 2379 1794 2414 tom.
1813 2375 1850 2414 2.
1867 2386 1954 2426 pag.
1972 2375 2048 2413 629

1093 2439 1174 2489 jam
1199 2443 1392 2478 notatum.

1148 2500 1407 2540 DAMIANUS
1431 2498 1603 2538 Zavalia
1620 2531 1633 2546 ,
1664 2501 1877 2538 Januensis
1904 2499 2048 2549 Ligur,

1097 2563 1189 2603 Ord.
1215 2562 1352 2601 Praed.
1375 2563 1528 2613 primus
1560 2562 1703 2600 Montis
1738 2561 1919 2611 RegaliS,
1943 2560 2047 2610 apud

1098 2625 1286 2664 Insubres
1317 2625 1565 2675 EpiscopuS,
1597 2622 1811 2662 defunctus
1836 2622 1911 2661 An.
1946 2623 2048 2661 1388

1100 2687 1217 2737 cujus
1253 2686 1411 2725 decreta
1446 2697 1473 2723 a
1507 2696 1604 2724 suae
1641 2683 1858 2724 dioeceseos
1895 2682 2050 2723 clericis

1099 2747 1300 2788 servanda
1323 2747 1547 2788 laudantur.
1571 2747 1668 2786 Vide
1691 2746 1880 2786 Jacobum
1900 2745 2047 2792 Quetif,

1101 2817 1196 2850 tom.
1221 2813 1255 2850 4.
1280 2822 1366 2862 pag.
1390 2809 1479 2849 749.

1152 2872 1337 2925 AEqi'dius
1358 2872 1405 2912 de
1422 2871 1624 2917 DAMNJS,
1648 2882 1768 2922 supra
1787 2875 1882 2910 tom.
1905 2872 1940 2909 1.
1957 2881 2043 2921 pag.

1098 2936 1161 2975 20.
1186 2935 1418 2975 AEGIDIUS.

1148 2997 1402 3039 DAMPETRI
1419 2997 1516 3036 haec
1537 2996 1643 3035 MSS.
1669 2997 1778 3035 fuere
1798 2995 1902 3047 apud
1922 2996 2047 3034 Rona-

1098 3065 1184 3098 tum
1205 3061 1361 3098 Moreau
1381 3090 1390 3108 ,
1412 3058 1605 3098 Medicum
1627 3059 1886 3097 Parisiensem
1901 3088 1911 3105 ,
1945 3061 2047 3097 teste

1100 3121 1264 3168 Labbeo,
1282 3122 1318 3160 in
1334 3121 1572 3160 Bibliotheca
1587 3121 1941 3170 Manuscriptorum
1957 3130 2044 3171 pag.

1100 3184 1188 3224 248.
1216 3181 1517 3222 Plialeuciorum
1539 3180 1633 3220 libri
1658 3182 1718 3226 VI,
1739 3180 1785 3219 de
1807 3181 2046 3220 institutione

1104 3246 1187 3297 ey'us
1208 3245 1275 3284 cui
1290 3249 1382 3284 sunt
1395 3245 1570 3296 Viryines
1587 3243 1861 3284 instituendae:
1877 3255 2042 3296 quorum

1102 3380 1247 3418 wigonis
1269 3378 1308 3410 de
1330 3380 1360 3410 S.
1381 3379 1527 3410 Vis-tore.
1545 3380 1626 3407 tom.
1640 3376 1673 3408 2.
1688 3377 1769 3416 opp.
1793 3384 1870 3415 pag.
1892 3375 1964 3407 391.
1982 3383 2048 3414 seq.
