2500 3841
842 195 1386 237 BERENGARIUS

124 271 386 313 stantiationis
404 271 552 319 Dogma
576 269 614 305 111
630 267 669 305 S.
688 268 819 305 Coena
838 268 988 306 viribus
1001 278 1083 306 0111-

125 336 240 375 nibus
263 342 501 384 oppugnare,
518 329 623 368 unde
639 328 713 367 An.
730 328 831 368 4050
858 329 896 366 in
927 329 1084 379 synodo

123 399 297 436 Romana
335 394 526 445 primum,
550 390 692 429 deinde
716 391 756 428 in
796 391 977 440 pluribus
1001 391 1086 429 aliis

123 458 307 498 Conciliis
327 456 372 503 a)
396 454 611 493 damnatus
634 457 673 491 et
693 452 743 491 ad
762 442 1003 504 palinodiam
1024 465 1088 491 ca-

125 519 297 559 nendam
327 522 388 556 ter
423 515 636 565 redactus⁷
661 515 703 564 b>
728 519 859 554 tamen
897 515 1013 553 ctiam
1039 515 1087 553 ab

176 651 212 692 a)
228 651 287 682 llla
303 649 453 681 Concilia
471 648 564 681 111616
586 652 718 688 praeter
746 649 977 679 Britonenscm
1005 648 1091 678 Con-

118 705 256 734 ventum
277 703 338 732 An.
368 699 449 731 1050
473 700 498 730 1.
529 698 735 730 vercellense
751 699 867 729 eodem
885 700 979 728 Anno
999 696 1090 728 1050.

119 754 161 784 11.
176 752 362 782 Pal-islense
377 753 472 780 Anno
487 748 580 780 1055.
599 750 656 779 111.
674 748 905 779 Florentinum
920 751 980 778 An.
1000 746 1091 777 1055.

118 803 172 832 lv.
188 803 225 832 V.
244 801 295 831 Vl.
319 800 527 831 Turonensia
542 798 608 830 duo
626 801 658 829 et
676 798 916 836 Andegavcnsc
932 811 941 836 3
958 797 997 827 ‹le
1015 797 1094 836 qui-

115 850 177 882 bus
191 851 270 889 Pagi
288 848 331 880 ad
353 851 487 880 Annum
505 848 586 879 1055
612 856 704 878 num.
729 847 748 877 5
770 855 842 886 seq.
872 849 940 878 Vll.
973 848 1095 876 Roma-

117 909 200 932 num
216 903 311 931 Anno
330 898 421 930 1059.
435 900 520 929 Vlll.
538 898 805 937 Rothomagense
820 900 917 927 Anno
935 896 1026 927 1065.
1045 896 1095 926 lx.

116 950 326 982 Pictaviense
352 951 447 979 Anno
466 947 546 978 1075
570 949 604 978 111
621 955 687 986 quo
713 947 936 986 Berengarius
957 946 1095 976 sancius

119 999 223 1030 ferme
244 1000 439 1030 interemtus
453 1002 526 1035 est,
554 1001 636 1028 teste
666 996 833 1027 Chronico
862 993 1096 1027 malleacensi.

118 1051 146 1080 X
169 1051 355 1080 Romanum
369 1051 463 1079 Anno
483 1047 576 1078 1078.
593 1049 633 1077 xl
656 1049 841 1077 Romanum
858 1042 974 1074 eodem
995 1045 1093 1073 Anno

122 1098 204 1130 1079
220 1097 300 1130 Vide
315 1102 444 1129 tomum
465 1101 622 1137 quartum
646 1097 756 1135 operis
772 1107 779 1125 ι
797 1094 826 1124 la
844 1093 1034 1133 perpetuite
1052 1091 1092 1122 de

122 1149 152 1180 la
167 1150 234 1188 Foy
247 1173 256 1186 ‚
271 1151 304 1179 ct
322 1149 355 1179 in
381 1147 437 1178 illo
459 1149 649 1179 sectionem
670 1146 723 1176 cui
752 1142 870 1174 titulus
883 1154 892 1172 .·
919 1141 1092 1173 Tradition

119 1199 160 1230 de
187 1199 207 1230 l‘
225 1198 332 1238 Eglise
355 1197 518 1229 touchant
542 1196 562 1226 l'
578 1195 790 1227 Eucharisiic
805 1217 816 1232 ,
847 1201 924 1232 pag.
949 1192 990 1223 40
1021 1199 1091 1230 seq.

121 1249 303 1288 Caspai-um
320 1248 533 1287 Sagittarium
556 1243 742 1276 Introduct.
773 1244 807 1274 in
831 1243 955 1273 Histor.
976 1240 1092 1272 Eccle—

122 1300 214 1330 siast.
232 1305 308 1338 pag.
325 1296 386 1327 885
400 1304 469 1335 seq.
494 1299 558 1326 etc.

181 1347 217 1385 b)
236 1349 385 1378 Primum
402 1348 436 1377 in
457 1347 602 1376 Romano
617 1342 767 1375 Concilio
781 1345 876 1372 Anno
903 1339 999 1372 1059,
1016 1340 1091 1379 qu

122 1397 377 1438 Berenqarius,
411 1395 584 1434 indiqnus
620 1393 805 1424 Diaconus
845 1390 1031 1422 Ecclesiae
1056 1390 1090 1421 S.

121 1447 288 1481 Mauritii
323 1444 590 1485 Andeqavensis
603 1468 613 1482 ,
647 1450 865 1482 coqnoscens
917 1449 1037 1471 veram
1065 1443 1098 1471 et

121 1496 366 1538 Apostolicam
397 1495 525 1535 sidem,
550 1492 816 1524 anathematizo
843 1499 981 1522 omnem
1019 1490 1102 1521 hae-

123 1546 242 1584 resin,
279 1544 473 1585 praecipue
506 1544 548 1573 de
583 1551 655 1583 qua
691 1542 861 1575 haetenus
899 1540 1099 1580 infamatus

122 1604 224 1627 sum:
247 1602 336 1635 quae
359 1594 545 1625 adstruere
568 1597 720 1624 conatur
736 1615 745 1630 ,
771 1600 901 1632 panem
918 1595 952 1622 et
967 1591 1101 1629 vinum,

122 1653 210 1686 quae
231 1645 271 1676 in
293 1644 406 1675 altari
440 1647 623 1683 ponuntur
638 1666 648 1681 ‚
682 1646 765 1682 post
793 1641 1100 1673 consecrationem

125 1695 345 1726 solummodo
368 1693 658 1731 Sacramentum,
675 1697 710 1724 et
722 1701 795 1724 non
815 1701 937 1723 verum
959 1692 1099 1731 Corpus

122 1748 157 1776 et
176 1744 395 1784 Sanquinem
417 1743 595 1775 DOMINI
614 1743 733 1773 nostri
769 1743 883 1774 JESU
907 1742 1102 1774 CHRISTI

124 1803 199 1826 esse
215 1819 225 1833 ‚
254 1803 317 1824 nec
341 1801 447 1834 posse
473 1793 691 1824 sensualiter
708 1792 782 1823 nisi
804 1792 844 1822 in
861 1791 937 1822 solo
966 1792 1097 1823 Sacra-

121 1847 238 1874 mento
260 1842 426 1874 manibus
454 1843 691 1875 sacerdotum
714 1841 870 1872 tractari
885 1841 939 1871 vel
955 1840 1093 1880 franqi,

121 1893 176 1924 vel
196 1892 354 1934 fidelium
376 1892 539 1923 dentibus
557 1892 677 1923 atteri.
704 1890 899 1923 Consentio
925 1894 1043 1921 autem
1061 1890 1095 1922 S.

123 1944 308 1975 Romanae
329 1942 512 1974 Ecclesiae
534 1946 567 1973 et
589 1941 818 1982 Apostolicae
843 1940 949 1978 Sedi,
976 1943 1009 1970 et
1033 1948 1094 1969 ore

126 1997 160 2024 et
189 1993 293 2023 corde
334 1993 504 2032 profiteor
539 1992 580 2022 de
615 1992 844 2023 Sacramenta
884 1989 1095 2020 Dominicae

123 2051 265 2075 mensae
300 2050 379 2073 eam
399 2042 503 2082 fidem
539 2050 591 2072 me
614 2045 755 2078 tenere,
787 2048 893 2079 quam
916 2039 1090 2070 Dominus

121 2097 155 2125 et
179 2091 401 2125 Venerabilis
435 2092 540 2132 Papa
573 2090 747 2123 Nicolaus
765 2113 774 2128 ‚
799 2093 833 2120 et
856 2089 941 2119 haec
964 2092 1096 2120 saneta
1118 2120 1121 2123 ,

125 2143 292 2183 synodus
310 2141 528 2173 auctoritate
560 2139 782 2180 Evanqeliea
821 2143 855 2170 et
885 2138 1096 2178 Apostolica

121 2193 309 2225 tenendam
327 2192 492 2230 tradidit,
507 2191 661 2230 mihique
678 2190 855 2231 firmavit:
874 2189 1012 2220 scilicet
1029 2198 1097 2229 pa-

122 2251 202 2274 nem
222 2246 255 2273 et
277 2241 419 2280 vinum,
447 2250 536 2281 quae
562 2242 601 2272 in
634 2241 750 2274 altari
779 2244 981 2280 ponuntur,
1011 2243 1095 2279 post

122 2291 427 2324 consecrationem
448 2300 521 2322 non
561 2291 676 2322 solum
699 2292 967 2323 Sacramentum
982 2314 991 2328 ‚
1029 2290 1110 2320 sed1

124 2342 233 2374 etiam
254 2350 374 2373 verum
397 2342 536 2381 Corpus
556 2345 589 2372 et
604 2341 821 2381 sanquinem
837 2340 1017 2373 DOMINI
1029 2348 1095 2371 no-

125 2391 194 2422 stri
227 2391 340 2423 JESU
362 2391 548 2423 CHRISTI
569 2399 666 2421 esse:
704 2394 738 2420 et
778 2389 996 2422 sensualiter
1022 2398 1094 2421 non

123 2441 237 2472 solum
271 2441 522 2478 Sacramenta,
547 2440 608 2470 sed
648 2441 688 2470 in
723 2440 873 2470 veritate
892 2462 900 2478 ‚
931 2439 1094 2470 manibus

123 2489 354 2522 sacerdotum
377 2489 532 2520 tractari
555 2493 589 2519 et
610 2488 759 2528 franqi‚
783 2493 817 2519 et
839 2488 996 2529 fidelium
1011 2489 1096 2518 den-

125 2537 219 2569 tibus
243 2539 375 2569 atteri:
394 2537 529 2576 jurans
552 2547 615 2577 per
636 2539 805 2570 Sanctam
831 2541 863 2568 et
885 2537 1096 2567 hmnonsion

130 2587 364 2624 Trinitatem,
388 2591 421 2618 et
443 2596 506 2627 per
527 2587 612 2617 haec
633 2588 891 2620 Sacro-Sancta
913 2587 1099 2619 CHRISTI

124 2636 336 2676 Evanqelia.
354 2636 426 2666 Eos
449 2644 530 2666 vero
545 2660 556 2675 ,
584 2636 644 2674 qui
667 2640 792 2666 eontra
814 2636 904 2666 hanc
919 2636 1021 2675 fidem
1035 2645 1092 2666 ve-

123 2686 268 2725 nerint,
296 2694 374 2716 cum
408 2684 636 2724 cloqmatibus
659 2689 692 2716 et
718 2684 956 2716 sectatoribus
988 2686 1063 2715 suis
1080 2710 1092 2724 ‚

124 2739 268 2767 aeterno
283 2734 507 2766 anathemate
523 2735 652 2774 diqnos
671 2743 746 2765 esse
761 2734 971 2774 pronuncio.
991 2734 1091 2773 Quod

123 2786 156 2829 si
178 2794 240 2826 eqo
264 2786 339 2825 ipse
363 2784 502 2824 aliquid
527 2788 653 2815 eontra
677 2784 761 2814 llaec
784 2784 916 2815 sentire
935 2793 977 2815 ac
994 2793 1097 2824 prae-

125 2837 248 2867 dicare
269 2843 516 2876 praesumsero
533 2859 542 2872 ‚
569 2832 772 2871 subjaceam
798 2834 981 2865 canonum
1005 2843 1098 2865 seve-

126 2885 244 2918 ritati.
269 2885 370 2916 Lecto
389 2887 423 2915 et
438 2883 592 2924 perlecto
611 2887 736 2923 sponte
753 2882 951 2922 subscripsi
969 2883 1094 2914 Deinde

125 2937 160 2968 in
184 2935 332 2968 Concilio
354 2937 502 2966 Romano
539 2937 600 2964 An.
626 2932 718 2964 1078.
753 2933 929 2972 Profiteor
964 2941 1093 2972 panem

126 2985 258 3018 altaris
280 2989 364 3025 post
386 2984 690 3016 consecrationem
715 2991 790 3013 esse
816 2991 933 3012 verum
958 2984 1095 3023 Corpus

130 3035 339 3073 CHRISTI,
363 3035 454 3075 quod
477 3038 601 3064 natum
637 3036 689 3063 est
725 3033 766 3063 cle
800 3031 967 3071 Virqine,
1004 3033 1097 3072 quod

120 3092 271 3125 passum
297 3089 349 3115 est
373 3085 411 3115 in
438 3085 546 3116 Cruce
566 3108 576 3122 ,
597 3083 689 3123 qued
714 3082 810 3112 sedet
838 3082 884 3111 ad
908 3081 1093 3113 dexteram

121 3133 271 3165 Patris:
296 3138 329 3165 et
355 3134 481 3166 Vinum
503 3134 659 3171 altaris,
686 3137 873 3173 postquam
909 3140 1099 3163 consecra-

94 3175 100 3182 ’
123 3187 197 3214 tum
220 3187 295 3221 est,
318 3191 394 3214 esse
417 3192 536 3214 verum
569 3183 787 3223 sanquinem
802 3205 811 3219 ,
840 3182 899 3221 qui
935 3183 1097 3213 manavit

123 3232 166 3263 de
182 3231 294 3264 latere
310 3233 662 3266 CHRISTLEtsicut
679 3241 738 3263 ore
752 3232 963 3272 pronuncia,
974 3232 1026 3262 ita
1040 3241 1092 3263 me

124 3280 166 3312 in
187 3282 291 3313 eorde
315 3282 440 3314 habere
463 3285 645 3324 confirmo,
660 3284 717 3315 Sic
732 3291 784 3313 me
807 3281 953 3320 adjacet
971 3282 1092 3315 DEUS

121 3334 155 3362 et
179 3330 264 3364 haee
285 3341 403 3366 sacra.
439 3335 590 3373 Denique
622 3335 758 3366 tertium
782 3334 823 3375 ¹in
851 3332 999 3365 Concilio
1021 3334 1085 3365 Ro-

2043 197 2116 235 197

1156 277 1201 304 60
1225 269 1401 316 tompore
1426 275 1504 303 non
1533 265 1699 304 obscure
1723 264 1964 315 significavit
1992 276 2014 304 a
2044 267 2119 316 pri-

1158 339 1224 367 016
1254 328 1451 366 sententia
1475 329 1706 377 neutiqucm
1736 338 1778 366 se
1803 328 2035 366 recessisse.
2062 327 2120 365 Ah

1160 402 1205 429 eo
1223 401 1366 428 nomen
1382 388 1876 429 BERENGARIANORUM
1898 389 2002 440 apud
2017 389 2122 428 Ano-

1161 463 1328 501 nymum
1350 452 1616 490 Mellicensem
1639 462 1722 502 cap.
1749 452 1810 489 88.
1839 451 1936 490 Vide
1960 452 2121 502 Pagium

1160 512 1209 552 ad
1234 513 1343 551 illum
1366 512 1528 551 Annum
1571 525 1678 551 num.
1706 513 1754 551 10
1780 524 1863 563 seq.
1889 517 1930 551 et
1952 513 2121 551 Mabillo-

1162 575 1215 613 nii
1238 576 1564 613 Dissertationcm
1589 576 1627 622 c)
1654 575 1702 612 de
1738 575 1960 625 Bercngarii
1991 574 2123 613 multi-

1159 636 1250 686 plici
1274 635 1536 684 damnatione,
1558 635 1647 673 iidci
1674 636 1935 684 Professione,
1966 636 2121 686 relapsu

1155 701 1195 735 61
1218 697 1472 747 poenitentia,
1498 700 1592 733 tom.
1616 698 1649 734 ll
1673 696 1857 735 Analect.
1883 710 1918 747 p.
1938 697 2120 735 268-494

1161 762 1201 796 61
1232 758 1255 796 f.
1282 759 1357 796 513
1382 757 1565 795 editionis
1595 769 1737 796 novae:
1762 763 1802 795 ct
1837 759 2121 809 praefationem

1161 818 1210 856 ad
1234 823 1388 869 partem
1412 818 1628 857 secundam
1645 818 1685 867 d)
1707 819 1897 857 Actorum
1916 820 2123 858 566111156-

1162 882 1219 918 xti
1244 880 1505 928 Benedictini,
1527 882 1780 920 Franciscum
1804 880 1852 918 dc
1872 882 1951 930 Roy
1974 883 2122 919 Disser-

1165 945 1234 979 tat.
1273 941 1322 980 de
1352 942 1505 980 haeresi
1529 947 1568 980 61
1592 944 1834 993 poenitentia
1871 944 2091 992 Bcrcngarii
2113 972 2120 989 ,

1164 1001 1367 1053 AndegaV.
1396 1004 1512 1053 1656,
1535 1006 1557 1042 8
1578 1006 1621 1043 Ι).
1643 1006 1798 1043 116111161
1821 1005 1971 1043 Mullcri
1998 1005 2123 1042 111510-

1163 1066 1266 1103 riam
1291 1067 1439 1104 veteris
1463 1071 1503 1104 ot
1536 1068 1627 1104 novi
1651 1067 2023 1117 Berengarianismi,
2053 1067 2124 1103 Ro-

1163 1127 1289 1165 stochi
1316 1127 1436 1176 1674,
1463 1129 1496 1166 1.
1522 1129 1710 1167 ,Iacobum
1732 1131 1910 1180 Basnage
1935 1130 1973 1166 in
1999 1129 2124 1166 ilisto-

1163 1190 1219 1226 ria
1233 1189 1512 1228 Ecclesiastica
1533 1190 1752 1239 dogmatica
1769 1191 1874 1229 edita
1893 1191 2040 1229 Gallice
2060 1190 2122 1228 lib.

1160 1252 1289 1290 XXIV
1312 1262 1395 1302 cap.
1421 1253 1444 1291 2
1469 1263 1554 1303 pag.
1581 1253 1680 1292 1391
1709 1264 1818 1303 seqq.
1849 1258 1889 1291 61
1927 1257 2019 1292 ante
2050 1253 2122 1290 hos

1164 1323 1303 1350 omnes
1326 1313 1583 1363 Anonymum
1606 1318 1786 1353 veterem
1802 1315 2038 1353 Monachum
2054 1316 2124 1352 Bc-

1166 1374 1432 1423 nedictinum,
1451 1377 1517 1426 qui
1533 1375 1647 1414 Anno
1665 1377 1766 1415 ⁴088
1782 1378 1939 1428 scripsit
1959 1377 2007 1415 dc
2025 1376 2125 1414 111111-

1168 1436 1289 1486 tiplici
1320 1438 1545 1487 Berengarii
1588 1437 1868 1486 damnatione,
1911 1439 2061 1477 editum
2104 1451 2128 1478 a

1167 1499 1280 1536 Petro
1303 1500 1510 1537 Francisco
1543 1499 1725 1537 Chissetio
1750 1501 1852 1538 inter
1874 1501 1950 1538 alia
1980 1502 2125 1551 scripta

1166 1561 1285 1611 prlsci
1308 1562 1412 1609 aevi,
1435 1562 1473 1609 e)
1499 1562 1663 1599 Divione
1687 1562 1804 1609 4656,
1831 1562 1866 1600 4.
1902 1563 1957 1600 De
1986 1563 2125 1600 advor-

1167 1623 1281 1661 sariis
1304 1623 1527 1673 Berengarii
1545 1622 1625 1661 dixi
1642 1624 1681 1661 in
1700 1622 2021 1671 ADELMANNO,
2042 1624 2126 1662 AL-

1167 1684 1321 1732 GERO,
1346 1685 1621 1734 DEODUINO,
1645 1685 1883 1725 DURANDO
1908 1688 2126 1724 ’1100111611-

1166 1749 1198 1785 si
1219 1776 1227 1796 ,
1268 1746 1573 1794 GOZECHINO,
1618 1748 1822 1788 HUGONE
1866 1749 2126 1799 Lingonensi,

1165 1810 1472 1856 GUITMUNDO,
1485 1810 1516 1858 s)
1530 1810 1801 1849 HUMBERTO
1817 1809 1864 1848 de
1883 1810 2007 1860 Sylva
2024 1811 2126 1849 Can-

1166 1872 1272 1921 dida,
1298 1871 1601 1912 LANFRANCO
1621 1876 1695 1910 616.
1722 1873 1927 1912 Zacharias
1957 1872 2127 1921 Chryso-

1164 2050 1263 2073 mano
1285 2045 1379 2073 Anno
1402 2040 1493 2073 1079.
1518 2042 1593 2082 qu
1616 2042 1858 2082 Berenqarius
1891 2041 1994 2072 corde
2023 2039 2129 2071 eredo

1161 2095 1195 2122 et
1220 2100 1280 2121 ore
1301 2092 1491 2131 confiteor,
1523 2092 1658 2122 Panem
1693 2095 1725 2122 et
1769 2092 1918 2131 Vinum,
1955 2099 2041 2130 quae
2068 2099 2131 2129 po-

1158 2145 1293 2172 nuntur
1314 2141 1354 2171 in
1378 2141 1510 2181 altari,
1534 2150 1598 2181 per
1619 2141 1831 2181 Mysterium
1867 2145 2012 2171 sanctae
2041 2140 2132 2171 Ora-

1157 2191 1268 2222 tionis
1292 2195 1326 2222 et
1352 2189 1459 2223 Verbo
1494 2191 1613 2222 nostri
1637 2191 1856 2222 Redemtoris
1871 2215 1882 2230 ,
1907 2189 2130 2221 substantia-

1158 2241 1240 2272 liter
1263 2241 1420 2272 converti
1441 2241 1481 2272 in
1504 2249 1623 2271 veram
1641 2245 1674 2271 et
1689 2242 1876 2281 propriam
1895 2250 1937 2271 ac
1956 2240 2130 2279 vivificam

1159 2292 1310 2323 Carnem
1333 2295 1366 2322 et
1381 2291 1598 2331 sanquinem
1621 2292 1734 2323 JESU
1755 2292 1964 2328 CHRISTI,
1989 2290 2129 2322 DOMI-

1157 2342 1211 2373 NI
1229 2341 1371 2378 nostri,
1394 2339 1532 2381 etpost
1553 2341 1858 2372 consecrationem
1891 2349 1968 2370 esse
2012 2347 2130 2369 verum

1159 2391 1344 2423 CHRISTI
1365 2391 1528 2430 Corpus,
1553 2391 1646 2430 quud
1669 2391 1836 2421 naturale
1859 2394 1912 2420 est
1939 2390 1980 2420 de
2008 2389 2132 2428 Vir-qi-

1156 2449 1200 2471 ne
1215 2463 1225 2478 ,
1249 2444 1283 2470 et
1306 2440 1399 2478 quod
1420 2448 1487 2479 pro
1511 2440 1627 2471 salute
1646 2441 1774 2473 Mundi
1792 2439 1949 2470 oblatum
1968 2438 2006 2468 in
2024 2439 2133 2470 Cruee

1157 2489 1350 2529 pependit,
1376 2493 1409 2519 et
1439 2489 1531 2528 quod
1555 2490 1652 2520 sedet
1675 2489 1722 2519 ad
1745 2490 1908 2520 dextram
1932 2487 2073 2518 Patris.
2099 2492 2132 2517 et

1157 2547 1276 2570 verum
1299 2538 1511 2578 sanquinem
1537 2539 1743 2577 CHRISTI,
1767 2539 1827 2577 qui
1853 2539 1894 2568 cle
1912 2538 2021 2567 latere
2051 2537 2129 2575 ejus

1158 2585 1287 2626 effusus
1304 2591 1379 2618 est.-
1404 2596 1478 2618 non
1501 2591 1642 2618 tantum
1657 2597 1721 2627 per
1741 2588 1881 2627 siqnmn
1907 2591 1939 2617 et
1962 2587 2127 2617 virtutem

1155 2637 1397 2675 sacramenti,
1422 2638 1484 2668 sed
1504 2637 1542 2667 in
1577 2638 1798 2676 proprietate
1834 2641 1984 2667 naturae
2012 2641 2043 2667 et
2068 2646 2129 2667 ve—

1160 2688 1268 2718 ritate
1290 2686 1536 2724 substantiae,
1561 2687 1654 2717 sicut
1678 2688 1715 2717 in
1738 2687 1800 2716 hoc
1820 2687 1940 2725 Brevi,
1962 2687 2128 2717 contine-

1155 2742 1233 2775 tur,
1258 2740 1290 2767 et
1313 2745 1376 2776 eqo
1404 2736 1492 2776 leqi,
1517 2740 1549 2766 et
1572 2744 1634 2766 vos
1659 2736 1879 2776 intelliqitis.
1908 2737 1965 2768 Sic
1991 2738 2094 2768 credo
2111 2762 2123 2775 ‚

1156 2795 1219 2818 nec
1241 2790 1367 2817 contra
1403 2785 1494 2816 hanc
1515 2786 1619 2826 fidem
1648 2785 1802 2816 ulterius
1825 2785 1963 2817 docebo.
1990 2787 2048 2819 Sic
2073 2796 2126 2817 me

1158 2836 1279 2867 DEUS
1299 2834 1459 2874 adjuvet,
1485 2839 1517 2865 et
1541 2835 1625 2865 haec
1647 2839 1773 2866 sancta
1803 2836 1887 2867 DEI
1906 2836 2125 2876 Evanqelia.

1219 2884 1250 2923 c)
1274 2886 1367 2915 Hanc
1390 2883 1502 2915 recudi
1527 2886 1660 2916 curavit
1682 2887 1758 2916 Rev.
1784 2889 1927 2917 ,1011111165
1966 2887 2049 2926 Vogt
2091 2888 2125 2917 111

1158 2934 1317 2966 fasciculo
1342 2935 1450 2973 primo
1480 2933 1705 2966 Bibliothecae
1729 2937 1893 2967 ilistoriac
1928 2935 2124 2967 haereticae.

1158 2984 1275 3016 llamb.
1300 2983 1380 3014 17:25
1396 3009 1404 3021 ‚
1431 2983 1462 3014 8.

1219 3034 1253 3071 d)
1276 3032 1410 3065 Journal
1434 3033 1489 3065 des
1512 3036 1636 3066 Savans
1664 3034 1744 3065 1702
1770 3044 1801 3074 p.
1826 3034 1877 3065 56.

1220 3083 1250 3121 e)
1273 3087 1317 3114 Dc
1339 3084 1481 3115 caeteris
1504 3083 1570 3115 dixi
1598 3086 1666 3115 suis
1693 3085 1787 3123 10615,
1812 3086 1844 3115 111
1867 3084 2006 3115 Alcuino
2024 3093 2123 3123 supra

1162 3142 1235 3175 pag.
1258 3133 1298 3163 49
1320 3137 1351 3164 et
1375 3134 1407 3164 in
1431 3135 1460 3163 S.
1483 3134 1654 3173 Fulgentio
1678 3142 1716 3166 ac
1742 3134 1887 3165 Rabano.
1915 3133 1997 3164 lllud
2033 3136 2126 3165 Ano-

1159 3185 1247 3223 nymi
1274 3182 1477 3222 Opusculum
1515 3191 1669 3215 recusum
1703 3185 1738 3215 in
1777 3183 1934 3215 conciliis
1961 3182 2123 3215 llarduini

1156 3237 1234 3265 tom.
1257 3234 1296 3261 ΥΙ
1321 3241 1353 3271 p.
1379 3231 1468 3263 1014.

1211 3282 1238 3321 Γ)
1261 3283 1318 3313 1116
1342 3285 1512 3322 Anonymo
1535 3283 1710 3317 lllellicensi
1736 3292 1807 3324 cap.
1832 3284 1872 3316 90
1894 3282 2026 3317 videtur
2055 3282 2122 3314 dici

1151 3333 1421 3364 CllRlS'rlANllS.
