2500 4009
342 279 391 315 :30
1155 277 1503 319 'AGGENUS
1607 309 1620 321 .
2107 298 2133 327 ἱ

340 349 637 397 glo—Saxonice.
655 349 705 386 lit
723 349 769 385 di·
791 346 962 386 Concilio
978 346 1153 385 Romano
1173 349 1220 386 ad
1237 361 1301 388 res

342 413 546 459 spectante
569 410 814 447 Britannicas
838 406 993 444 disserit
1016 418 1102 457 pag.
1127 408 1200 447 457
1217 420 1299 459 seq.

398 473 415 490 *
437 470 606 508 Concilia
623 471 793 506 Romana
809 466 886 505 duo
907 466 1195 518 suhAgathone
1211 480 1303 507 con—

343 531 501 567 venisse
516 534 667 566 certum
686 532 766 566 est:
789 529 983 566 incertum
999 529 1179 576 vero,vad
1197 530 1301 579 quod

340 592 586 639 potissimum
612 588 804 626 referatur
838 599 982 636 canon,
1004 600 1123 639 quem
1154 602 1224 641 ego
1252 603 1300 628 ev<

341 653 414 688 ΜΗ.
440 650 522 688 cod.
561 650 596 686 in
623 661 710 687 mco
734 650 928 701 supplem.
959 651 1036 689 vol.
1060 653 1087 698 I,
1112 663 1196 702 pag.
1226 654 1300 690 415

340 712 508 755 vulgavi.
526 710 678 748 Mandat
702 712 739 749 in
753 722 804 749 co
825 713 1000 750 Pontifex
1022 717 1064 751 ut
1089 718 1300 751 accusatus

339 786 357 808 a
397 772 537 821 populo
574 772 783 821 presbyter
820 783 999 811 seorsum
1037 774 1085 812 ab
1118 775 1298 824 episcopo

338 832 508 869 duobus.
534 832 598 870 vel
628 833 755 871 tribus
780 833 948 872 testibus
970 834 1154 872 adhibitis
1181 835 1299 871 corri-

340 895 477 943 piatur.
489 894 569 932 Nisi
586 895 1081 945 resipiscat,suspendatur
1095 896 1142 934 ab
1159 896 1294 933 officio.

390 955 626 994 AGGENUS
659 955 826 995 l'i·I›1'cus
854 959 955 994 inter
983 956 1298 1007 Agrimensorios

338 1017 568 1066 scriptores,
593 1016 640 1054 de
665 1018 809 1066 quihus
827 1019 864 1055 in
886 1018 1122 1056 Bibliotheca
1145 1019 1293 1056 Latina.

388 1077 671 1125 AGNELLcs,
706 1079 924 1129 Episcopus
963 1080 1106 1117 XXVII
1143 1079 1299 1116 Raven-

339 1140 541 1177 natensis.
582 1144 757 1189 tempore
798 1141 1008 1178 Justiniani
1047 1140 1298 1190 Imperatoris

337 1201 437 1237 circa
463 1200 506 1237 A.
529 1200 570 1238 C.
594 1200 681 1238 35:33.
706 1202 760 1239 De
779 1200 894 1250 cujus
919 1202 1020 1248 vita.
1037 1205 1193 1250 praeter
1212 1200 1300 1237 Ilie-

338 1272 549 1309 ronymum
570 1262 748 1300 Rubeum
770 1262 864 1300 libro
887 1263 1001 1299 tertio
1021 1262 1210 1299 Historiae
1225 1261 1299 1298 Ra-

337 1325 614 1362 vennatensis.
635 1323 907 1361 consulendus
927 1322 1120 1373 Agnellus
1140 1322 1295 1370 junior,

340 1383 409 1429 fide
430 1395 507 1433 quo
529 1386 642 1430 mox)
669 1386 706 1421 in
736 1383 950 1421 Pontificali
979 1383 1296 1430 Ravennatensi,

336 1449 445 1493 parte
464 1445 495 1481 ll
533 1456 618 1495 pag.
640 1447 652 1483 l
670 1445 713 1483 19
735 1456 817 1494 seq.
838 1443 938 1494 Ejus
958 1443 1136 1494 Epistola
1155 1443 1209 1481 acl
1222 1442 1299 1480 Ar-

339 1504 509 1542 menium
538 1506 694 1544 Arianis
722 1507 901 1556 opposita
930 1505 976 1543 de
1004 1504 1156 1543 ratione
1185 1503 1301 1543 Fidei·

338 1567 373 1602 in
395 1566 585 1604 Johannis
609 1567 783 1605 Sichardi
804 1566 979 1606 antidoto
995 1566 1189 1604 adversus
1209 1565 1299 1604 hae-

337 1639 466 1677 reses,
487 1628 662 1666 Basilcae
688 1629 791 1667 ⁴528
822 1629 883 1666 fol.
909 1633 949 1665 et
973 1629 1011 1665 in
1034 1629 1197 1666 Joannis
1225 1628 1300 1665 Ile-

340 1689 435 1727 roldi
460 1689 755 1739 haeresiologia,
781 1689 923 1728 ibidem
957 1689 1056 1728 4556
1087 1689 1148 1726 fol.
1179 1693 1298 1737 atque

339 1749 428 1787 inde
453 1751 491 1787 in
521 1750 771 1789 Bibliothecis
800 1753 988 1797 Patrum7
1013 1755 1053 1789 et
1081 1750 1300 1788 novissima

337 1810 590 1860 Lugdunensi
616 1817 708 1849 tom.
734 1813 819 1850 VIII
841 1823 926 1862 pag.
953 1813 1040 1849 666.

389 1871 654 1911 AGNELLL'S
670 1903 677 1919 ,
692 1875 757 1922 qui
775 1878 815 1911 et
834 1871 1088 1920 ANDREAS,
1106 1872 1238 1911 Abbas
1259 1873 1297 1911 S.

336 1933 476 1970 Mariae
505 1933 552 1970 ad
592 1934 830 1973 Blacliernas
860 1939 900 1971 et
930 1935 967 1972 S.
1009 1934 1296 1973 Bartholomaci

335 1993 544 2032 Ravennae
564 1996 666 2033 circa
683 1995 756 2033 An.
779 1996 820 2033 C.
839 1995 927 2032 842.
951 1996 1115 2045 Scripsit
1135 1993 1298 2033 Librum

338 2054 626 2105 Ροηΐιβεαῖενη,
655 2057 739 2093 sive
774 2055 880 2095 Vitas
903 2055 1192 2105 Episcoporum
1221 2057 1299 2093 Ra-

337 2115 580 2161 i-eimati'am,
606 2128 627 2153 a
652 2118 689 2153 S.
712 2109 924 2166 Apollinari
950 2126 1077 2165 usque
1097 2115 1146 2153 ad
1166 2117 1298 2153 Petro-

338 2177 513 2221 nacium‚
539 2181 577 2213 et
601 2178 667 2225 qui
697 2178 730 2213 ei
755 2178 856 2214 circa
886 2176 959 2213 An.
1000 2176 1075 2213 836
1105 2177 1299 2213 successit

339 2237 562 2283 Georgium.
601 2239 755 2275 Primus
784 2249 833 2275 ex
864 2236 1005 2275 Codice
1034 2236 1297 2274 Bibliothecae

338 2299 522 2336 Iistensis
542 2298 680 2336 edidit.
702 2297 1141 2347 dissertationibusque,
1168 2296 1301 2334 obser-

340 2360 564 2397 vationibus
585 2365 623 2396 et
639 2359 852 2409 appendice
869 2363 1215 2397 monumentorum
1233 2370 1301 2395 ve-

341 2428 468 2459 terum
489 2421 699 2459 illustravit
716 2419 953 2458 Benedictus
968 2419 1207 2466 Bacchinus,
1223 2418 1301 2456 Ab-

341 2484 409 2520 bas
430 2483 467 2521 S.
493 2483 633 2520 Mariae
654 2481 702 2518 de
719 2482 904 2520 [acroma
922 2481 1080 2519 Ordinis
1100 2479 1297 2518 Benedicti

341 2544 662 2594 Congregationis
686 2542 934 2587 Casinensis,
960 2541 1129 2579 Mutinae
1157 2540 1256 2578 4708
1279 2540 1299 2577 s}-

341 2609 379 2640 οὶ
401 2609 504 2641 tomo
539 2603 713 2641 seeundo
735 2603 977 2653 Scriptorum
1000 2612 1132 2640 rerum
1152 2601 1303 2639 Italica-

344 2676 428 2702 rum
451 2663 706 2702 eruditissimi
732 2665 941 2702 Muratorii.
971 2662 1172 2701 Mediolan.
1200 2660 1300 2700 4723

347 2726 406 2763 sol.
427 2726 569 2763 Confer
588 2725 747 2763 Journal
765 2724 835 2762 des
856 2726 945 2762 Sav.
974 2726 987 2762 4
1001 2723 1074 2762 740
1091 2722 1300 2762 Novembr.

348 2799 431 2836 pag.
449 2787 535 2825 3363.
554 2787 688 2824 ‚Veneti
705 2785 860 2824 Bzicher
881 2783 1039 2823 —Saal
1060 2789 1152 2821 tom.
1176 2784 1299 2833 I,pag.

346 2849 433 2886 32¹6.
455 2849 551 2886 Acta
575 2848 834 2887 Eruditorum
858 2847 972 2885 Anno
998 2845 1097 2885 4740
1122 2855 1208 2894 pag.
1226 2844 1300 2882 330

343 2914 379 2946 ct
405 2910 477 2947 An.
505 2909 606 2947 4724
631 2920 716 2959 paz.
749 2910 796 2946 49
827 2913 901 2945 etc.
941 2907 1064 2946 Vitam
1084 2907 1124 2944 S.
1155 2903 1302 2955 Apolli-

344 2971 453 3008 naris
473 2970 659 3008 exhibent
680 2971 797 3008 ctiam
817 2969 913 3008 Acta
936 2970 1170 3007 Sanctorum
1206 2971 1299 3003 tom.

346 3032 372 3068 V
393 3033 482 3070 Julii
508 3043 543 3081 p.
571 3032 657 3070 3:30.

397 3093 562 3131 anxiis
590 3091 786 3139 Asse‘sias„
816 3093 951 3140 Virgo,
982 3103 1090 3129 soror
1119 3094 1159 3128 ct
1187 3089 1303 3126 ‹lisci-

345 3153 432 3201 pula
450 3154 487 3191 S
504 3154 658 3200 Clarae,
675 3166 775 3203 quae
787 3153 901 3192 Anno
915 3154 1066 3191 Cllristi
1088 3150 1299 3190 walchem

344 3213 447 3249 obiit.
472 3214 570 3262 Ejus
599 3213 798 3265 Epis-tolus
821 3214 869 3252 ad
895 3213 1060 3251 eandem
1084 3213 1238 3251 Claram
1262 3214 1302 3249 ct

346 3274 560 3323 Collegium
583 3287 783 3314 sacrarum
809 3276 1007 3325 virginum
1030 3275 1156 3311 Lucas
1180 3271 1302 3310 Wad-

347 3335 489 3379 ‹linfgus
539 3335 654 3371 edidit
693 3342 798 3374 tomo
831 3338 842 3374 l
886 3335 1098 3374 Annalium
1143 3332 1300 3371 Ordinis

1376 353 1578 390 Minoi-um.
1618 352 1712 391 Vide
1751 354 1806 390 sis
1844 354 1962 392 etiam
1993 355 2144 393 Ilenrici
2185 356 2335 395 Willoti

1376 412 1554 452 Athenas
1575 413 1741 452 sodalitii
1766 415 2026 453 Franciscani.

1427 472 1595 513 AGNES
1610 471 1822 511 Blaiibelce'ci
1833 503 1840 521 ,
1851 474 2034 514 defuncta
2044 476 2218 516 Viennae
2233 488 2336 516 anno

1380 534 1447 573 434
1459 536 1492 572 5.
1520 533 1619 583 Ejus
1644 536 1771 572 Vitam
1793 539 1832 571 et
1868 537 2128 575 revelationes
2162 538 2210 576 ab
2233 536 2338 576 Ano-

1378 606 1498 644 nymo
1521 595 1613 633 Ord.
1638 596 1829 633 Minorum
1850 595 2024 642 digestas
2044 597 2223 647 vulgavit
2243 599 2335 637 Ber-

1376 655 1523 693 nardus
1558 657 1650 703 l‘ez,
1675 657 1848 693 Viennae.
1870 655 1984 694 4734.
2007 658 2031 693 8
2055 669 2132 696 una
2155 669 2245 697 cum
2266 659 2337 697 1²0-

1377 715 1508 752 tlionis
1529 715 1625 753 libro
1645 715 1693 753 de
1714 715 1908 754 Miraeulis
1925 717 1965 753 B.
1987 717 2126 756 Mariae
2146 719 2333 769 Virginis,

1373 775 1421 812 de
1445 787 1522 824 quo
1547 777 1656 814 infra.

1424 835 1642 875 AGNETIS
1661 837 1830 885 Virginis
1861 838 2077 888 Romanae,
2102 844 2142 877 et
2171 839 2246 878 sub
2274 841 2335 878 Li-

1371 898 1471 934 cinio
1506 897 1705 946 Martyris,
1743 897 1780 935 S.
1819 896 2044 947 Ambrosio,
2076 901 2332 949 Hieronymo,

1371 958 1535 1008 aliisque
1558 959 1777 996 celebratae
1801 960 2023 1008 passionem
2052 961 2236 999 versibus
2255 961 2334 1000 ele-

1371 1021 1490 1069 giacis
1524 1020 1764 1070 descriptam
1794 1020 1943 1070 Caspar
1970 1021 2156 1060 Barthius
2183 1022 2331 1071 XXXI,

1374 1082 1422 1120 43
1447 1080 1657 1119 Adversar.
1679 1081 1921 1119 Francofurti
1964 1081 2066 1120 4624
2091 1081 2154 1120 fol.
2192 1086 2234 1120 et
2252 1081 2334 1120 An-

1372 1142 1486 1180 dreas
1515 1144 1681 1180 Rivinus
1720 1142 1870 1192 Lipsiae
1903 1141 2016 1180 4637.
2038 1142 2087 1181 42
2112 1142 2233 1181 edidit
2256 1143 2331 1182 sub

1373 1204 1529 1241 nomine
1550 1201 1771 1241 le'ldebertz·
1786 1203 2118 1252 Cenomanensis,
2138 1214 2218 1242 una
2240 1214 2332 1242 cum

1372 1263 1491 1313 liujus
1514 1264 1649 1302 decem
1675 1264 1860 1302 homiliis.
1899 1263 1975 1301 Sed
2006 1262 2236 1302 Aleoeaizdri
2260 1265 2334 1303 Es-

1372 1326 1563 1363 sebiensis
1592 1337 1682 1364 esse
1712 1325 1870 1363 videtur
1910 1324 2135 1363 Christiano
2163 1325 2328 1363 Daumio

1371 1388 1409 1423 in
1427 1387 1577 1435 syllaho
1592 1387 1798 1424 Poetarum
1814 1386 2127 1424 Christianorum
2142 1397 2251 1425 num.
2267 1385 2328 1424 63.

1370 1448 1425 1484 De
1446 1448 1509 1485 illa
1532 1447 1683 1497 Agnete
1707 1447 1798 1485 vide
1821 1447 2030 1485 Barouium
2052 1450 2092 1485 ct
2115 1445 2213 1485 Aeta
2233 1447 2331 1485 San-

1371 1512 1523 1546 ctorum
1549 1508 1591 1547 21
1620 1509 1806 1546 Januarii.

1423 1570 1479 1607 De
1515 1568 1625 1607 Actis
1660 1568 1880 1608 AGNETIS
1921 1570 1958 1607 in
1993 1567 2329 1620 Montepolite'anm

1374 1629 1474 1667 idem
1496 1631 1687 1668 Baronius
1706 1633 1746 1667 et.
1769 1628 1867 1668 Acta
1885 1630 2120 1669 Sanctorum
2144 1631 2194 1669 20
2211 1629 2330 1680 April.

1426 1689 1982 1740 AGOBARDUS,Episcopus
2005 1690 2054 1729 ab
2073 1690 2147 1729 An.
2172 1691 2214 1731 C.
2240 1691 2328 1730 846.

1375 1751 1676 1800 Lugdunensis,
1713 1750 1925 1789 defunctus
1956 1749 2001 1788 Α.
2047 1751 2136 1790 840.
2166 1751 2222 1789 De
2251 1762 2330 1801 quo

1375 1813 1529 1861 egregio
1549 1812 1638 1849 Viro
1662 1811 1869 1861 diligenter
1888 1812 1925 1848 in
1946 1811 2114 1850 Historia
2129 1812 2334 1850 Litteraria

1376 1873 1414 1911 S.
1438 1873 1484 1911 E.
1511 1873 1694 1921 Caveus,
1723 1872 1787 1910 cui
1809 1872 1919 1921 Jungi
1935 1871 2112 1922 'possunt
2136 1871 2334 1910 sammar-

1373 1934 1480 1972 thani
1502 1938 1596 1972 tom.
1618 1934 1645 1971 I.
1670 1932 1817 1971 Galliae
1842 1932 1985 1970 Sacrae
2007 1943 2093 1983 pag.
2121 1932 2191 1971 304
2225 1943 2335 1983 seqq.

1372 1996 1535 2034 Carolus
1563 1995 1599 2032 le
1629 1994 1766 2032 Cointe
1811 1997 1917 2030 tomo
1953 1996 2093 2032 octavo
2121 1991 2335 2032 Annalium

1371 2058 1635 2102 Francorum,
1667 2053 1923 2104 Theophylus
1955 2052 2199 2102 Raynaudus
2238 2052 2336 2091 indi-

1370 2117 1457 2155 culo
1481 2117 1713 2154 Sanctorum
1736 2113 2070 2163 Lugdunensium·
2096 2117 2197 2152 tom.
2222 2114 2335 2159 VIII,

1371 2179 1544 2227 Operum
1574 2187 1658 2226 pag.
1689 2176 1740 2214 25
1769 2185 1851 2224 seq.
1883 2175 1957 2213 599
1996 2185 2078 2224 seq.
2108 2175 2338 2214 Dominicus

1373 2239 1421 2277 de
1445 2239 1603 2278 Colonia
1624 2237 1814 2275 llistoriae
1835 2236 2062 2274 Litterariae
2083 2236 2334 2286 Lugdunens.

1375 2309 1494 2350 quem
1515 2298 1660 2337 Gallice
1678 2308 1803 2348 nuper
1832 2296 1979 2344 edidit,
2004 2300 2097 2334 tom.
2116 2297 2149 2335 II
2165 2308 2250 2348 pag.
2273 2298 2335 2336 93.

1375 2360 1472 2398 Acta
1497 2360 1732 2398 Sanctorum
1762 2363 1854 2396 tom.
1880 2358 1907 2395 I.
1929 2358 2034 2396 Junii
2055 2369 2142 2408 pag.
2160 2358 2236 2397 748
2253 2369 2334 2408 seq.

1377 2421 1440 2459 ubi
1462 2422 1581 2458 etiam
1612 2419 1860 2469 disquiritur,
1890 2430 1986 2457 num
2016 2419 2150 2458 Sancti
2179 2420 2337 2457 nomine

1374 2483 1424 2519 sit
1447 2480 1697 2526 afficiendus,
1722 2481 1788 2529 qui
1810 2483 1891 2518 tam
1914 2479 2060 2518 diserte
2077 2479 2226 2518 seilicet
2243 2481 2338 2518 ima-

1375 2544 1509 2591 ginum
1532 2542 1683 2580 cultum
1705 2552 1750 2579 ac
1774 2542 2072 2579 venerationem
2102 2540 2334 2579 confutavit.

1376 2604 1528 2653 Scripta
1546 2601 1738 2651 Agobardi
1761 2602 1860 2640 felici
1882 2601 2039 2641 fortuna
2059 2603 2217 2639 servata
2241 2605 2337 2639 sunt

1375 2675 1396 2701 a
1420 2664 1583 2713 Papyrio
1606 2664 1796 2701 Massono.
1823 2662 1923 2701 Cum
1953 2662 2058 2700 enim
2087 2661 2267 2711 Lugduni
2298 2662 2335 2698 in

1376 2725 1461 2761 vico
1486 2725 1673 2762 mercium
1700 2724 1818 2761 libros
1839 2726 2046 2772 quaereret
2060 2733 2152 2762 cum
2172 2722 2337 2773 Stepha-

1376 2784 1674 2831 novordiero,et
1694 2783 1797 2833 apud
1830 2787 2118 2834 compactorem
2145 2783 2335 2822 <librorum

1375 2849 1632 2883 versarentur
1648 2844 1735 2894 ejus
1758 2846 1812 2883 rei
1833 2855 1968 2893 causa,
1986 2844 2127 2894 illeque
2141 2841 2336 2893 Agobardi

1377 2906 1557 2945 Codicem
1584 2907 1620 2943 in
1643 2906 1884 2944 membranis
1907 2906 2169 2955 perscriptum
2191 2904 2337 2941 veteri-

1376 2968 1448 3005 bus
1470 2968 1588 3015 notis,
1610 2964 1797 3004 dilaniare}
1816 2969 1977 3016 paratus
1995 2968 2120 3013 esset,
2144 2964 2336 3003 cultrum-

1375 3040 1451 3077 que
1475 3028 1521 3065 ad
1542 3039 1628 3066 eam
1652 3027 1917 3065 carnificinam
1940 3037 2059 3064 manu
2078 3028 2256 3073 teneret,
2277 3026 2335 3063 vi-

1378 3094 1456 3127 tam
1482 3089 1533 3126 illi
1554 3089 1744 3138 Papyrius
1764 3087 1950 3133 redemit,
1974 3085 2238 3136 Codicemque
2268 3097 2336 3138 po-

1376 3155 1459 3188 stea
1481 3151 1518 3187 in
1539 3149 1698 3199 Regiam
1722 3147 2003 3185 Bibliothecam
2029 3147 2160 3184 intulit
2179 3147 2334 3198 Papyrii

1377 3211 1493 3248 frater
1533 3211 1704 3248 Joannes
1733 3208 1907 3257 Baptista
1935 3207 2151 3245 Massonus.
2190 3206 2334 3244 Prodiit

1375 3271 1605 3322 agobardus
1633 3270 1797 3319 Papyrio
1824 3269 2003 3306 Massono
2038 3270 2202 3305 curante
2229 3266 2334 3304 Pari-

1375 3334 1443 3369 siis
1472 3334 1569 3371 46οἕ3
1601 3333 1634 3369 8.
1667 3335 1703 3368 ct
1734 3328 1874 3367 deinde
1904 3339 1950 3365 ex·
1983 3327 2142 3366 meliore
2163 3325 2330 3365 editione
