2500 4009
402 198 476 237 128

399 268 609 307 Notissima
631 266 718 316 ejus
745 264 960 304 declaratio
987 262 1197 302 dictionum
1225 275 1273 302 ac
1296 263 1356 303 di-

399 334 551 369 ctorum
573 328 784 383 difficilium
810 326 850 363 in
883 323 1085 375 Theoloyia
1105 336 1152 363 ac
1181 323 1354 366 Philoso-

392 395 501 446 phia,
519 400 602 445 post
614 393 821 430 editionem
832 387 1098 426 Basileensem
1118 387 1212 427 1491
1236 398 1352 439 saepo

398 458 554 503 vulg-vata
574 455 706 492 Vcnct.
726 449 838 489 4584.
863 446 1069 497 argenton
1088 449 1189 488 1605
1205 448 1348 489 Witcb.

400 519 510 557 4623.
537 512 766 554 Collationes
783 521 858 562 pro
881 508 1162 562 festivitatibus
1191 512 1351 550 Sancto-

395 590 483 616 rum
500 606 509 620 .
534 577 650 615 Paris.
678 574 778 613 1519
804 569 870 611 4.²’
901 569 1132 612 Collationes
1156 574 1241 612 sive
1264 584 1350 613 ser-

392 650 519 678 mones
541 650 590 676 cx
614 636 696 675 solo
718 633 909 674 Psalterio
932 645 1002 686 pcr
1025 639 1153 674 totum
1178 635 1257 674 fere
1280 647 1350 674 an-

393 713 485 740 num
509 698 784 738 declamabiles
797 698 915 736 Paris.
934 698 1034 736 1519
1054 697 1088 735 4.
1104 697 1224 748 Lugd.
1244 698 1347 737 4525

390 766 423 801 8.
447 763 598 802 Brixiae
622 761 721 800 1610
741 761 761 798 »t
778 765 821 799 ut
841 761 1169 799 commentarium
1194 759 1235 798 in
1256 760 1349 799 Tho-

388 836 474 863 mae
498 823 707 876 Aquinatis
729 822 776 861 de
799 825 883 860 ente
912 824 950 860 et
972 821 1168 870 essentia,
1191 823 1347 873 aliaque

388 887 532 926 inedita
564 889 677 936 ojus,
701 896 802 936 quae
840 883 944 935 apud
982 883 1185 930 chtifum
1222 884 1346 924 vidcri

388 954 556 1001 possunt
572 979 580 995 ,
606 953 861 999 praeteream.

438 1011 702 1050 ARNALDUS
736 1007 988 1059 Albertinus,
1017 1021 1067 1047 cx
1101 1008 1345 1059 Illajoriccnsi

386 1076 580 1114 Canonico
603 1074 816 1123 Inquisitor
837 1073 874 1110 in
898 1072 1098 1111 Valentiae
1122 1076 1161 1109 et
1192 1072 1344 1111 Siciliae

384 1149 526 1186 regno,
551 1136 720 1185 deniquo
757 1135 958 1173 Pactcnsis
990 1135 1027 1172 in
1059 1134 1186 1173 Sicilia
1211 1133 1230 1154 ³*
1253 1135 1345 1185 Epi-

385 1186 539 1250 scopus.
577 1198 740 1248 Scripsit
763 1196 809 1234 de
844 1199 991 1235 secreto
1016 1194 1172 1247 quando
1205 1193 1346 1234 debeat

384 1266 542 1300 autnon
558 1258 696 1299 debeat
714 1257 1125 1307 revelari‚Valcntiac
1150 1259 1251 1298 4528
1272 1260 1343 1298 Re-

377 1324 600 1375 petitionem
636 1319 824 1360 rubricae
847 1319 894 1359 de
932 1319 1163 1369 haereticis,
1186 1321 1339 1360 Valent.

384 1387 484 1425 4534
510 1386 571 1424 fol.
595 1384 726 1424 addito
749 1385 868 1422 ctiam
889 1384 1089 1434 superiore
1112 1384 1281 1434 scripto:
1302 1388 1343 1423 ct

383 1460 473 1487 cum
491 1447 695 1498 speculum
713 1446 996 1496 Inquisitorum
1014 1446 1236 1496 tripartium
1262 1457 1343 1484 ma-

381 1522 499 1561 gnam
513 1514 664 1560 partem
682 1508 881 1557 naufragio
901 1508 1107 1557 periisset,
1127 1511 1342 1557 auctorque

385 1574 467 1623 ipsc
487 1571 590 1610 diem
601 1571 762 1608 obiisset
778 1568 822 1607 Α.
843 1570 956 1608 1415.
978 1580 1069 1619 pars
1085 1573 1269 1619 postuma
1286 1569 1344 1607 lu-

385 1645 471 1672 cem
491 1633 589 1671 vidit
614 1633 791 1671 Panormi
816 1632 914 1670 ⁴553
939 1631 1000 1670 sol.
1025 1633 1247 1680 iterumque
1272 1632 1345 1669 Vc—

386 1697 526 1743 nctiis,
557 1696 700 1733 Romae,
733 1694 898 1744 aliisque
930 1694 1048 1731 ctiam
1082 1694 1119 1730 in
1155 1693 1273 1740 lociS,
1297 1704 1343 1731 ac

384 1758 555 1808 deniquo
579 1759 617 1795 in
641 1758 796 1795 Oceano
824 1756 928 1794 Juris
953 1756 1036 1792 sivo
1066 1759 1237 1793 tractatu
1260 1759 1339 1793 tra-

383 1825 563 1859 ctatuum
602 1824 706 1856 tomo
730 1819 796 1857 xl.
837 1819 949 1855 Parte
971 1817 1028 1860 ll,
1054 1828 1139 1867 pag.
1177 1817 1226 1855 52
1264 1817 1338 1855 sub

385 1881 497 1920 titulo
516 1894 522 1918 :
543 1879 589 1918 de
608 1878 861 1930 aqnoscetulis
885 1876 1169 1918 assertionibus
1199 1877 1339 1918 Catho-

383 1943 468 1982 licis
492 1946 529 1981 et
550 1941 767 1980 haereticis.

435 2004 698 2044 ARNALDL‘S
713 2002 759 2040 de
774 2002 1156 2053 Briria,discipulus
1170 2006 1211 2040 et
1223 2003 1341 2041 armi-

385 2079 454 2116 ger
477 2066 578 2104 Petri
602 2064 813 2109 Aballanll,
837 2076 858 2103 a
882 2076 959 2114 quo
984 2076 1126 2102 noman
1154 2063 1341 2103 Arnaldi-

385 2116 538 2167 starum
557 2156 564 2174 ,
589 2125 690 2176 apud
728 2127 913 2164 Otloncm
953 2127 1114 2175 Frising.
1151 2127 1182 2164 ll
1221 2127 1270 2164 20
1292 2126 1340 2163 dc

387 2191 510 2237 pestis
530 2187 708 2226 friderici
730 2188 1005 2235 Barbarossac,
1026 2192 1066 2225 ct
1085 2188 1180 2226 alios
1194 2188 1341 2236 Congrio

392 2249 570 2289 laudatos
586 2250 623 2286 in
638 2247 904 2295 .›1r1mld1·stae,
921 2253 960 2285 ct
974 2253 1106 2287 contra
1123 2261 1222 2299 quos
1236 2249 1340 2287 hulla

388 2311 603 2350 innocentii
640 2310 687 2348 lV
723 2309 766 2348 A.
807 2310 907 2348 4243
946 2309 1048 2360 apud
1088 2312 1339 2349 Laurentium

387 2372 652 2411 Cherubinum
683 2376 776 2409 tom.
803 2372 836 2418 l,
863 2384 899 2422 p.
930 2373 1016 2411 111.
1046 2372 1141 2410 Vide
1178 2372 1339 2411 Pratcoli

386 2434 594 2472 elenchum
620 2433 841 2472 haeresium
863 2445 947 2484 pag.
966 2435 1015 2472 65
1032 2445 1112 2484 seq.
1134 2436 1199 2484 qui
1223 2435 1340 2473 ctiam

386 2496 435 2533 (lc
458 2495 622 2534 aliorum
648 2494 961 2533 Arnaldistarum
983 2494 1155 2534 Arnaldi
1179 2495 1344 2534 Villano-

387 2556 482 2597 vani
516 2561 756 2595 sectatorum
787 2556 945 2606 jactatis
968 2557 1164 2595 erroribus
1186 2569 1270 2608 pag.
1293 2558 1342 2595 66

388 2631 469 2670 seq.
495 2620 605 2658 Sicut
633 2618 681 2656 de
709 2618 974 2664 Arnaldistis,
1000 2624 1132 2658 nostra
1156 2621 1342 2659 momoria

386 2694 408 2720 a
429 2683 512 2720 viro
528 2682 670 2719 eximio
690 2679 859 2719 Antonio
875 2680 1046 2719 Arnaldo
1062 2711 1070 2729 ,
1087 2682 1151 2732 qui
1172 2680 1218 2719 Α.
1241 2682 1341 2721 1694

386 2744 476 2783 exul
497 2743 599 2782 diem
620 2742 736 2791 obiit,
759 2743 810 2782 ita
830 2743 1068 2794 nuncupatis
1087 2772 1093 2788 ,
1111 2741 1201 2781 vide
1225 2743 1340 2794 Casp.

387 2807 638 2860 Sagittarium
663 2810 689 2843 t.
715 2806 728 2843 l
754 2804 963 2844 introduct.
987 2806 1024 2843 in
1042 2806 1185 2844 llistor.
1206 2805 1344 2844 Eccle—

388 2869 494 2905 siast.
516 2866 777 2917 pag.875scq.
800 2867 1008 2905 Caeterum
1026 2878 1164 2917 parum
1179 2866 1343 2906 credibi-

390 2929 444 2976 le,
468 2928 571 2979 quod
595 2927 644 2965 dc
663 2927 844 2976 Arnaldo,
862 2929 946 2966 sive.
960 2928 1129 2967 Arnoldo
1142 2928 1341 2980 Albigcnsi

389 2992 648 3029 narratLucas
658 2989 852 3028 Tudensis
862 2991 910 3028 lll
925 2990 1116 3030 l7contra
1130 2990 1343 3042 Albingau-

391 3057 491 3089 sest.
503 3054 622 3091 XXV.
637 3052 732 3091 Bibl.
751 3053 907 3090 Patrum
923 3053 1013 3091 odit.
1025 3052 1201 3103 Lugdun.
1218 3052 1340 3104 [2247

391 3125 614 3164 quanquam
632 3114 724 3153 nihil
743 3113 790 3152 de
806 3125 851 3152 co
865 3113 1123 3154 dubitandum
1138 3115 1344 3154 contendit

450 3267 463 3279 ·
489 3270 555 3298 Non
579 3271 731 3303 Pacensis
755 3273 789 3303 ln
809 3273 977 3312 Hispania.
999 3272 1079 3304 vide
1096 3274 1264 3306 Nicolaum
1282 3276 1349 3307 An·

394 3318 521 3349 ionium
543 3322 629 3349 tomo
652 3321 677 3350 l.
693 3321 914 3354 Bibliothecae
933 3323 1095 3362 ulspannc
1114 3331 1189 3365 pag.
1216 3323 1289 3358 153.

1201 195 1601 237 ARNALDUS
1673 226 1681 235 .

1426 267 1596 308 Barthol.
1611 268 1783 310 Germon
1798 270 1847 310 de
1868 272 2069 312 veteribus
2088 272 2297 314 haereticis
2314 275 2388 315 Ec.-

1425 330 1733 372 clcsiasticorum
1756 332 1945 374 Codicum
1983 336 2284 386 corruptoribus
2302 347 2386 388 cap.

1426 394 1474 433 13
1490 405 1526 445 p.
1544 394 1630 434 325.
1648 394 1817 444 Quidam
1831 395 1947 435 etiam
1967 395 2192 437 haereticus
2209 428 2218 448 ,
2233 398 2387 438 nomine

1422 454 1626 496 Arnaldus
1647 456 1694 496 de
1716 455 1930 509 confinibus
1951 456 2110 497 Galliae
2131 459 2296 499 venitin
2317 461 2388 500 Hi-

1420 518 1604 569 spaniam
1620 548 1628 567 ,
1645 518 1848 558 zizaniam
1861 519 2017 559 erroris
2033 521 2256 561 Haereticis
2272 522 2388 562 semi-

1419 579 1561 618 nando,
1585 580 1694 619 Inter
1712 584 1870 620 caetera
1887 581 2112 632 pravitatis
2134 594 2279 635 opera,
2299 588 2389 623 erat

1418 640 1604 691 studium,
1620 646 1850 681 sanctorum
1867 644 2036 682 Patrum
2049 642 2278 694 Auqustini,
2295 644 2388 684 Hie-

1418 703 1584 756 ronymi,
1600 703 1748 743 Isidori
1760 708 1798 743 et
1812 703 2016 744 Bernardi
2023 703 2216 756 opuscula
2229 705 2386 744 minora

1419 776 1676 817 corrumpere
1693 796 1701 815 ,
1717 765 1984 806 subtrahendo
1998 776 2097 805 vera
2116 768 2155 805 et
2165 765 2385 819 adjiciendo

1416 826 1534 879 falsa.
1558 828 1665 866 Erat
1695 828 1797 867 enim
1820 827 2003 879 Scriptor
2024 827 2319 880 velocissimus,
2349 833 2388 869 et

1422 893 1617 941 corrupta
1635 894 1865 929 sanctorum
1884 889 2076 942 opuscula
2092 889 2305 942 vendebat,
2323 890 2388 931 vel

1418 950 1544 990 dabat
1568 950 1781 992 Catholicis
1795 983 1806 1002 ,
1826 955 1873 991 ut
1894 950 1968 990 tali
1984 951 2151 1004 fallacia
2166 957 2301 1005 posset
2319 953 2384 993 de-

1418 1013 1546 1065 cipere
1560 1017 1597 1053 et
1608 1013 1829 1066 illaqueare
1844 1012 2001 1052 incaute
2010 1013 2215 1066 leyentium
2223 1018 2382 1055 mentes.

1416 1075 1569 1114 Accidit
1588 1075 1763 1127 quadam
1784 1075 1848 1115 die
1869 1106 1877 1124 ,
1894 1087 1984 1115 cum
2002 1075 2272 1116 translationis
2291 1074 2383 1116 bea-

1416 1137 1560 1177 tissimi
1581 1136 1828 1190 Consessoris
1852 1137 2004 1177 Isidori
2028 1136 2302 1177 celebraretur
2322 1137 2380 1195 fe7

1413 1199 1568 1239 stivitas
1581 1232 1591 1249 ,
1612 1204 1701 1239 erat
1718 1199 1800 1251 ipse
1821 1198 1999 1239 scribens
2017 1229 2025 1248 ,
2042 1203 2081 1239 et
2104 1198 2202 1239 dieti
2221 1199 2381 1254 Confes-

1413 1262 1518 1302 soris
1540 1264 1765 1315 Synonyma
1781 1260 2049 1315 pervertebat.
2074 1261 2206 1302 Visum
2226 1261 2380 1315 fuitei,

1413 1324 1517 1376 quod
1536 1336 1646 1376 aqua
1668 1324 1799 1363 calida
1821 1324 1868 1363 de
1891 1327 1987 1363 tecto
2009 1323 2148 1363 domus
2172 1335 2293 1377 super
2313 1336 2381 1363 ca-

1408 1390 1485 1438 put
1506 1388 1590 1439 ejus
1612 1386 1807 1438 deflueret.
1835 1387 2012 1439 Cumque
2036 1384 2198 1425 lavaret
2217 1397 2380 1426 manum

1414 1449 1624 1488 deoeteram
1642 1452 1687 1487 ut
1705 1452 1824 1500 caput
1847 1451 2044 1498 terqeret,
2067 1447 2275 1488 brachium
2295 1449 2381 1502 ejus

1413 1511 1588 1563 fractum
1611 1513 1692 1559 est,
1717 1522 1765 1548 ac
1785 1510 1823 1549 si
1840 1509 1971 1549 valido
1992 1510 2073 1549 ictu
2095 1514 2198 1551 esset
2216 1522 2382 1563 percus-

1414 1584 1503 1612 sum
1520 1603 1527 1621 ,
1545 1576 1581 1611 et
1596 1571 1726 1611 lumen
1742 1571 1947 1610 oculorum
1960 1571 2105 1612 amisit.
2121 1571 2382 1612 Eoeclamavit

1415 1647 1666 1682 succursum,
1683 1638 1720 1673 et
1732 1632 2046 1673 convenientibus
2054 1633 2256 1686 plurimis,
2272 1634 2379 1687 quod

1417 1697 1478 1736 illi
1497 1697 1721 1746 acciderat,
1746 1696 1946 1735 indicavit.
1984 1698 2227 1747 Responsum
2244 1695 2324 1749 fuit
2343 1697 2383 1737 ei

1410 1774 1436 1799 a
1459 1758 1698 1812 quibusdam
1727 1757 1937 1798 Catholicis
1952 1790 1962 1807 ,
1987 1757 2086 1810 quia
2116 1770 2186 1808 eo,
2213 1758 2319 1810 quod
2339 1759 2381 1798 in

1410 1821 1622 1876 festivitate
1646 1820 1752 1860 beati
1772 1819 1923 1859 Isidori
1955 1819 2175 1871 scriberet,
2201 1818 2270 1860 hoc
2293 1832 2380 1861 eve-

1410 1889 1528 1925 nerat
1548 1884 1617 1924 illi.
1642 1883 1695 1924 At
1717 1883 1799 1936 ipse
1837 1881 1962 1934 coepit
1989 1881 2155 1923 CHristi
2175 1881 2381 1936 confesso-

1411 1959 1497 1987 rem
1520 1946 1717 1986 Isidorum
1749 1944 2024 1998 blasphemare
2041 1976 2052 1993 ‚
2076 1947 2115 1983 et
2140 1942 2378 1996 infidelitatis

1411 2021 1508 2049 suae
1531 2012 1678 2048 sectam
1699 2006 1881 2059 nefandis
1911 2005 2054 2046 verbis
2081 2005 2270 2058 deteyere.
2299 2007 2380 2048 Sed

1414 2069 1605 2121 abreptus
1627 2082 1653 2108 a
1676 2067 1838 2107 Diabolo
1856 2097 1864 2116 ,
1880 2066 2008 2106 subito
2029 2065 2167 2107 tandiu
2183 2066 2378 2108 crudelis-

1414 2132 1512 2171 sime
1536 2135 1711 2171 veratus
1734 2134 1816 2177 est,
1840 2129 1958 2169 donec
1991 2128 2171 2182 funditus
2191 2129 2377 2182 spiritum

1415 2193 1632 2232 eoehalavit.
1679 2195 1725 2231 Ut
1758 2192 1891 2231 cuncti
1917 2196 2100 2244 patenter
2136 2191 2375 2246 intelliyant,

1413 2268 1532 2308 quam
1552 2267 1711 2293 enorme
1735 2254 1865 2294 scelus
1888 2258 1947 2293 est
1972 2253 2082 2305 apud
2099 2254 2262 2305 DEum,
2286 2267 2380 2296 san-

1413 2321 1566 2356 ctorum
1585 2319 1751 2356 Patrurn
1770 2316 1997 2369 scripturas
2011 2319 2257 2368 pervertere,
2263 2318 2377 2371 justo

1413 2380 1509 2419 DEI
1531 2379 1686 2432 judicio
1727 2379 1931 2419 Arnaldus
1966 2379 2202 2419 Haereticus
2218 2411 2229 2429 ,
2253 2385 2378 2421 morte

1415 2442 1693 2482 crudelissima
1721 2441 1761 2480 in
1783 2441 1938 2481 civitate
1976 2440 2208 2492 Leqionensi
2227 2443 2378 2483 cunctis

1415 2503 1635 2544 videntibus
1657 2503 1880 2543 trucidatus
1903 2507 1970 2542 est.
1994 2504 2168 2543 Daemon
2188 2515 2378 2558 namque,

1415 2566 1485 2618 qui
1497 2566 1607 2618 loqui
1617 2565 1827 2606 videbatur
1842 2565 1882 2603 in
1895 2565 1977 2617 ipso
1995 2596 2003 2610 ,
2023 2564 2274 2618 declarabat,
2291 2578 2374 2620 qua

1415 2628 1461 2667 de
1476 2640 1601 2668 causa
1617 2660 1626 2679 ,
1642 2630 1686 2667 B.
1703 2627 1855 2667 Isidoro
1875 2626 2122 2680 compellente
2134 2659 2146 2678 ,
2165 2627 2379 2670 invadendi

1414 2695 1453 2730 et
1492 2690 1694 2730 occidendi
1727 2690 1855 2743 ipsum
1893 2694 2104 2743 acceperat
2131 2694 2376 2743 potestatem.

1418 2753 1541 2793 Caute
1564 2752 1688 2804 mitur
1709 2756 1803 2791 sunt
1832 2756 2062 2792 sanctorum
2089 2753 2258 2792 Patrum
2275 2753 2377 2793 scri-

1408 2819 1554 2868 pturae
1574 2814 1771 2867 leqenrme,
1795 2819 1834 2854 et
1853 2813 2145 2867 antiquioribus
2172 2826 2308 2855 eorum
2331 2815 2378 2855 li-

1416 2877 1498 2917 bris
1520 2878 1617 2930 fides
1635 2877 1768 2929 potius
1791 2875 2020 2926 tribuenda,
2034 2876 2128 2916 dum
2141 2875 2278 2929 aliqua
2295 2876 2378 2917 clis-

1412 2951 1509 2979 sona
1530 2940 1787 2992 reperiuntur
1809 2939 1850 2978 in
1871 2938 1982 2979 novis
2005 2937 2260 2990 transcriptis
2274 2970 2285 2989 ‚
2323 2950 2375 2978 ne

1414 3003 1568 3055 irrepat
1587 3002 1702 3042 virus
1734 2999 1967 3041 Haereticae
1988 2999 2230 3052 pravitatis,
2254 3003 2293 3039 et
2316 2999 2376 3039 in-

1411 3063 1518 3117 ferat
1538 3067 1701 3103 mortem
1720 3062 1760 3101 in
1781 3060 2002 3113 Scripturis
2015 3059 2155 3100 Sacris
2174 3058 2272 3099 dare
2291 3063 2374 3100 stu·

1414 3125 1522 3165 dium
1545 3124 1725 3179 cupienti.

1443 3187 1505 3236 (17
1521 3189 1602 3227 Non
1621 3183 1869 3225 invidendam
1887 3184 1958 3222 hac
1973 3186 2083 3234 parte
2099 3182 2368 3223 celebritatem

1419 3249 1480 3287 liic
1500 3254 1541 3287 ct
1562 3247 1919 3300 praeclarissimum
1955 3244 2225 3283 Florentinum
2261 3245 2370 3296 ingo-

1420 3312 1527 3352 nium
1545 3311 1616 3350 sibi
1633 3309 1829 3351 adauxcrc
1839 3319 1888 3348 ex
1908 3318 1986 3358 quo
2002 3304 2218 3357 'tragoedia
2232 3307 2294 3346 cui
2305 3306 2364 3346 tit.
