2500 3841
999 249 1189 290 ssUnY

159 325 195 364 2.
222 319 361 372 Qualis
383 328 515 366 amor„
543 313 658 355 libris
681 315 974 356 rationabiliter
1003 317 1067 357 de-

105 385 260 425 beatur.
337 381 340 384 ’

155 449 191 487 3.
213 444 396 496 Qualiter
420 441 536 481 libris
565 439 782 480 emendatis
810 441 986 492 prelium
1015 443 1069 480 sit

101 506 410 549 aestimandum.

154 572 189 610 4.
211 567 469 620 Querimonia
491 565 688 605 librorum
723 567 862 603 eontra
888 564 1063 606 Clericos

92 634 184 686 jam
198 634 413 685 promotos.

152 698 187 736 5.
212 691 471 745 Querimonia
494 690 691 730 librorum
728 693 868 729 eontra
897 689 1045 742 Relissio

98 771 163 798 sos
180 756 508 810 possessionatos.

153 821 190 859 6.
221 816 479 869 Queri-'monia
503 815 700 855 librorum
723 819 864 854 contra
899 814 1065 867 Retiqio-

98 893 165 922 sos
184 880 464 920 mendicantes.

148 943 188 984 7.
217 941 476 993 Querimonia
499 940 695 979 librorum
717 943 857 978 contra
881 937 995 977 bella.

151 1007 188 1044 8.
218 1007 274 1044 De
289 1002 498 1056 multiplici
508 1002 773 1054 oportunitate
787 1013 909 1054 quam
923 997 1064 1039 habui-

98 1079 187 1108 mus
211 1066 406 1107 librorum
427 1064 579 1118 copiam
602 1063 874 1116 conquirendi.

156 1133 194 1169 9.
224 1128 338 1180 Quod
373 1128 465 1168 licet
501 1129 633 1179 Ope-ra
674 1128 853 1166 Veterum
889 1124 1063 1179 amplius

96 1204 328 1233 amaremus
342 1205 354 1240 ,·
377 1203 454 1230 non
491 1194 621 1229 tamen
653 1176 892 1227 clamitamus
927 1186 1062 1227 studia

95 1254 388 1294 modernorum.

155 1317 218 1356 40.
245 1317 303 1354 De
326 1313 552 1354 successiva
569 1310 811 1364 perfectione
835 1310 1043 1350 librorum.

151 1379 214 1417 44.
247 1378 383 1425 Quare
427 1374 550 1414 libros
580 1372 807 1412 liberalium
836 1373 1063 1412 litterarum

89 1437 360 1491 praetulimus
384 1435 498 1476 libris
521 1436 647 1475 Juris.

151 1502 212 1541 42.
244 1501 378 1550 Quare
412 1498 535 1538 libros
573 1497 906 1537 Grammaticales
950 1500 1062 1535 tanta

95 1561 300 1614 diliqentia
318 1572 511 1600 curamus
536 1572 744 1600 renovare.

150 1626 212 1665 43.
237 1626 372 1674 Quare
395 1635 471 1662 non
488 1622 643 1662 omnmo
666 1622 916 1673 nngleaeimus
944 1621 1063 1675 sabu-

103 1687 165 1727 Ias
185 1689 412 1726 Poetarum.

153 1751 214 1789 44.
246 1748 326 1798 Qui
337 1747 526 1787 deberent
545 1759 629 1787 esse
650 1747 847 1786 librorum
861 1747 1065 1798 potissimi

96 1810 314 1850 dilectores.

151 1874 165 1912 4
177 1874 214 1912 5.
225 1873 335 1921 Quae
349 1870 552 1910 commoda
566 1870 719 1922 confert
732 1869 1064 1909 amorlibrorum.

154 1935 217 1973 46.
248 1935 377 1983 Quam
408 1933 462 1972 sit
486 1932 737 1972 meritorium
779 1931 904 1971 libros
944 1943 1062 1971 novos

98 1994 276 2034 scribere
299 1999 338 2034 et
357 1998 510 2034 veteres
529 2006 738 2033 renovare.

152 2056 214 2096 47.
244 2057 300 2095 De
323 2055 456 2095 debita
490 2056 689 2095 honestate
724 2054 836 2093 eirca
871 2054 1066 2093 librorum

98 2117 318 2157 custodiam
338 2116 615 2157 adhibendam.

154 2181 216 2220 48.
247 2179 361 2229 Quod
382 2183 534 2219 tantam
555 2178 751 2218 librorum
766 2178 993 2230 colleyimus
1007 2191 1069 2217 co-

93 2241 207 2293 piam
225 2242 280 2282 ad
301 2254 546 2282 communem
557 2240 783 2294 profectum
799 2240 1066 2290 Scholarium,

104 2307 143 2342 et
162 2315 241 2343 non
262 2303 389 2343 solum
411 2303 467 2343 ad
482 2304 696 2356 propriam
718 2302 972 2343 voluntatem.

154 2367 215 2406 49.
246 2367 302 2406 De
331 2366 443 2406 modo
472 2365 792 2405 communicandi
819 2364 1070 2404 studentibus

100 2427 282 2467 omnibus
315 2427 438 2468 libros
463 2432 631 2468 nostros.

154 2489 218 2529 20.
237 2489 464 2529 Cohortatio
481 2489 734 2530 Scholarium
750 2490 804 2529 acl
817 2489 1070 2542 repetendum

96 2563 177 2603 pro
198 2549 311 2591 nobis
339 2552 542 2603 suffragia
565 2551 720 2590 debitae
736 2552 910 2604 pietatis.

101 2613 215 2661 Quod
254 2613 426 2664 denique
455 2600 699 2653 Trith'emius
719 2618 760 2652 et
783 2625 830 2652 ex
858 2624 904 2651 eo
930 2613 1069 2652 Lelan-

101 2675 137 2714 d'
154 2674 268 2726 ajunt
291 2675 340 2714 ad
355 2675 463 2714 hunc
480 2675 722 2714 Ricliardum
737 2680 897 2713 exstare
912 2675 1070 2726 Episto-

100 2738 180 2776 lam
204 2739 341 2777 Franc.
366 2736 601 2776 petrarchae
617 2736 666 2775 de
689 2737 819 2776 insula
834 2737 980 2785 Thule3
995 2736 1069 2776 hoc

102 2800 157 2838 ita
180 2804 242 2838 est
266 2798 560 2850 accipiendum,
590 2797 696 2848 quod
720 2798 956 2837 Petrarchae
979 2800 1072 2849 Epi-

101 2861 202 2900 stola
225 2860 274 2899 de
299 2860 372 2899 hoo
395 2864 631 2912 argumento
654 2863 789 2898 exstat
825 2860 952 2910 prima
979 2860 1066 2898 libri

102 2923 237 2973 tertii,
262 2933 341 2961 non
366 2933 461 2960 vero
485 2921 578 2960 data
614 2919 663 2960 ad
695 2920 934 2960 Richarduni
951 2953 962 2969 ,
993 2923 1064 2961 sed

101 2983 152 3023 ad
171 2984 365 3023 Thomam
381 2985 701 3034 Messanensem,
722 2984 761 3020 in
792 2994 870 3032 qua
893 2987 1067 3023 testatur

103 3057 147 3084 se
163 3045 212 3084 de
223 3045 351 3085 Thule
368 3056 595 3084 sermonem
614 3045 755 3083 fecisse
771 3044 1066 3095 cumffichardo

100 3107 266 3158 Angliae
287 3108 406 3159 Regis
432 3107 695 3155 Cancellario,
717 3117 838 3157 quem
868 3111 984 3145 vocat
1007 3107 1066 3146 vi-

100 3179 195 3207 rum
228 3168 408 3208 ardentis
447 3168 616 3220 z'nyenii,
653 3180 723 3207 nec
752 3167 977 3206 litterarum
1006 3168 1064 3206 in-

104 3229 252 3280 scium,
276 3229 585 3282 abditarumque
612 3242 751 3269 rerum
774 3228 825 3268 ab
844 3229 1069 3270 adolescen-

108 3290 164 3349 tia
188 3302 316 3344 supra
335 3291 452 3344 fidem
473 3292 688 3331 curiosum.

157 3351 328 3393 Ioannes
355 3355 604 3396 BUSCHIUS
628 3355 878 3404 Zwollcnsis,
901 3355 1069 3395 Canoni-

2026 252 2106 291 285

1141 329 1214 359 cus
1230 317 1436 371 Regularis
1453 318 1568 358 Anno
1592 317 1746 358 CIIristi
1774 317 1875 356 4475
1899 319 1939 365 a)
1963 319 2107 357 aetatis

1141 381 1192 420 76
1218 386 1393 420 testatur
1416 392 1460 420 se
1483 380 1705 431 absolvisse
1735 377 1858 419 libros
1881 379 1940 418 IV
1964 378 2012 418 de
2043 391 2108 418 re-

1138 442 1445 495 formationibus
1468 447 1506 482 et
1526 440 1820 482 visitationibus
1848 440 2104 481 diversorum

1139 506 1349 558 utriusque
1370 516 1498 546 sexus
1521 503 1875 554 Monasteriorum,
1907 504 2102 544 Orclinum

1138 568 1390 608 diversorum
1416 566 1725 619 [Canonicorum
1743 568 1998 618 regularium,
2015 569 2102 606 siv(¹

1138 631 1514 682 Augustinensium,
1535 630 1981 678 premonstratensium,
1997 632 2101 680 Nigri

1138 693 1298 733 Ordinis
1312 693 1398 731 sive
1414 690 1783 739 Benedictinorum,
1805 692 1966 731 Ordinis
1980 694 2103 731 Mino-

1139 768 1250 805 rum,
1267 754 1625 794 Carthusianorum
1643 752 1683 801 b)
1702 757 1742 791 et
1760 755 1939 793 Fratrum
1963 755 2103 793 volun-

1138 820 1237 857 tarie
1260 818 1300 867 c)
1325 827 1563 867 pauperum:
1591 825 1663 852 nec
1689 825 1767 852 non
1786 816 2014 854 Monialium
2030 816 2103 854 Or-

1136 880 1241 919 dinis
1276 878 1573 925 Cistereiensis,
1613 881 1653 914 et
1697 876 1857 914 Ordinis
1892 878 1933 914 B.
1958 879 2101 916 Mariae

1136 941 1388 993 Magdalenae
1413 940 1455 989 d)
1479 940 1529 979 de
1551 939 1813 987 Poenitentia,
1836 938 2107 987 103ςο130553-

1137 1003 1339 1052 rume)de
1359 1007 1540 1042 extrema
1555 1005 1791 1053 paupertate
1811 1005 1874 1039 etc
1899 999 1911 1052 ]
1932 1011 2102 1049 quorum

1136 1068 1336 1118 epitomen
1361 1066 1448 1104 sive
1465 1069 1620 1116 partem
1640 1064 1822 1115 vulgavit
1837 1063 2004 1101 illustris
2022 1063 2107 1100 Lei-

1136 1129 1287 1167 bnitius
1306 1132 1413 1166 tomo
1431 1129 1463 1167 11
1480 1128 1719 1178 scriptorum
1741 1126 2102 1165 Brunsvicensium

1136 1203 1173 1242 p.
1197 1190 1379 1230 477-506
1403 1188 1547 1228 deinde
1566 1201 1616 1228 ex
1633 1188 1796 1227 meliore
1819 1187 1979 1236 codice,
2007 1188 2107 1224 inte-

1135 1266 1251 1305 grum
1270 1266 1307 1304 p.
1333 1251 1515 1292 806—970
1537 1251 1752 1301 subjuncto
1767 1249 1998 1301 appendicis
2017 1249 2102 1287 vice

1136 1316 1322 1367 Catalogo
1345 1315 1662 1366 praepositorum
1679 1314 1914 1352 Conventus
1939 1311 2108 1351 Canoni-

1137 1390 1277 1417 corum
1293 1377 1537 1428 regularium
1555 1378 1592 1414 in
1613 1376 1726 1415 Sulta
1741 1386 1862 1426 prope
1877 1373 2107 1418 IIildesiam,

1137 1452 1309 1492 quorum
1332 1440 1445 1479 XXV
1480 1440 1554 1478 suit
1578 1439 1626 1477 ab
1650 1438 1766 1477 Anno
1806 1437 1908 1476 4440
1935 1436 1997 1474 hie
2028 1437 2108 1474 Bu-

1138 1503 1294 1551 schius‚
1319 1502 1463 1541 deinde
1500 1501 1549 1540 ab
1572 1501 1688 1539 Anno
1724 1500 1825 1539 4450
1853 1500 2105 1550 praepositus

1136 1566 1317 1605 XXVIII.
1328 1564 1555 1603 Monasterii
1566 1563 1657 1601 novi
1671 1562 1812 1613 OperIs
1828 1572 1948 1612 prope
1966 1561 2106 1606 IIalIis,

1136 1627 1330 1666 dioecesis
1344 1626 1708 1678 Magdeburgensis.
1726 1624 1824 1663 Vide
1839 1636 1878 1676 p.
1900 1625 1987 1662 499.
2006 1624 2108 1662 Cum

1136 1690 1267 1729 adhue
1291 1690 1413 1728 frater
1437 1690 1477 1727 in
1501 1687 1736 1727 Windesem
1752 1691 1880 1735 esset,
1907 1690 2042 1724 narrat
2066 1697 2102 1735 p.

1138 1753 1216 1790 926
1240 1763 1284 1790 se
1307 1751 1356 1790 ad
1380 1750 1621 1802 palinodiam
1659 1749 1862 1800 redegisse
1902 1749 2109 1786 Lectorem

1134 1813 1273 1853 Ordin.
1296 1813 1637 1859 praedicatorum,
1662 1813 1728 1861 qui
1765 1811 2008 1861 Zutphaniae
2034 1820 2103 1859 pro

1138 1886 1251 1914 sacra
1274 1875 1471 1914 Coneione
1495 1874 1710 1921 docuerat,
1731 1874 1857 1911 Laicis
1888 1884 1965 1910 non
1988 1872 2106 1909 licere

1139 1938 1259 1976 libros
1293 1938 1532 1976 Teutonicos
1568 1935 1714 1974 habere
1736 1935 1800 1972 vel
1824 1934 2011 1972 evolvere
2030 1963 2038 1979 ,
2069 1938 2110 1971 et

1140 2010 1348 2038 sermones
1372 1999 1528 2036 nonnisi
1559 1997 1609 2036 ad
1633 1997 1824 2047 populum
1864 1997 1899 2032 in
1930 1996 2110 2034 Ecclesia

1141 2062 1226 2100 ficri
1248 2061 1406 2099 debere.
1430 2062 1473 2098 In
1495 2060 1634 2099 eodem
1664 2060 1877 2098 Conventu
1902 2056 2113 2094 Windese-

1144 2125 1273 2162 mensi
1294 2127 1468 2161 testatur
1488 2135 1524 2173 p.
1548 2122 1624 2161 504
1647 2121 1856 2171 scripsisse
1877 2117 1922 2157 tle
1942 2118 2047 2156 Viris
2069 2116 2113 2155 il-

1144 2183 1339 2224 lustribus
1360 2183 1507 2223 librum
1533 2184 1643 2222 illum
1667 2183 1797 2233 ipsum
1820 2192 1976 2231 nempe⁷
1994 2179 2110 2229 cujus

1145 2253 1298 2299 partem
1324 2249 1496 2298 priorem
1511 2246 1743 2285 Heribertus
1762 2242 1946 2282 Rosweid
1955 2254 2000 2281 us
2017 2242 2116 2280 Ant-

1144 2323 1271 2362 werp.
1300 2311 1423 2358 4624,
1449 2311 1472 2347 8
1496 2309 1680 2359 vulgavit
1709 2306 1756 2345 de
1790 2304 1941 2356 orissine
1968 2304 2114 2343 Coeno-

1147 2371 1204 2411 bii
1224 2376 1262 2411 et
1295 2370 1475 2422 Capituli
1492 2374 1530 2408 et
1553 2367 1880 2421 Conqreqationis
1920 2365 2114 2407 Wuulesi-

1146 2434 1308 2483 mensis,
1334 2435 1420 2472 sive
1455 2432 1858 2471 Windesheinicnsis.
1897 2431 1995 2468 Nan]
2021 2439 2113 2478 pars

1145 2497 1269 2536 altera
1292 2494 1338 2534 cle
1365 2494 1470 2533 Viris
1493 2491 1720 2533 illustribus
1748 2491 1910 2530 Ordinis
1939 2488 2113 2529 Canoni-

1144 2569 1282 2598 corum
1320 2554 1581 2607 Re9uIa7·1‘zun
1621 2551 1952 2594 ll'inclesemensis
1981 2550 2111 2589 adhuc

1143 2621 1251 2659 MSta
1277 2620 1315 2656 in
1339 2617 1595 2657 Bibliothecis
1618 2616 1740 2665 Belgii
1766 2616 1879 2661 latet,
1922 2617 1965 2652 ut
2001 2617 2113 2651 nota-

1142 2685 1228 2720 tum
1253 2680 1406 2719 Valerio
1429 2677 1612 2717 Andreae
1637 2689 1673 2727 p.
1701 2676 1790 2714 473.
1824 2674 1942 2726 Apud
1967 2674 2113 2713 Sveer-

1198 2819 1231 2857 a)
1249 2819 1413 2850 nuschius
1429 2817 1517 2858 apud
1532 2818 1736 2849 Leibnitium
1754 2821 1844 2848 tomo
1869 2818 1895 2846 ΙΙ
1913 2817 2117 2855 scriptorum

1135 2871 1429 2901 nrunsvicensium
1446 2877 1521 2908 pag.
1539 2867 1600 2898 955
1617 2875 1687 2909 seq.
1712 2867 1831 2899 Confer
1847 2867 1994 2907 ejusdcm
2013 2865 2118 2904 prole-

1134 2926 1275 2959 gomcnn
1295 2926 1369 2958 pag.
1387 2917 1428 2948 40
1441 2926 1512 2957 scqz
1528 2918 1740 2948 etOudinum
1759 2922 1838 2948 tom.
1859 2918 1900 2946 111
1918 2924 1948 2955 p.
1966 2915 2115 2954 25-172q.

1195 2967 1232 3007 b)
1253 2966 1464 3005 carthusia,
1480 2968 1591 3006 inquIt
1609 2967 1772 2998 Buschius
1791 2974 1866 3006 pag.
1880 2966 1920 2996 {¹5
1935 2981 1940 2991 ι
1956 2974 1977 2994 α
1995 2965 2114 3004 prima

1134 3026 1200 3048 sua
1219 3017 1452 3047 institutione
1475 3025 1614 3056 semper
1633 3017 1672 3047 in
1691 3007 1936 3047 observantia*
1952 3013 2113 3054 requlari

1133 3067 1359 3107 permansit,
1377 3071 1524 3106 propter
1540 3066 1635 3104 tria,
1652 3066 1818 3097 videlicet
1835 3064 2050 3101 solitudine,
2068 3064 2115 3093 si-

1133 3117 1282 3148 lentium
1299 3122 1331 3147 et
1345 3117 1606 3148 visitationem.
1625 3118 1687 3147 Per
1705 3118 1768 3147 tria
1783 3139 1793 3154 ‚
1811 3116 1868 3147 So.
1890 3115 1940 3147 Si.
1963 3114 2013 3146 rt.
2032 3114 2114 3145 Car-

1131 3167 1244 3198 thusia
1261 3171 1432 3207 permanet
1452 3169 1484 3198 in
1509 3168 1554 3199 vi.

1195 3215 1226 3255 c)
1243 3217 1301 3247 llic
1320 3216 1407 3247 ordo
1426 3218 1604 3249 institutus
1623 3215 1839 3249 ntideshemii
1858 3219 1917 3247 An.
1934 3213 2014 3247 1470
2031 3212 2112 3246 vido

1138 3274 1223 3307 quae
1240 3266 1403 3298 nuschius
1421 3274 1496 3306 pag.
1512 3266 1585 3298 857.

1195 3315 1231 3354 d)
1248 3316 1328 3347 Vide
1343 3325 1418 3355 pag.
1432 3316 1505 3347 869.

1197 3366 1228 3404 e)
1247 3365 1335 3397 Idem
1352 3375 1426 3406 pag.
1446 3368 1520 3400 8⁸0.
