2500 3841
305 188 337 217 U

116 287 295 327 Accursii
315 316 323 335 ,
347 286 598 336 (quanquam
623 285 799 336 integras
819 287 978 335 titulus,
1009 287 1080 327 sed

115 351 211 388 false
230 347 443 400 promittit)
460 348 608 397 vineti,
633 347 780 386 Barthii
802 379 810 395 ,
833 348 1021 399 Acidalii,
1047 351 1079 388 J.

113 413 152 450 F.
185 410 374 450 Gronovii
394 413 435 448 et
457 410 623 448 Joannis
646 409 802 461 Georgii
826 410 1009 461 Graevii,
1034 411 1082 449 de

113 473 229 523 cujus
252 472 443 523 postremi
466 471 630 510 consilio
653 470 876 511 Ausonium
913 473 1085 512 illustra—

114 540 200 574 tum
224 532 367 573 edendi
394 533 569 572 occurrit
593 545 752 583 quoque
773 536 921 573 mentio
936 536 975 572 in
991 535 1083 585 Epi-

113 597 216 635 stola
235 595 441 635 Benedicti
464 595 664 645 Hoepferi,
690 596 977 647 Tubingensis,
995 596 1085 635 data

112 658 187 697 An.
229 656 346 707 16737
372 658 421 696 21)
453 656 561 707 Maji,
599 656 784 708 editaque
822 660 862 696 in
902 660 1087 697 semestri

114 722 242 772 primo
271 718 488 758 Annalium
509 719 746 759 Academiae
770 721 939 760 Helmst.
970 720 1088 770 1722,

115 777 187 832 8¹¹⁰,
211 793 298 832 pag.
326 782 415 820 185.
437 782 483 820 In
508 782 751 833 frontispicio
776 782 962 821 editionis
1003 783 1092 821 Tol-

118 844 245 882 lianae
265 843 407 882 abesse
430 844 652 895 Epistolam
680 844 882 883 Theodosii
904 845 1090 895 Augusti,

117 910 158 945 et
184 907 222 944 in
243 917 360 957 opere
383 906 488 956 ipso,
507 905 671 944 Paulini
692 907 739 945 ad
757 907 980 946 Ausonium
1002 907 1095 956 Epi-

117 968 262 1013 stolas,
286 968 455 1006 miratus
480 968 664 1007 Nicolaus
702 969 891 1007 Heinsius
913 967 1093 1018 Epistola

116 1030 166 1069 ad
182 1031 376 1068 Joannem
394 1029 642 1069 Fridericum
659 1030 906 1069 Gronovium
923 1034 1020 1067 tom.
1038 1029 1091 1066 111

117 1092 290 1142 sylloges
314 1093 636 1131 Burmannianae
663 1104 750 1143 pag.
779 1093 874 1138 541,
907 1091 983 1130 542
1007 1089 1093 1127 infi-

119 1155 202 1192 nita
222 1153 352 1192 adhuc
372 1157 487 1191 notat
517 1165 730 1205 superesse
755 1155 795 1192 in
823 1153 1002 1192 Ausonio
1029 1163 1093 1190 ca-

66 1222 70 1225 ’
119 1216 304 1266 stiganda
340 1215 683 1266 illustrandaque,
715 1220 836 1266 atque
870 1217 975 1254 inter
1016 1214 1092 1253 alia

121 1278 257 1318 laudat
281 1278 428 1317 librum
448 1279 713 1329 veterrimum
735 1279 992 1317 Vossianum.

172 1341 352 1390 Denique
378 1341 417 1378 in
442 1351 562 1378 usum
578 1339 762 1391 Delphini
777 1339 981 1379 Ausonius
1006 1340 1092 1378 illu-

122 1403 237 1441 strari
262 1406 429 1452 coeptus
451 1405 515 1440 est
538 1413 560 1440 a
575 1400 736 1439 Jule'ano
761 1400 922 1439 Florido
940 1431 948 1449 ,
968 1402 1095 1440 Cano-

121 1466 209 1502 nico
218 1465 465 1512 Carnotensi,
483 1464 531 1503 dc
548 1463 666 1514 cujus
683 1463 851 1515 Apulejo
861 1475 983 1514 supra
998 1463 1091 1501 dixi.

120 1526 232 1564 Illam
252 1524 466 1564 editionem
491 1526 765 1576 imperfectam
787 1527 988 1575 relictam,
1009 1526 1096 1564 Flo-

120 1587 204 1626 rido
226 1589 346 1626 etiam
369 1589 418 1627 15
443 1588 690 1638 Septembris
714 1587 831 1627 Anno
854 1587 959 1627 1725
989 1588 1095 1626 Pari-

120 1652 190 1690 siis
217 1652 420 1698 extincto,
441 1651 670 1697 recensuit,
696 1651 903 1701 supplevit
923 1680 930 1698 ,
953 1661 1094 1688 emen-

120 1713 256 1761 davit,
290 1713 612 1751 dissertationem
649 1712 698 1751 de
737 1714 821 1751 vita
853 1716 894 1751 et
933 1712 1092 1762 scriptis

120 1774 303 1823 Ausonii,
320 1786 494 1825 suasque
509 1774 882 1814 animadversiones
907 1773 1092 1824 adjunxit

121 1835 320 1875 ,lohannes
341 1835 524 1886 Baptista
543 1835 727 1888 Souchay
743 1837 886 1886 Regiae
908 1836 1093 1886 Inscript.

122 1898 392 1937 ethumanior.
412 1898 560 1937 literar.
577 1897 814 1937 Academiae
831 1899 975 1936 socius.
995 1908 1094 1936 usus

122 1961 241 1999 etiam
267 1961 372 1999 notis
396 1960 556 1998 ineditis
580 1959 751 1999 Martini
769 1960 965 2012 Despmii,
992 1971 1093 2010 quae

126 2024 164 2060 in
184 2022 425 2061 Bibliotheca
443 2023 565 2073 Regia
579 2023 710 2061 MStae
726 2027 1001 2061 asservantur.
1025 2024 1095 2060 Pa-

121 2085 226 2123 risiis
241 2083 342 2124 1730
363 2081 428 2123 430
444 2085 607 2123 Journal
622 2084 695 2122 des
716 2085 872 2123 Savans
894 2083 967 2122 An.
990 2083 1092 2123 1730

120 2146 303 2186 Octobris
338 2148 551 2198 pag.‘163.
587 2146 750 2187 Journal
784 2147 975 2185 Literaire
995 2151 1091 2184 tom.

121 2210 326 2261 XV[,pag.
345 2210 433 2249 461.
453 2209 551 2248 Acta
570 2208 833 2248 Eruditorum
856 2206 972 2247 Anno
990 2207 1092 2247 1732

122 2282 210 2323 pag.
238 2272 326 2310 489.

176 2334 215 2373 S.
252 2333 607 2374 AUSTREGISILI
626 2363 633 2383 ,
664 2332 908 2384 Archiepisc.
947 2333 1094 2372 Bituri-

121 2397 255 2436 censis
277 2395 352 2436 An.
377 2398 446 2436 611
478 2397 657 2436 defuncti
682 2398 771 2435 Vita
794 2395 899 2446 apud
931 2396 1094 2434 Surium

124 2458 223 2497 etin
242 2457 355 2497 Actis
375 2459 555 2497 Sanctor.
581 2459 630 2498 20
654 2457 758 2507 Maji.
783 2458 861 2496 Res
892 2461 1029 2508 gestae
1051 2468 1096 2495 ac

126 2519 317 2557 miracula
332 2519 461 2558 tribus
482 2520 593 2558 libris
612 2519 904 2570 comprehensa
929 2520 1101 2558 auctori-

124 2580 201 2618 bus
226 2581 404 2629 antiquis
428 2580 500 2618 sed
524 2583 736 2630 anonymis
762 2580 868 2632 apud
900 2580 1102 2619 Labbeum

129 2646 236 2679 tomo
257 2641 303 2679 11.
329 2641 424 2679 Bibl.
452 2652 578 2680 novae
602 2643 710 2680 MSS.
736 2653 822 2692 pag.
849 2643 938 2680 350.
966 2642 1004 2680 S.
1025 2641 1107 2680 Au-

133 2702 320 2754 stregisili
341 2702 513 2753 elogium
535 2702 585 2740 id.
616 2714 703 2753 pag.
745 2704 821 2741 363
861 2702 961 2741 adde
989 2703 1107 2742 Caro-

130 2764 215 2803 lum
235 2764 273 2802 le
293 2763 437 2802 Cointe
462 2767 559 2802 tom.
579 2764 612 2802 ll
638 2764 841 2802 annalium
866 2776 902 2814 p.
925 2764 1002 2802 738
1020 2775 1102 2814 seq.

184 2825 408 2865 Chronicon
446 2823 775 2863 AUSTRIACUM
809 2824 858 2863 ab
881 2823 927 2862 A.
958 2826 1000 2873 C,
1025 2826 1101 2864 852

130 2886 179 2926 ad
201 2886 303 2926 1327
330 2888 367 2924 in
397 2891 505 2925 tomo
530 2887 545 2925 1
576 2887 816 2937 scriptorum
846 2886 979 2924 Germ.
1012 2888 1102 2926 Fre-

130 2948 214 2988 heri
237 2960 323 3000 pag.
351 2949 440 2988 431.

185 3010 303 3050 Aliud
326 3010 374 3050 ab
387 3010 501 3049 Anno
521 3010 599 3049 928
615 3009 662 3048 ad
688 3010 789 3049 1319
809 3010 846 3047 in
871 3010 1099 3060 llieromyni

132 3074 208 3111 Pez
224 3073 483 3124 scriptoribus
500 3083 631 3111 rerum
643 3071 942 3110 Austriacarum
965 3073 1095 3110 tom.I.

868 198 1387 258 Liusrnncisli.
2050 211 2127 250 129

1209 287 1307 327 Vide
1331 292 1371 327 ct
1396 287 1521 335 infra,
1546 285 1695 324 VlTUS
1717 280 2004 334 Arnepeclcius.

1212 350 1434 400 Scriptores
1454 359 1587 386 rerum
1612 344 2006 386 AUSTRIACARUM
2019 349 2129 383 vete-

1160 424 1224 450 res
1244 423 1288 450 ac
1313 412 1473 462 genuini
1497 409 1592 448 editi
1626 409 1674 447 ab
1711 408 2007 447 lllERONYMO
2038 408 2127 446 PEZ

1159 473 1347 512 Bernardi
1373 473 1493 511 fratre
1511 502 1519 519 ,
1540 471 1750 510 Austriaco
1766 470 1919 521 Ipsensi
1935 468 2125 508 Monacho

1160 536 1374 573 Mellicensi
1399 535 1559 573 Ordinis
1588 532 1791 571 Benedict.
1830 531 1986 570 duobus
2011 531 2130 569 Volu-

1162 597 1338 635 minibus
1353 595 1374 617 ³¹⁵
1390 596 1493 645 Lips.
1521 593 1613 633 1721
1642 597 1682 631 et
1699 593 1802 632 1725
1827 593 1889 631 fol.
1910 603 1932 631 a
1955 603 2034 642 qun
2056 593 2132 630 Vo-

1163 658 1298 697 lumen
1314 658 1434 695 etiam
1451 657 1614 694 tertium
1632 660 1752 704 atque
1768 655 1876 693 aliud
1891 654 2129 694 AUSTRIAE

1163 717 1519 758 DIPLOMATICAE
1541 717 1710 755 libenter
1734 720 2030 767 exspectamus.

1219 780 1521 819 AUTBERTUS
1558 779 1836 827 Cassinensis,
1861 784 1901 817 et
1933 779 2132 829 antiquior

1168 843 1241 880 hoc
1266 841 1500 880 Ambrosius
1523 840 1834 879 AUTBERTUS.
1861 841 1958 879 Vide
1985 852 2130 892 supra,

1166 903 1452 943 AMBROSIUS
1474 914 1562 953 pag.
1587 903 1664 941 215
1689 913 1772 951 seq.

1220 964 1464 1004 AUXILIUS
1493 965 1812 1012 Grammaticus,
1833 963 1882 1001 de
1906 975 1984 1013 quo
2008 964 2134 1004 Auso-

1169 1029 1260 1066 nius
1283 1028 1584 1078 Epigrammata
1611 1027 1700 1066 138.

1218 1088 1462 1128 AUXILIUS
1478 1090 1654 1128 Francus
1671 1089 1885 1140 Presbyter
1905 1101 1926 1128 a
1947 1091 2134 1128 Formoso

1166 1152 1372 1191 ordinatus
1395 1153 1500 1190 circa
1522 1150 1596 1190 An.
1619 1152 1694 1190 894
1717 1153 1875 1203 scripsit
1896 1150 2018 1192 libros
2035 1153 2079 1191 II
2089 1153 2135 1191 (Ie

1166 1213 1483 1252 ordinationibus
1518 1226 1544 1251 a
1583 1215 1617 1252 F
1620 1225 1775 1252 ormoso
1812 1213 1958 1266 factis,
1996 1220 2135 1254 contra

1167 1276 1416 1326 Stephanum
1450 1277 1519 1314 Vll
1561 1276 1855 1326 Sergiumque,
1881 1278 1907 1325 ἦ
1935 1281 1976 1315 et
1999 1281 2137 1315 contra

1168 1339 1398 1377 intestinam
1414 1339 1524 1377 Rom.
1542 1338 1745 1377 Ecclesiae
1765 1337 2002 1377 discordiam
2021 1369 2028 1384 ‚
2050 1341 2135 1377 sive

1166 1404 1209 1438 ut
1230 1400 1460 1450 Sigebertus
1477 1412 1561 1450 cap.
1581 1401 1657 1440 112
1677 1411 1800 1451 super
1810 1412 1986 1451 persona
2005 1399 2136 1453 Inferi-

1166 1461 1270 1500 soris
1285 1466 1320 1500 et
1334 1461 1585 1514 Defensoris,
1602 1461 1648 1500 de
1666 1461 1999 1511 ordinationibus,
2016 1475 2137 1502 eaeor-

1167 1523 1438 1562 dinatiorzibus
1459 1528 1498 1562 et
1528 1523 1970 1575 superordinationibas
1997 1528 2139 1566 Roma-

1167 1597 1310 1624 norum
1345 1584 1594 1637 Pontificum,
1634 1589 1671 1624 et
1706 1585 1981 1625 ordinatorum
2003 1586 2054 1625 ab
2080 1587 2136 1626 eis

1172 1646 1551 1687 eoeordmatiom'bus
1566 1651 1604 1686 et
1622 1647 2071 1700 superorclinatiomhus.
2092 1650 2144 1688 13-

1171 1710 1269 1748 didit
1286 1711 1646 1749 JoannesMorinus
1659 1710 1707 1748 ad
1719 1710 1869 1748 calcem
1884 1712 2013 1761 operis
2028 1722 2140 1761 prae-

1171 1772 1265 1810 clari
1289 1772 1338 1810 de
1359 1773 1483 1810 sacris
1507 1772 1819 1811 ordinationibus
1842 1784 1928 1823 pag.
1948 1774 2024 1811 348
2043 1773 2137 1812 edit.

1171 1835 1291 1872 Paris.
1313 1834 1414 1873 1655
1431 1837 1471 1872 et
1490 1833 1582 1872 edit.
1601 1833 1808 1883 Antwerp.
1829 1835 1930 1873 1694
1947 1846 2032 1885 pag.
2048 1836 2138 1881 285,

1168 1896 1244 1935 294
1267 1895 1372 1934 unde
1396 1900 1640 1946 repetuntur
1656 1897 1694 1934 in
1718 1896 1958 1934 Bibliotheca
1976 1898 2138 1935 Patrum

1168 1957 1290 2008 Lugd.
1316 1961 1411 1995 tom.
1433 1958 1540 1996 XVII
1566 1959 1706 1996 statim
1731 1958 1771 1995 in
1795 1957 1947 2005 limine,
1963 1959 2057 1995 etin
2078 1970 2140 1997 re-

1166 2020 1408 2058 centioribus
1437 2019 1683 2058 editionibus
1721 2022 1828 2057 tomo
1867 2020 1940 2058 XII
1970 2021 2137 2058 Bai-onii.

1164 2080 1356 2130 Ejusdem
1387 2080 1578 2132 Dialoqus
1612 2092 1736 2132 super
1769 2092 1895 2119 causa
1927 2085 1966 2119 et
1990 2080 2139 2131 neyotz'o

1169 2143 1354 2181 For-most·
1376 2144 1510 2194 Papae
1534 2142 1639 2194 apud
1660 2143 1929 2182 Mabillonium
1954 2148 2047 2180 tom.
2073 2144 2135 2181 lv.

1167 2204 1346 2245 Analect.
1358 2217 1442 2257 pag.
1461 2207 1502 2244 61
1515 2206 1644 2245 0-·624
1666 2210 1706 2244 et
1725 2205 1818 2244 edit.
1837 2217 1963 2243 novae
1973 2217 2058 2256 pag.
2074 2206 2137 2245 28,

1170 2269 1240 2315 32,
1269 2269 1332 2306 39.

1223 2330 1245 2353 ³⁶
1263 2330 1459 2370 Auaeilius
1482 2332 1666 2370 Francus
1684 2343 1734 2370 ne
1750 2331 1884 2379 fuerit⁷
1909 2330 1982 2369 An.
2004 2331 2140 2377 Italus,

1171 2394 1372 2432 incertum
1402 2398 1481 2443 est,
1504 2405 1596 2432 cum
1620 2395 1701 2444 ipse
1727 2394 1822 2431 nihil
1843 2404 1886 2430 ea
1918 2392 1967 2429 de
1991 2404 2032 2431 re
2056 2403 2144 2442 pro-

1172 2455 1250 2493 dat.
1281 2455 1517 2494 Ordinatum
1541 2466 1584 2493 se
1608 2466 1630 2493 a
1653 2456 1838 2492 Formoso
1868 2455 1969 2504 Papa
1998 2464 2138 2502 quam-

1175 2528 1294 2566 quam
1319 2518 1530 2556 affiirmare
1555 2516 1731 2566 videtur,
1753 2528 1829 2553 non
1872 2516 1982 2554 facile
2006 2519 2139 2554 tamen

1177 2579 1390 2617 affirmanti
1415 2579 1669 2626 assenserim,
1695 2588 1785 2615 nam
1812 2582 1847 2615 et
1886 2577 1974 2614 alibi
2004 2578 2141 2616 scribit

1180 2640 1379 2678 assedisse
1404 2651 1447 2678 se
1470 2651 1561 2678 cum
1586 2640 1753 2677 caeteris
1776 2639 1959 2688 Episcopi
1989 2638 2141 2687 synodo

1179 2701 1337 2740 cuidam
1360 2703 1506 2740 Romae
1529 2714 1551 2739 a
1574 2701 1728 2739 Nicolao
1745 2701 1757 2738 Ι
1775 2699 1961 2738 Pontifice
1986 2699 2141 2738 habitae

1179 2775 1270 2802 cum
1293 2763 1468 2813 profecto
1491 2766 1646 2800 constet
1676 2761 1878 2799 Nicolaum
1904 2761 2140 2800 Formosum

1178 2822 1731 2874 praecessisse.Quamobrem
1751 2833 1843 2859 cum
1859 2822 1913 2859 ait
1935 2822 1972 2859 in
1989 2821 2140 2872 dialogo

1176 2896 1219 2923 se
1253 2885 1478 2923 ordinatum
1504 2896 1527 2923 a
1564 2886 1752 2921 Formoso
1782 2884 1956 2933 loquitur
1979 2894 2057 2921 non
2100 2885 2138 2921 in

1175 2958 1263 2995 sua,
1294 2946 1364 2985 sed
1395 2948 1432 2984 in
1472 2957 1640 2996 persona
1664 2946 1925 2992 clericorum,
1951 2946 2017 2995 qni
2047 2956 2140 2984 cum

1174 3008 1332 3047 ordines
1356 3019 1378 3046 a
1403 3010 1587 3046 Formoso
1608 3008 1857 3058 recepissent
1894 3006 2141 3045 validitatem

186 3133 303 3173 Aliud
322 3135 371 3173 ab
394 3135 510 3173 Anno
547 3134 648 3174 1012
668 3133 717 3173 ad
753 3134 854 3173 1189
881 3132 984 3171 idem
1008 3145 1094 3185 pag.

135 3195 222 3234 547.

188 3256 303 3357 111ἰὲιά
322 3271 344 3299 a
364 3260 572 3302 Com-adol
595 3261 679 3299 sive
696 3257 810 3298 Anno
826 3259 902 3298 912
925 3258 973 3298 ad
991 3258 1092 3298 1273

137 3329 221 3369 pag.
272 3321 333 3360 85.

1224 3131 1238 3144 ·
1266 3134 1356 3170 Quae
1379 3132 1411 3162 in
1434 3131 1575 3170 singulis
1607 3132 1850 3162 contineantur
1867 3155 1876 3167 ‚
1900 3130 2062 3162 distincte
2085 3138 2148 3162 ex-

1163 3185 1293 3221 ponunt
1316 3184 1395 3212 Acta
1420 3179 1636 3212 Eruditorum
1659 3183 1719 3211 An.
1744 3178 1819 3209 1721
1847 3188 1921 3218 pag.
1945 3179 2003 3210 5-21
2031 3184 2064 3211 et
2083 3181 2145 3211 An.

1144 3225 1146 3228 ’
1168 3230 1244 3261 17-25
1263 3238 1337 3270 pag.
1352 3229 1424 3261 585.
1443 3234 1475 3260 ct
1493 3232 1571 3261 Acta
1590 3230 1810 3260 Eruditorum
1827 3231 2025 3262 Germanica
2043 3231 2141 3260 Parte

1163 3281 1203 3312 72
1226 3284 1304 3310 tom.
1323 3281 1361 3310 Vl
1386 3288 1459 3320 pag.
1490 3278 1568 3310 ¹057
1595 3283 1628 3310 ct
1652 3281 1748 3309 Parte
1778 3278 1834 3309 109
1860 3283 1943 3312 tom.
1966 3280 1992 3310 X
2021 3287 2054 3320 p.
2082 3277 2135 3312 61.

1223 3329 1247 3370 †
1271 3328 1351 3362 Vide
1373 3330 1554 3362 Baronium
1579 3327 1621 3362 ad
1646 3331 1683 3361 Α.
1708 3327 1781 3360 908.
