<?xml version="1.0" encoding="UTF-8"?>
<!DOCTYPE html PUBLIC "-//W3C//DTD XHTML 1.0 Transitional//EN"
    "http://www.w3.org/TR/xhtml1/DTD/xhtml1-transitional.dtd">
<html xmlns="http://www.w3.org/1999/xhtml" xml:lang="en" lang="en">
 <head>
  <title>
</title>
<meta http-equiv="Content-Type" content="text/html;charset=utf-8" />
  <meta name='ocr-system' content='tesseract 3.04.00' />
  <meta name='ocr-capabilities' content='ocr_page ocr_carea ocr_par ocr_line ocrx_word'/>
</head>
<body>
  <div class='ocr_page' id='page_1' title='image "./bibliothecalatin01fabruoft_0140.png"; bbox 0 0 2500 4009; ppageno 0'>
   <div class='ocr_carea' id='block_1_1' title="bbox 331 206 1306 2976">
    <p class='ocr_par' dir='ltr' id='par_1_1' title="bbox 335 206 1306 1428">
     <span class='ocr_line' id='line_1_1' title="bbox 349 206 423 245; baseline 0 -1"><span class='ocrx_word' id='word_1_1' title='bbox 349 206 423 245; x_wconf 71' lang='lat'>102</span> 
     </span>
     <span class='ocr_line' id='line_1_2' title="bbox 345 273 1306 330; baseline -0.004 -16"><span class='ocrx_word' id='word_1_2' title='bbox 345 278 483 330; x_wconf 79' lang='lat' dir='ltr'>dolpho</span> <span class='ocrx_word' id='word_1_3' title='bbox 504 276 674 317; x_wconf 69' lang='lat' dir='ltr'>Nou-ello</span> <span class='ocrx_word' id='word_1_4' title='bbox 698 280 735 324; x_wconf 67' lang='lat' dir='ltr'>a,</span> <span class='ocrx_word' id='word_1_5' title='bbox 772 281 808 312; x_wconf 83' lang='lat' dir='ltr'>et</span> <span class='ocrx_word' id='word_1_6' title='bbox 836 274 969 312; x_wconf 87' lang='lat' dir='ltr'>Latina</span> <span class='ocrx_word' id='word_1_7' title='bbox 993 275 1173 311; x_wconf 74' lang='lat' dir='ltr'>versione</span> <span class='ocrx_word' id='word_1_8' title='bbox 1197 273 1235 321; x_wconf 79' lang='lat' dir='ltr'>b)</span> <span class='ocrx_word' id='word_1_9' title='bbox 1265 278 1306 310; x_wconf 85' lang='lat' dir='ltr'>et</span> 
     </span>
     <span class='ocr_line' id='line_1_3' title="bbox 347 333 1303 382; baseline -0.005 -5"><span class='ocrx_word' id='word_1_10' title='bbox 347 342 449 378; x_wconf 85' lang='lat' dir='ltr'>notis</span> <span class='ocrx_word' id='word_1_11' title='bbox 472 352 492 378; x_wconf 82' lang='lat' dir='ltr'>a</span> <span class='ocrx_word' id='word_1_12' title='bbox 516 337 729 378; x_wconf 85' lang='lat' dir='ltr'>Lambardo</span> <span class='ocrx_word' id='word_1_13' title='bbox 755 336 969 373; x_wconf 76' lang='lat' dir='ltr'>illustratae</span> <span class='ocrx_word' id='word_1_14' title='bbox 990 333 1152 371; x_wconf 93' lang='lat' dir='ltr'>Londini</span> <span class='ocrx_word' id='word_1_15' title='bbox 1186 335 1303 382; x_wconf 78' lang='grc'><strong>1568,</strong></span> 
     </span>
     <span class='ocr_line' id='line_1_4' title="bbox 352 393 1304 445; baseline -0.006 -5"><span class='ocrx_word' id='word_1_16' title='bbox 352 403 366 439; x_wconf 75' lang='lat' dir='ltr'>I</span> <span class='ocrx_word' id='word_1_17' title='bbox 377 409 413 439; x_wconf 89' lang='lat' dir='ltr'>et</span> <span class='ocrx_word' id='word_1_18' title='bbox 425 414 514 440; x_wconf 81' lang='lat' dir='ltr'>cum</span> <span class='ocrx_word' id='word_1_19' title='bbox 525 398 802 438; x_wconf 79' lang='lat' dir='ltr'>commentario</span> <span class='ocrx_word' id='word_1_20' title='bbox 811 395 839 432; x_wconf 71' lang='lat' dir='ltr'><em>A</em></span> <span class='ocrx_word' id='word_1_21' title='bbox 848 393 1013 440; x_wconf 73' lang='lat' dir='ltr'>brulium</span> <span class='ocrx_word' id='word_1_22' title='bbox 1020 394 1034 432; x_wconf 89' lang='grc' dir='ltr'>ι’</span> <span class='ocrx_word' id='word_1_23' title='bbox 1048 397 1080 434; x_wconf 73' lang='lat' dir='ltr'>u</span> <span class='ocrx_word' id='word_1_24' title='bbox 1087 394 1228 445; x_wconf 56' lang='lat' dir='ltr'>madoci,</span> <span class='ocrx_word' id='word_1_25' title='bbox 1237 397 1304 434; x_wconf 92' lang='lat' dir='ltr'>ad-</span> 
     </span>
     <span class='ocr_line' id='line_1_5' title="bbox 343 455 1303 508; baseline -0.005 -8"><span class='ocrx_word' id='word_1_26' title='bbox 343 464 435 500; x_wconf 82' lang='lat' dir='ltr'>ditis</span> <span class='ocrx_word' id='word_1_27' title='bbox 446 463 608 508; x_wconf 65' lang='lat' dir='ltr'>Legibus</span> <span class='ocrx_word' id='word_1_28' title='bbox 620 457 887 497; x_wconf 72' lang='lat' dir='ltr'>Normannieis</span> <span class='ocrx_word' id='word_1_29' title='bbox 900 455 1083 494; x_wconf 89' lang='lat' dir='ltr'>Guilelmi</span> <span class='ocrx_word' id='word_1_30' title='bbox 1095 456 1303 506; x_wconf 88' lang='lat' dir='ltr'>Conquae-</span> 
     </span>
     <span class='ocr_line' id='line_1_6' title="bbox 343 511 1302 563; baseline -0.004 -3"><span class='ocrx_word' id='word_1_31' title='bbox 343 527 459 561; x_wconf 74' lang='lat' dir='ltr'>storis</span> <span class='ocrx_word' id='word_1_32' title='bbox 495 511 547 558; x_wconf 50' lang='lat' dir='ltr'>et*</span> <span class='ocrx_word' id='word_1_33' title='bbox 563 521 707 558; x_wconf 81' lang='lat' dir='ltr'>Latinis</span> <span class='ocrx_word' id='word_1_34' title='bbox 734 518 901 563; x_wconf 74' lang='lat' dir='ltr'>Legibus</span> <span class='ocrx_word' id='word_1_35' title='bbox 938 519 1092 556; x_wconf 85' lang='lat' dir='ltr'>llenriei</span> <span class='ocrx_word' id='word_1_36' title='bbox 1117 519 1137 556; x_wconf 91' lang='lat' dir='ltr'>l.</span> <span class='ocrx_word' id='word_1_37' title='bbox 1158 519 1302 556; x_wconf 87' lang='lat' dir='ltr'>Canta-</span> 
     </span>
     <span class='ocr_line' id='line_1_7' title="bbox 343 580 1300 630; baseline -0.003 -9"><span class='ocrx_word' id='word_1_38' title='bbox 343 586 434 630; x_wconf 70' lang='lat' dir='ltr'>brig.</span> <span class='ocrx_word' id='word_1_39' title='bbox 480 582 573 621; x_wconf 72' lang='grc'><strong>1611</strong></span> <span class='ocrx_word' id='word_1_40' title='bbox 614 580 673 617; x_wconf 80' lang='lat' dir='ltr'>fol.</span> <span class='ocrx_word' id='word_1_41' title='bbox 713 580 892 628; x_wconf 84' lang='lat' dir='ltr'>Denique</span> <span class='ocrx_word' id='word_1_42' title='bbox 929 584 1017 629; x_wconf 89' lang='lat' dir='ltr'>post</span> <span class='ocrx_word' id='word_1_43' title='bbox 1061 580 1300 629; x_wconf 79' lang='lat' dir='ltr'>interceptos</span> 
     </span>
     <span class='ocr_line' id='line_1_8' title="bbox 344 639 1302 689; baseline -0.003 -8"><span class='ocrx_word' id='word_1_44' title='bbox 344 642 547 682; x_wconf 61' lang='lat' dir='ltr'>Francis-ri</span> <span class='ocrx_word' id='word_1_45' title='bbox 566 640 693 687; x_wconf 72' lang='lat' dir='ltr'>lunii,</span> <span class='ocrx_word' id='word_1_46' title='bbox 714 639 902 678; x_wconf 70' lang='lat' dir='ltr'>Guilelmi</span> <span class='ocrx_word' id='word_1_47' title='bbox 923 641 1120 689; x_wconf 78' lang='lat' dir='ltr'>Sonmeri&#39;,</span> <span class='ocrx_word' id='word_1_48' title='bbox 1140 646 1179 679; x_wconf 86' lang='lat' dir='ltr'>et</span> <span class='ocrx_word' id='word_1_49' title='bbox 1207 641 1302 678; x_wconf 79' lang='lat' dir='ltr'>Gui-</span> 
     </span>
     <span class='ocr_line' id='line_1_9' title="bbox 340 701 1300 753; baseline -0.002 -10"><span class='ocrx_word' id='word_1_50' title='bbox 340 705 442 743; x_wconf 74' lang='lat' dir='ltr'>lelmi&#39;</span> <span class='ocrx_word' id='word_1_51' title='bbox 462 701 627 749; x_wconf 76' lang='lat' dir='ltr'>Estobu&#39;,</span> <span class='ocrx_word' id='word_1_52' title='bbox 653 708 778 740; x_wconf 85' lang='lat' dir='ltr'>morte</span> <span class='ocrx_word' id='word_1_53' title='bbox 819 702 1096 753; x_wconf 76' lang='lat' dir='ltr'>impeditorum</span> <span class='ocrx_word' id='word_1_54' title='bbox 1133 708 1300 742; x_wconf 80' lang='lat' dir='ltr'>conatus</span> 
     </span>
     <span class='ocr_line' id='line_1_10' title="bbox 338 764 1298 815; baseline -0.002 -11"><span class='ocrx_word' id='word_1_55' title='bbox 338 780 383 804; x_wconf 77' lang='lat' dir='ltr'>ex</span> <span class='ocrx_word' id='word_1_56' title='bbox 407 767 516 815; x_wconf 82' lang='lat' dir='ltr'>longe</span> <span class='ocrx_word' id='word_1_57' title='bbox 542 765 700 803; x_wconf 84' lang='lat' dir='ltr'>meliore</span> <span class='ocrx_word' id='word_1_58' title='bbox 722 776 765 802; x_wconf 81' lang='lat' dir='ltr'>ae</span> <span class='ocrx_word' id='word_1_59' title='bbox 793 764 1046 815; x_wconf 86' lang='lat' dir='ltr'>locupletiore</span> <span class='ocrx_word' id='word_1_60' title='bbox 1068 764 1237 804; x_wconf 75' lang='lat' dir='ltr'>editione</span> <span class='ocrx_word' id='word_1_61' title='bbox 1254 766 1298 803; x_wconf 78' lang='lat' dir='ltr'>V.</span> 
     </span>
     <span class='ocr_line' id='line_1_11' title="bbox 337 823 1299 875; baseline -0.002 -10"><span class='ocrx_word' id='word_1_62' title='bbox 337 830 378 865; x_wconf 72' lang='lat' dir='ltr'>C.</span> <span class='ocrx_word' id='word_1_63' title='bbox 404 825 567 866; x_wconf 63' lang='lat' dir='ltr'>Duc-ldis</span> <span class='ocrx_word' id='word_1_64' title='bbox 590 823 804 872; x_wconf 60' lang='lat' dir='ltr'>ll&#39;e&#39;lhw&#39;nsii,</span> <span class='ocrx_word' id='word_1_65' title='bbox 830 825 948 863; x_wconf 89' lang='lat' dir='ltr'>Lond.</span> <span class='ocrx_word' id='word_1_66' title='bbox 974 826 1069 865; x_wconf 82' lang='grc'><strong>1721</strong></span> <span class='ocrx_word' id='word_1_67' title='bbox 1102 826 1162 864; x_wconf 82' lang='lat' dir='ltr'>fol.</span> <span class='ocrx_word' id='word_1_68' title='bbox 1180 838 1201 864; x_wconf 89' lang='grc'><strong>3</strong></span> <span class='ocrx_word' id='word_1_69' title='bbox 1222 837 1299 875; x_wconf 90' lang='lat' dir='ltr'>quo</span> 
     </span>
     <span class='ocr_line' id='line_1_12' title="bbox 337 888 1300 939; baseline -0.001 -12"><span class='ocrx_word' id='word_1_70' title='bbox 337 892 458 939; x_wconf 84' lang='lat' dir='ltr'>Leges</span> <span class='ocrx_word' id='word_1_71' title='bbox 497 890 707 927; x_wconf 80' lang='lat' dir='ltr'>universae</span> <span class='ocrx_word' id='word_1_72' title='bbox 743 888 1043 926; x_wconf 67' lang='lat' dir='ltr'>lieclesiasticae</span> <span class='ocrx_word' id='word_1_73' title='bbox 1083 892 1122 926; x_wconf 91' lang='lat' dir='ltr'>et</span> <span class='ocrx_word' id='word_1_74' title='bbox 1152 888 1300 926; x_wconf 88' lang='lat' dir='ltr'>Civiles</span> 
     </span>
     <span class='ocr_line' id='line_1_13' title="bbox 335 950 1299 998; baseline -0.001 -9"><span class='ocrx_word' id='word_1_75' title='bbox 335 951 720 998; x_wconf 71' lang='lat' dir='ltr'>Anglo-Saxonicae,</span> <span class='ocrx_word' id='word_1_76' title='bbox 746 950 1030 988; x_wconf 73' lang='lat' dir='ltr'>Normannicae</span> <span class='ocrx_word' id='word_1_77' title='bbox 1068 953 1108 988; x_wconf 87' lang='lat' dir='ltr'>et</span> <span class='ocrx_word' id='word_1_78' title='bbox 1138 951 1299 988; x_wconf 87' lang='lat' dir='ltr'>Latinae</span> 
     </span>
     <span class='ocr_line' id='line_1_14' title="bbox 335 1010 1299 1061; baseline 0.001 -12"><span class='ocrx_word' id='word_1_79' title='bbox 335 1012 383 1049; x_wconf 85' lang='lat' dir='ltr'>ab</span> <span class='ocrx_word' id='word_1_80' title='bbox 400 1011 627 1050; x_wconf 69' lang='lat' dir='ltr'>lithelberto</span> <span class='ocrx_word' id='word_1_81' title='bbox 646 1012 748 1057; x_wconf 82' lang='lat' dir='ltr'>Rege</span> <span class='ocrx_word' id='word_1_82' title='bbox 767 1022 893 1060; x_wconf 88' lang='lat' dir='ltr'>usque</span> <span class='ocrx_word' id='word_1_83' title='bbox 909 1010 958 1049; x_wconf 90' lang='lat' dir='ltr'>ad</span> <span class='ocrx_word' id='word_1_84' title='bbox 975 1012 1155 1061; x_wconf 85' lang='lat' dir='ltr'>Magnam</span> <span class='ocrx_word' id='word_1_85' title='bbox 1174 1011 1299 1050; x_wconf 83' lang='lat' dir='ltr'>Char-</span> 
     </span>
     <span class='ocr_line' id='line_1_15' title="bbox 335 1072 1297 1123; baseline 0.001 -13"><span class='ocrx_word' id='word_1_86' title='bbox 335 1079 415 1111; x_wconf 83' lang='lat' dir='ltr'>tam</span> <span class='ocrx_word' id='word_1_87' title='bbox 433 1074 585 1112; x_wconf 83' lang='lat' dir='ltr'>llenriei</span> <span class='ocrx_word' id='word_1_88' title='bbox 608 1074 655 1111; x_wconf 93' lang='lat' dir='ltr'>Ill</span> <span class='ocrx_word' id='word_1_89' title='bbox 682 1072 921 1110; x_wconf 80' lang='lat' dir='ltr'>exhibentur</span> <span class='ocrx_word' id='word_1_90' title='bbox 936 1084 1028 1111; x_wconf 86' lang='lat' dir='ltr'>eum</span> <span class='ocrx_word' id='word_1_91' title='bbox 1044 1073 1297 1123; x_wconf 83' lang='lat' dir='ltr'>Speelmanni</span> 
     </span>
     <span class='ocr_line' id='line_1_16' title="bbox 335 1133 1300 1184; baseline 0 -11"><span class='ocrx_word' id='word_1_92' title='bbox 335 1135 478 1173; x_wconf 73' lang='lat' dir='ltr'>Codice</span> <span class='ocrx_word' id='word_1_93' title='bbox 504 1140 685 1173; x_wconf 68' lang='lat' dir='ltr'>veterum</span> <span class='ocrx_word' id='word_1_94' title='bbox 710 1138 951 1172; x_wconf 86' lang='lat' dir='ltr'>statutorum</span> <span class='ocrx_word' id='word_1_95' title='bbox 975 1133 1139 1184; x_wconf 80' lang='lat' dir='ltr'>Angliae</span> <span class='ocrx_word' id='word_1_96' title='bbox 1163 1139 1203 1172; x_wconf 88' lang='lat' dir='ltr'>et</span> <span class='ocrx_word' id='word_1_97' title='bbox 1232 1145 1300 1173; x_wconf 92' lang='lat' dir='ltr'>su-</span> 
     </span>
     <span class='ocr_line' id='line_1_17' title="bbox 335 1195 1299 1245; baseline 0.002 -12"><span class='ocrx_word' id='word_1_98' title='bbox 335 1197 494 1245; x_wconf 82' lang='lat' dir='ltr'>bjuncto</span> <span class='ocrx_word' id='word_1_99' title='bbox 525 1197 724 1245; x_wconf 81' lang='lat' dir='ltr'>glossario.</span> <span class='ocrx_word' id='word_1_100' title='bbox 750 1195 845 1233; x_wconf 71' lang='lat' dir='ltr'>Vide</span> <span class='ocrx_word' id='word_1_101' title='bbox 869 1195 981 1234; x_wconf 81' lang='lat' dir='ltr'>Mich.</span> <span class='ocrx_word' id='word_1_102' title='bbox 1021 1195 1069 1233; x_wconf 88' lang='lat' dir='ltr'>de</span> <span class='ocrx_word' id='word_1_103' title='bbox 1108 1197 1145 1234; x_wconf 87' lang='lat' dir='ltr'>la</span> <span class='ocrx_word' id='word_1_104' title='bbox 1167 1196 1299 1235; x_wconf 76' lang='lat' dir='ltr'>Roclie</span> 
     </span>
     <span class='ocr_line' id='line_1_18' title="bbox 335 1258 1297 1308; baseline 0 -12"><span class='ocrx_word' id='word_1_105' title='bbox 335 1260 538 1296; x_wconf 76' lang='lat' dir='ltr'>Memorias</span> <span class='ocrx_word' id='word_1_106' title='bbox 563 1259 787 1296; x_wconf 85' lang='lat' dir='ltr'>Litterarias</span> <span class='ocrx_word' id='word_1_107' title='bbox 819 1259 980 1308; x_wconf 81' lang='lat' dir='ltr'>Magnae</span> <span class='ocrx_word' id='word_1_108' title='bbox 1015 1258 1239 1296; x_wconf 72' lang='lat' dir='ltr'>Britanniae</span> <span class='ocrx_word' id='word_1_109' title='bbox 1269 1262 1297 1296; x_wconf 82' lang='lat' dir='ltr'>t.</span> 
     </span>
     <span class='ocr_line' id='line_1_19' title="bbox 335 1319 1300 1370; baseline 0.002 -14"><span class='ocrx_word' id='word_1_110' title='bbox 335 1320 418 1357; x_wconf 71' lang='lat' dir='ltr'>wll</span> <span class='ocrx_word' id='word_1_111' title='bbox 442 1332 526 1370; x_wconf 80' lang='lat' dir='ltr'>pag.</span> <span class='ocrx_word' id='word_1_112' title='bbox 545 1320 619 1357; x_wconf 81' lang='grc'>380</span> <span class='ocrx_word' id='word_1_113' title='bbox 642 1331 723 1369; x_wconf 83' lang='lat' dir='ltr'>seq.</span> <span class='ocrx_word' id='word_1_114' title='bbox 747 1324 787 1357; x_wconf 87' lang='lat' dir='ltr'>et</span> <span class='ocrx_word' id='word_1_115' title='bbox 811 1330 911 1369; x_wconf 86' lang='lat' dir='ltr'>quae</span> <span class='ocrx_word' id='word_1_116' title='bbox 929 1319 1028 1358; x_wconf 81' lang='lat' dir='ltr'>infra</span> <span class='ocrx_word' id='word_1_117' title='bbox 1053 1321 1090 1357; x_wconf 94' lang='lat' dir='ltr'>in</span> <span class='ocrx_word' id='word_1_118' title='bbox 1115 1320 1300 1359; x_wconf 86' lang='lat' dir='ltr'>ETHEL—</span> 
     </span>
     <span class='ocr_line' id='line_1_20' title="bbox 336 1390 514 1428; baseline -0.006 -1"><span class='ocrx_word' id='word_1_119' title='bbox 336 1390 514 1428; x_wconf 74' lang='lat' dir='ltr'>BERTO.</span> 
     </span>
    </p>

    <p class='ocr_par' dir='ltr' id='par_1_2' title="bbox 334 1449 1298 1917">
     <span class='ocr_line' id='line_1_21' title="bbox 385 1449 1296 1503; baseline 0.003 -16"><span class='ocrx_word' id='word_1_120' title='bbox 385 1450 547 1488; x_wconf 81' lang='lat' dir='ltr'>Joamn&#39;s</span> <span class='ocrx_word' id='word_1_121' title='bbox 576 1449 735 1488; x_wconf 74' lang='lat' dir='ltr'>semem·</span> <span class='ocrx_word' id='word_1_122' title='bbox 750 1453 875 1489; x_wconf 90' lang='lat' dir='ltr'>Janus</span> <span class='ocrx_word' id='word_1_123' title='bbox 904 1450 1067 1496; x_wconf 75' lang='lat' dir='ltr'>Angliae</span> <span class='ocrx_word' id='word_1_124' title='bbox 1091 1456 1131 1488; x_wconf 86' lang='lat' dir='ltr'>et</span> <span class='ocrx_word' id='word_1_125' title='bbox 1150 1452 1296 1503; x_wconf 87' lang='lat' dir='ltr'>Epino-</span> 
     </span>
     <span class='ocr_line' id='line_1_22' title="bbox 335 1513 1296 1561; baseline 0.002 -11"><span class='ocrx_word' id='word_1_126' title='bbox 335 1514 408 1550; x_wconf 83' lang='lat' dir='ltr'>mis</span> <span class='ocrx_word' id='word_1_127' title='bbox 433 1518 525 1550; x_wconf 88' lang='lat' dir='ltr'>tom.</span> <span class='ocrx_word' id='word_1_128' title='bbox 552 1513 601 1550; x_wconf 94' lang='lat' dir='ltr'>llI</span> <span class='ocrx_word' id='word_1_129' title='bbox 618 1513 809 1561; x_wconf 58' lang='lat' dir='ltr'>Operum,</span> <span class='ocrx_word' id='word_1_130' title='bbox 831 1517 870 1549; x_wconf 89' lang='lat' dir='ltr'>et</span> <span class='ocrx_word' id='word_1_131' title='bbox 895 1513 1128 1551; x_wconf 75' lang='lat' dir='ltr'>Dissertatio</span> <span class='ocrx_word' id='word_1_132' title='bbox 1145 1513 1193 1551; x_wconf 87' lang='lat' dir='ltr'>ad</span> <span class='ocrx_word' id='word_1_133' title='bbox 1211 1515 1296 1552; x_wconf 84' lang='lat' dir='ltr'>Fle-</span> 
     </span>
     <span class='ocr_line' id='line_1_23' title="bbox 335 1573 1298 1624; baseline 0.004 -14"><span class='ocrx_word' id='word_1_134' title='bbox 335 1580 432 1613; x_wconf 80' lang='lat' dir='ltr'>tam.</span> <span class='ocrx_word' id='word_1_135' title='bbox 454 1574 501 1611; x_wconf 88' lang='lat' dir='ltr'>de</span> <span class='ocrx_word' id='word_1_136' title='bbox 526 1586 602 1624; x_wconf 88' lang='lat' dir='ltr'>qua</span> <span class='ocrx_word' id='word_1_137' title='bbox 631 1574 745 1621; x_wconf 84' lang='lat' dir='ltr'>inl&#39;ra,</span> <span class='ocrx_word' id='word_1_138' title='bbox 771 1574 945 1612; x_wconf 72' lang='lat' dir='ltr'>FLETA.</span> <span class='ocrx_word' id='word_1_139' title='bbox 972 1573 1079 1612; x_wconf 88' lang='lat' dir='ltr'>ldem</span> <span class='ocrx_word' id='word_1_140' title='bbox 1102 1575 1298 1614; x_wconf 85' lang='lat' dir='ltr'>Seldenus</span> 
     </span>
     <span class='ocr_line' id='line_1_24' title="bbox 334 1635 1293 1687; baseline 0.003 -16"><span class='ocrx_word' id='word_1_141' title='bbox 334 1635 380 1671; x_wconf 86' lang='lat' dir='ltr'>ad</span> <span class='ocrx_word' id='word_1_142' title='bbox 411 1635 690 1674; x_wconf 67' lang='lat' dir='ltr'>EADMERUM</span> <span class='ocrx_word' id='word_1_143' title='bbox 724 1640 761 1672; x_wconf 83' lang='lat' dir='ltr'>et</span> <span class='ocrx_word' id='word_1_144' title='bbox 796 1640 889 1673; x_wconf 88' lang='lat' dir='ltr'>tom.</span> <span class='ocrx_word' id='word_1_145' title='bbox 922 1637 952 1673; x_wconf 93' lang='lat' dir='ltr'>ll</span> <span class='ocrx_word' id='word_1_146' title='bbox 996 1637 1170 1686; x_wconf 87' lang='lat' dir='ltr'>Operum</span> <span class='ocrx_word' id='word_1_147' title='bbox 1208 1648 1293 1687; x_wconf 88' lang='lat' dir='ltr'>pag.</span> 
     </span>
     <span class='ocr_line' id='line_1_25' title="bbox 338 1697 1297 1746; baseline 0.001 -12"><span class='ocrx_word' id='word_1_148' title='bbox 338 1697 437 1734; x_wconf 76' lang='grc'><strong>1610</strong></span> <span class='ocrx_word' id='word_1_149' title='bbox 463 1708 570 1746; x_wconf 77' lang='lat' dir='ltr'>seqq.</span> <span class='ocrx_word' id='word_1_150' title='bbox 597 1698 659 1734; x_wconf 90' lang='lat' dir='ltr'>ubi</span> <span class='ocrx_word' id='word_1_151' title='bbox 686 1698 792 1743; x_wconf 68' lang='lat' dir='ltr'>leges</span> <span class='ocrx_word' id='word_1_152' title='bbox 809 1702 844 1733; x_wconf 86' lang='lat' dir='ltr'>et</span> <span class='ocrx_word' id='word_1_153' title='bbox 863 1697 1172 1735; x_wconf 79' lang='lat' dir='ltr'>eonsuetudines</span> <span class='ocrx_word' id='word_1_154' title='bbox 1188 1697 1297 1736; x_wconf 86' lang='lat' dir='ltr'>Edu-</span> 
     </span>
     <span class='ocr_line' id='line_1_26' title="bbox 336 1757 1294 1807; baseline 0.002 -13"><span class='ocrx_word' id='word_1_155' title='bbox 336 1757 421 1794; x_wconf 81' lang='lat' dir='ltr'>ardi</span> <span class='ocrx_word' id='word_1_156' title='bbox 452 1759 566 1803; x_wconf 67' lang='lat' dir='ltr'>Regis</span> <span class='ocrx_word' id='word_1_157' title='bbox 603 1763 641 1795; x_wconf 86' lang='lat' dir='ltr'>et</span> <span class='ocrx_word' id='word_1_158' title='bbox 670 1758 851 1796; x_wconf 80' lang='lat' dir='ltr'>Guilelmi</span> <span class='ocrx_word' id='word_1_159' title='bbox 887 1759 1193 1807; x_wconf 89' lang='lat' dir='ltr'>Conquaestoris</span> <span class='ocrx_word' id='word_1_160' title='bbox 1221 1759 1294 1796; x_wconf 91' lang='lat' dir='ltr'>lin-</span> 
     </span>
     <span class='ocr_line' id='line_1_27' title="bbox 336 1818 1292 1864; baseline 0.002 -9"><span class='ocrx_word' id='word_1_161' title='bbox 336 1831 409 1864; x_wconf 66' lang='lat' dir='ltr'>gna</span> <span class='ocrx_word' id='word_1_162' title='bbox 434 1820 579 1856; x_wconf 71' lang='lat' dir='ltr'>Gallica</span> <span class='ocrx_word' id='word_1_163' title='bbox 598 1820 854 1857; x_wconf 73' lang='lat' dir='ltr'>Normanniea</span> <span class='ocrx_word' id='word_1_164' title='bbox 874 1830 965 1857; x_wconf 84' lang='lat' dir='ltr'>cum</span> <span class='ocrx_word' id='word_1_165' title='bbox 983 1819 1118 1857; x_wconf 84' lang='lat' dir='ltr'>Latina</span> <span class='ocrx_word' id='word_1_166' title='bbox 1135 1818 1292 1857; x_wconf 86' lang='lat' dir='ltr'>Seldeni</span> 
     </span>
     <span class='ocr_line' id='line_1_28' title="bbox 338 1881 530 1917; baseline 0.005 -2"><span class='ocrx_word' id='word_1_167' title='bbox 338 1881 530 1917; x_wconf 66' lang='lat' dir='ltr'>versione.</span> 
     </span>
    </p>

    <p class='ocr_par' dir='ltr' id='par_1_3' title="bbox 334 1939 1293 2108">
     <span class='ocr_line' id='line_1_29' title="bbox 390 1939 1293 1990; baseline 0.008 -16"><span class='ocrx_word' id='word_1_168' title='bbox 390 1939 574 1977; x_wconf 75' lang='lat' dir='ltr'>Gue&#39;lelmi</span> <span class='ocrx_word' id='word_1_169' title='bbox 593 1940 766 1990; x_wconf 72' lang='lat' dir='ltr'>Ditffllalt&#39;</span> <span class='ocrx_word' id='word_1_170' title='bbox 782 1942 961 1986; x_wconf 74' lang='lat' dir='ltr'>Origines</span> <span class='ocrx_word' id='word_1_171' title='bbox 977 1941 1224 1981; x_wconf 85' lang='lat' dir='ltr'>Juridiciales</span> <span class='ocrx_word' id='word_1_172' title='bbox 1244 1943 1293 1981; x_wconf 90' lang='lat' dir='ltr'>de</span> 
     </span>
     <span class='ocr_line' id='line_1_30' title="bbox 336 2002 1291 2053; baseline 0.005 -16"><span class='ocrx_word' id='word_1_173' title='bbox 336 2002 536 2039; x_wconf 71' lang='lat' dir='ltr'>veteribus</span> <span class='ocrx_word' id='word_1_174' title='bbox 555 2002 717 2053; x_wconf 74' lang='lat' dir='ltr'>Angliae</span> <span class='ocrx_word' id='word_1_175' title='bbox 740 2004 923 2053; x_wconf 83' lang='lat' dir='ltr'>LegibuS,</span> <span class='ocrx_word' id='word_1_176' title='bbox 949 2003 1068 2041; x_wconf 88' lang='lat' dir='ltr'>Lond.</span> <span class='ocrx_word' id='word_1_177' title='bbox 1095 2004 1195 2042; x_wconf 94' lang='grc'><strong>1666</strong></span> <span class='ocrx_word' id='word_1_178' title='bbox 1227 2005 1291 2043; x_wconf 81' lang='lat' dir='ltr'>sol.</span> 
     </span>
     <span class='ocr_line' id='line_1_31' title="bbox 334 2063 508 2108; baseline 0.006 -9"><span class='ocrx_word' id='word_1_179' title='bbox 334 2063 508 2108; x_wconf 73' lang='lat' dir='ltr'>Angliee.</span> 
     </span>
    </p>

    <p class='ocr_par' dir='ltr' id='par_1_4' title="bbox 331 2124 1295 2976">
     <span class='ocr_line' id='line_1_32' title="bbox 392 2124 1294 2178; baseline 0.004 -18"><span class='ocrx_word' id='word_1_180' title='bbox 392 2124 538 2162; x_wconf 66' lang='lat' dir='ltr'>Tea-tus</span> <span class='ocrx_word' id='word_1_181' title='bbox 560 2124 752 2175; x_wconf 79' lang='lat' dir='ltr'>Roffensis</span> <span class='ocrx_word' id='word_1_182' title='bbox 775 2126 824 2164; x_wconf 89' lang='lat' dir='ltr'>ab</span> <span class='ocrx_word' id='word_1_183' title='bbox 850 2125 1076 2178; x_wconf 79' lang='lat' dir='ltr'>Earnulpho</span> <span class='ocrx_word' id='word_1_184' title='bbox 1100 2127 1294 2177; x_wconf 86' lang='lat' dir='ltr'>Episcopo</span> 
     </span>
     <span class='ocr_line' id='line_1_33' title="bbox 335 2186 1294 2237; baseline 0.006 -17"><span class='ocrx_word' id='word_1_185' title='bbox 335 2186 419 2221; x_wconf 72' lang='lat' dir='ltr'>See.</span> <span class='ocrx_word' id='word_1_186' title='bbox 457 2187 526 2223; x_wconf 77' lang='grc' dir='ltr'>ΧΗ</span> <span class='ocrx_word' id='word_1_187' title='bbox 560 2192 602 2224; x_wconf 86' lang='grc'>01</span> <span class='ocrx_word' id='word_1_188' title='bbox 640 2186 751 2235; x_wconf 86' lang='lat' dir='ltr'>ajunt</span> <span class='ocrx_word' id='word_1_189' title='bbox 788 2188 995 2235; x_wconf 72' lang='lat' dir='ltr'>collectus,</span> <span class='ocrx_word' id='word_1_190' title='bbox 1021 2188 1057 2224; x_wconf 93' lang='lat' dir='ltr'>in</span> <span class='ocrx_word' id='word_1_191' title='bbox 1084 2199 1162 2237; x_wconf 90' lang='lat' dir='ltr'>quo</span> <span class='ocrx_word' id='word_1_192' title='bbox 1193 2189 1294 2226; x_wconf 90' lang='lat' dir='ltr'>inter</span> 
     </span>
     <span class='ocr_line' id='line_1_34' title="bbox 333 2246 1292 2298; baseline 0.005 -15"><span class='ocrx_word' id='word_1_193' title='bbox 333 2246 525 2284; x_wconf 76' lang='lat' dir='ltr'>Roffensis</span> <span class='ocrx_word' id='word_1_194' title='bbox 544 2248 744 2285; x_wconf 79' lang='lat' dir='ltr'>Ecclesiae</span> <span class='ocrx_word' id='word_1_195' title='bbox 773 2253 859 2287; x_wconf 82' lang='lat' dir='ltr'>aeta</span> <span class='ocrx_word' id='word_1_196' title='bbox 883 2260 904 2285; x_wconf 87' lang='lat' dir='ltr'>a</span> <span class='ocrx_word' id='word_1_197' title='bbox 925 2249 1127 2287; x_wconf 80' lang='lat' dir='ltr'>Saxonum</span> <span class='ocrx_word' id='word_1_198' title='bbox 1143 2250 1292 2298; x_wconf 81' lang='lat' dir='ltr'>Regum</span> 
     </span>
     <span class='ocr_line' id='line_1_35' title="bbox 331 2309 1291 2359; baseline 0.004 -15"><span class='ocrx_word' id='word_1_199' title='bbox 331 2309 576 2358; x_wconf 80' lang='lat' dir='ltr'>temporibus</span> <span class='ocrx_word' id='word_1_200' title='bbox 608 2321 734 2359; x_wconf 86' lang='lat' dir='ltr'>usque</span> <span class='ocrx_word' id='word_1_201' title='bbox 764 2310 811 2348; x_wconf 85' lang='lat' dir='ltr'>ad</span> <span class='ocrx_word' id='word_1_202' title='bbox 841 2311 1001 2349; x_wconf 75' lang='lat' dir='ltr'>Annum</span> <span class='ocrx_word' id='word_1_203' title='bbox 1043 2311 1144 2349; x_wconf 80' lang='grc'><strong>1113</strong></span> <span class='ocrx_word' id='word_1_204' title='bbox 1174 2312 1291 2349; x_wconf 83' lang='lat' dir='ltr'>etiam</span> 
     </span>
     <span class='ocr_line' id='line_1_36' title="bbox 338 2370 1293 2421; baseline 0.005 -16"><span class='ocrx_word' id='word_1_205' title='bbox 338 2370 466 2406; x_wconf 70' lang='lat' dir='ltr'>varias·</span> <span class='ocrx_word' id='word_1_206' title='bbox 483 2376 691 2408; x_wconf 75' lang='lat' dir='ltr'>occurrunt</span> <span class='ocrx_word' id='word_1_207' title='bbox 713 2373 834 2421; x_wconf 74' lang='lat' dir='ltr'>Leges</span> <span class='ocrx_word' id='word_1_208' title='bbox 854 2371 1156 2409; x_wconf 68' lang='lat' dir='ltr'>licclesiasticae</span> <span class='ocrx_word' id='word_1_209' title='bbox 1179 2382 1199 2409; x_wconf 89' lang='lat' dir='ltr'>a</span> <span class='ocrx_word' id='word_1_210' title='bbox 1220 2373 1293 2410; x_wconf 87' lang='lat' dir='ltr'>Re-</span> 
     </span>
     <span class='ocr_line' id='line_1_37' title="bbox 336 2431 1290 2482; baseline 0.005 -16"><span class='ocrx_word' id='word_1_211' title='bbox 336 2431 448 2476; x_wconf 61' lang='lat' dir='ltr'>gibus</span> <span class='ocrx_word' id='word_1_212' title='bbox 468 2432 755 2482; x_wconf 56' lang='lat' dir='ltr'>pron‘iulgatae,</span> <span class='ocrx_word' id='word_1_213' title='bbox 780 2431 928 2470; x_wconf 84' lang='lat' dir='ltr'>editore</span> <span class='ocrx_word' id='word_1_214' title='bbox 948 2432 1090 2470; x_wconf 72' lang='lat' dir='ltr'>Tleoma</span> <span class='ocrx_word' id='word_1_215' title='bbox 1109 2433 1265 2471; x_wconf 76' lang='lat' dir='ltr'>llearne</span> <span class='ocrx_word' id='word_1_216' title='bbox 1283 2465 1290 2482; x_wconf 84' lang='lat'>,</span> 
     </span>
     <span class='ocr_line' id='line_1_38' title="bbox 334 2493 1295 2545; baseline 0.004 -16"><span class='ocrx_word' id='word_1_217' title='bbox 334 2495 398 2542; x_wconf 88' lang='lat' dir='ltr'>qui</span> <span class='ocrx_word' id='word_1_218' title='bbox 423 2495 673 2543; x_wconf 86' lang='lat' dir='ltr'>antiquorum</span> <span class='ocrx_word' id='word_1_219' title='bbox 717 2493 878 2541; x_wconf 75' lang='lat' dir='ltr'>Angliae</span> <span class='ocrx_word' id='word_1_220' title='bbox 907 2495 1189 2545; x_wconf 88' lang='lat' dir='ltr'>Episcoporum</span> <span class='ocrx_word' id='word_1_221' title='bbox 1221 2495 1295 2533; x_wconf 84' lang='lat' dir='ltr'>for-</span> 
     </span>
     <span class='ocr_line' id='line_1_39' title="bbox 335 2554 1293 2604; baseline 0.004 -14"><span class='ocrx_word' id='word_1_222' title='bbox 335 2554 461 2591; x_wconf 81' lang='lat' dir='ltr'>mulas</span> <span class='ocrx_word' id='word_1_223' title='bbox 482 2555 768 2604; x_wconf 80' lang='lat' dir='ltr'>professionum</span> <span class='ocrx_word' id='word_1_224' title='bbox 790 2555 838 2593; x_wconf 90' lang='lat' dir='ltr'>de</span> <span class='ocrx_word' id='word_1_225' title='bbox 863 2558 1049 2594; x_wconf 85' lang='lat' dir='ltr'>canonica</span> <span class='ocrx_word' id='word_1_226' title='bbox 1073 2556 1293 2594; x_wconf 86' lang='lat' dir='ltr'>obedientia</span> 
     </span>
     <span class='ocr_line' id='line_1_40' title="bbox 335 2615 1292 2669; baseline 0.004 -17"><span class='ocrx_word' id='word_1_227' title='bbox 335 2615 646 2669; x_wconf 65' lang='lat' dir='ltr'>Areliiepiseopis</span> <span class='ocrx_word' id='word_1_228' title='bbox 669 2617 1022 2655; x_wconf 86' lang='lat' dir='ltr'>Cantuariensibus</span> <span class='ocrx_word' id='word_1_229' title='bbox 1045 2617 1292 2668; x_wconf 87' lang='lat' dir='ltr'>praestanda,</span> 
     </span>
     <span class='ocr_line' id='line_1_41' title="bbox 336 2676 1294 2729; baseline 0.006 -18"><span class='ocrx_word' id='word_1_230' title='bbox 336 2681 371 2711; x_wconf 67' lang='lat' dir='ltr'>vt</span> <span class='ocrx_word' id='word_1_231' title='bbox 396 2676 608 2714; x_wconf 83' lang='lat' dir='ltr'>Leonliardi</span> <span class='ocrx_word' id='word_1_232' title='bbox 629 2678 810 2727; x_wconf 85' lang='lat' dir='ltr'>Ilutteni,</span> <span class='ocrx_word' id='word_1_233' title='bbox 835 2680 1062 2716; x_wconf 68' lang='lat' dir='ltr'>recentioris</span> <span class='ocrx_word' id='word_1_234' title='bbox 1086 2679 1294 2729; x_wconf 86' lang='lat' dir='ltr'>Scriptoris</span> 
     </span>
     <span class='ocr_line' id='line_1_42' title="bbox 338 2736 1295 2789; baseline 0.009 -19"><span class='ocrx_word' id='word_1_235' title='bbox 338 2736 652 2776; x_wconf 67' lang='lat' dir='ltr'>dissertationem</span> <span class='ocrx_word' id='word_1_236' title='bbox 676 2738 724 2777; x_wconf 90' lang='lat' dir='ltr'>de</span> <span class='ocrx_word' id='word_1_237' title='bbox 754 2739 1067 2789; x_wconf 77' lang='lat' dir='ltr'>Antiquitatibus</span> <span class='ocrx_word' id='word_1_238' title='bbox 1096 2741 1295 2779; x_wconf 78' lang='lat' dir='ltr'>Oxonien-</span> 
     </span>
     <span class='ocr_line' id='line_1_43' title="bbox 339 2798 1295 2849; baseline 0.008 -18"><span class='ocrx_word' id='word_1_239' title='bbox 339 2798 445 2835; x_wconf 67' lang='lat' dir='ltr'>sibus</span> <span class='ocrx_word' id='word_1_240' title='bbox 469 2798 662 2848; x_wconf 67' lang='lat' dir='ltr'>adjunxit.</span> <span class='ocrx_word' id='word_1_241' title='bbox 685 2802 809 2839; x_wconf 82' lang='lat' dir='ltr'>Oxon.</span> <span class='ocrx_word' id='word_1_242' title='bbox 837 2801 958 2849; x_wconf 76' lang='grc'><strong>1720,</strong></span> <span class='ocrx_word' id='word_1_243' title='bbox 979 2803 1013 2839; x_wconf 92' lang='lat'>8.</span> <span class='ocrx_word' id='word_1_244' title='bbox 1031 2801 1130 2840; x_wconf 84' lang='lat' dir='ltr'>Acta</span> <span class='ocrx_word' id='word_1_245' title='bbox 1152 2802 1295 2841; x_wconf 87' lang='lat' dir='ltr'>Erudi-</span> 
     </span>
     <span class='ocr_line' id='line_1_44' title="bbox 341 2862 1293 2914; baseline 0.008 -21"><span class='ocrx_word' id='word_1_246' title='bbox 341 2864 465 2896; x_wconf 78' lang='lat' dir='ltr'>torum</span> <span class='ocrx_word' id='word_1_247' title='bbox 492 2865 583 2897; x_wconf 86' lang='lat' dir='ltr'>torn.</span> <span class='ocrx_word' id='word_1_248' title='bbox 610 2862 693 2899; x_wconf 66' lang='lat' dir='ltr'>Vlll</span> <span class='ocrx_word' id='word_1_249' title='bbox 722 2863 993 2912; x_wconf 74' lang='lat' dir='ltr'>Supplementi</span> <span class='ocrx_word' id='word_1_250' title='bbox 1032 2875 1116 2914; x_wconf 84' lang='lat' dir='ltr'>pag.</span> <span class='ocrx_word' id='word_1_251' title='bbox 1149 2865 1223 2903; x_wconf 88' lang='grc'>189</span> <span class='ocrx_word' id='word_1_252' title='bbox 1253 2868 1293 2901; x_wconf 86' lang='grc'>01</span> 
     </span>
     <span class='ocr_line' id='line_1_45' title="bbox 340 2920 1264 2976; baseline 0.01 -22"><span class='ocrx_word' id='word_1_253' title='bbox 340 2920 601 2971; x_wconf 80' lang='lat' dir='ltr'>Bibliotlieque</span> <span class='ocrx_word' id='word_1_254' title='bbox 629 2922 811 2971; x_wconf 70' lang='lat' dir='ltr'>AngloiSe</span> <span class='ocrx_word' id='word_1_255' title='bbox 836 2929 928 2962; x_wconf 89' lang='lat' dir='ltr'>tom.</span> <span class='ocrx_word' id='word_1_256' title='bbox 954 2925 1039 2964; x_wconf 74' lang='lat' dir='ltr'>vul</span> <span class='ocrx_word' id='word_1_257' title='bbox 1065 2937 1149 2976; x_wconf 87' lang='lat' dir='ltr'>pag.</span> <span class='ocrx_word' id='word_1_258' title='bbox 1177 2926 1264 2966; x_wconf 76' lang='lat'>322.</span> 
     </span>
    </p>
   </div>
   <div class='ocr_carea' id='block_1_2' title="bbox 338 3052 1297 3246">
    <p class='ocr_par' dir='ltr' id='par_1_5' title="bbox 338 3052 1292 3132">
     <span class='ocr_line' id='line_1_46' title="bbox 393 3052 1292 3099; baseline 0.014 -19"><span class='ocrx_word' id='word_1_259' title='bbox 393 3058 408 3079; x_wconf 82' lang='lat' dir='ltr'>a</span> <span class='ocrx_word' id='word_1_260' title='bbox 449 3052 620 3084; x_wconf 56' lang='lat' dir='ltr'>xlcholson</span> <span class='ocrx_word' id='word_1_261' title='bbox 651 3055 784 3093; x_wconf 83' lang='lat' dir='ltr'>Englith</span> <span class='ocrx_word' id='word_1_262' title='bbox 815 3056 983 3090; x_wconf 70' lang='lat' dir='ltr'>historic-al</span> <span class='ocrx_word' id='word_1_263' title='bbox 1007 3059 1130 3097; x_wconf 74' lang='lat' dir='ltr'>llbrary</span> <span class='ocrx_word' id='word_1_264' title='bbox 1151 3066 1227 3099; x_wconf 82' lang='lat' dir='ltr'>pag.</span> <span class='ocrx_word' id='word_1_265' title='bbox 1250 3057 1292 3089; x_wconf 77' lang='lat'>⁴5</span> 
     </span>
     <span class='ocr_line' id='line_1_47' title="bbox 338 3097 537 3132; baseline 0.035 -7"><span class='ocrx_word' id='word_1_266' title='bbox 338 3097 402 3127; x_wconf 81' lang='lat' dir='ltr'>edit</span> <span class='ocrx_word' id='word_1_267' title='bbox 434 3102 465 3130; x_wconf 93' lang='lat' dir='ltr'>in</span> <span class='ocrx_word' id='word_1_268' title='bbox 485 3101 537 3132; x_wconf 79' lang='lat' dir='ltr'>rol.</span> 
     </span>
    </p>

    <p class='ocr_par' dir='ltr' id='par_1_6' title="bbox 342 3146 1297 3246">
     <span class='ocr_line' id='line_1_48' title="bbox 396 3146 1296 3192; baseline 0.012 -15"><span class='ocrx_word' id='word_1_269' title='bbox 396 3146 429 3181; x_wconf 80' lang='lat' dir='ltr'>b)</span> <span class='ocrx_word' id='word_1_270' title='bbox 457 3150 566 3180; x_wconf 67' lang='lat' dir='ltr'>Verslo</span> <span class='ocrx_word' id='word_1_271' title='bbox 589 3153 708 3190; x_wconf 79' lang='lat' dir='ltr'>Legum</span> <span class='ocrx_word' id='word_1_272' title='bbox 726 3155 935 3192; x_wconf 80' lang='lat' dir='ltr'>quarundam</span> <span class='ocrx_word' id='word_1_273' title='bbox 955 3157 988 3187; x_wconf 86' lang='lat' dir='ltr'>ln</span> <span class='ocrx_word' id='word_1_274' title='bbox 1006 3157 1171 3190; x_wconf 76' lang='lat' dir='ltr'>Chronico</span> <span class='ocrx_word' id='word_1_275' title='bbox 1194 3161 1296 3189; x_wconf 68' lang='grc'><strong>,1030-</strong></span> 
     </span>
     <span class='ocr_line' id='line_1_49' title="bbox 342 3194 1297 3246; baseline 0.018 -25"><span class='ocrx_word' id='word_1_276' title='bbox 342 3194 390 3221; x_wconf 68' lang='lat' dir='ltr'>nis</span> <span class='ocrx_word' id='word_1_277' title='bbox 404 3195 580 3234; x_wconf 64' lang='lat' dir='ltr'>waniloni,</span> <span class='ocrx_word' id='word_1_278' title='bbox 596 3202 778 3238; x_wconf 75' lang='lat' dir='ltr'>praefertur</span> <span class='ocrx_word' id='word_1_279' title='bbox 794 3203 1033 3236; x_wconf 81' lang='lat' dir='ltr'>Lambardinae</span> <span class='ocrx_word' id='word_1_280' title='bbox 1047 3214 1064 3236; x_wconf 90' lang='lat' dir='ltr'>a</span> <span class='ocrx_word' id='word_1_281' title='bbox 1079 3207 1297 3246; x_wconf 76' lang='lat' dir='ltr'>Speelmanno</span> 
     </span>
    </p>
   </div>
   <div class='ocr_carea' id='block_1_3' title="bbox 338 3244 1295 3320">
    <p class='ocr_par' dir='ltr' id='par_1_7' title="bbox 338 3244 1295 3320">
     <span class='ocr_line' id='line_1_50' title="bbox 343 3244 1295 3293; baseline 0.02 -24"><span class='ocrx_word' id='word_1_282' title='bbox 343 3246 372 3270; x_wconf 66' lang='lat' dir='ltr'>vt</span> <span class='ocrx_word' id='word_1_283' title='bbox 391 3249 407 3269; x_wconf 83' lang='lat' dir='ltr'>a</span> <span class='ocrx_word' id='word_1_284' title='bbox 426 3244 596 3276; x_wconf 50' lang='lat' dir='ltr'>francisco</span> <span class='ocrx_word' id='word_1_285' title='bbox 625 3251 721 3280; x_wconf 77' lang='lat' dir='ltr'>sunio</span> <span class='ocrx_word' id='word_1_286' title='bbox 740 3252 876 3284; x_wconf 68' lang='lat' dir='ltr'>praerat.</span> <span class='ocrx_word' id='word_1_287' title='bbox 903 3253 942 3283; x_wconf 83' lang='lat' dir='ltr'>ad</span> <span class='ocrx_word' id='word_1_288' title='bbox 958 3254 1156 3293; x_wconf 78' lang='lat' dir='ltr'>glossarium</span> <span class='ocrx_word' id='word_1_289' title='bbox 1179 3256 1295 3288; x_wconf 82' lang='lat' dir='ltr'>Gothi-</span> 
     </span>
     <span class='ocr_line' id='line_1_51' title="bbox 338 3298 424 3320; baseline 0.012 -1"><span class='ocrx_word' id='word_1_290' title='bbox 338 3298 424 3320; x_wconf 74' lang='lat' dir='ltr'>culn.</span> 
     </span>
    </p>
   </div>
   <div class='ocr_carea' id='block_1_4' title="bbox 1095 200 1595 256">
    <p class='ocr_par' dir='ltr' id='par_1_8' title="bbox 1095 200 1595 256">
     <span class='ocr_line' id='line_1_52' title="bbox 1095 200 1595 256; baseline 0.002 -17"><span class='ocrx_word' id='word_1_291' title='bbox 1095 200 1595 256; x_wconf 67' lang='lat' dir='ltr'>ANGLiconUM</span> 
     </span>
    </p>
   </div>
   <div class='ocr_carea' id='block_1_5' title="bbox 1362 274 2341 3336">
    <p class='ocr_par' dir='ltr' id='par_1_9' title="bbox 1376 274 2341 498">
     <span class='ocr_line' id='line_1_53' title="bbox 1432 274 2339 324; baseline 0.002 -11"><span class='ocrx_word' id='word_1_292' title='bbox 1432 274 1579 324; x_wconf 70' lang='lat' dir='ltr'>Magyna</span> <span class='ocrx_word' id='word_1_293' title='bbox 1603 274 1756 315; x_wconf 77' lang='lat' dir='ltr'>Charta,</span> <span class='ocrx_word' id='word_1_294' title='bbox 1797 278 1882 315; x_wconf 87' lang='lat' dir='ltr'>sive</span> <span class='ocrx_word' id='word_1_295' title='bbox 1912 275 2072 316; x_wconf 80' lang='lat' dir='ltr'>Assisae</span> <span class='ocrx_word' id='word_1_296' title='bbox 2102 278 2256 317; x_wconf 88' lang='lat' dir='ltr'>Ilenrici</span> <span class='ocrx_word' id='word_1_297' title='bbox 2287 277 2339 316; x_wconf 91' lang='lat' dir='ltr'>III</span> 
     </span>
     <span class='ocr_line' id='line_1_54' title="bbox 1378 336 2341 388; baseline 0.003 -15"><span class='ocrx_word' id='word_1_298' title='bbox 1378 345 1471 374; x_wconf 84' lang='lat' dir='ltr'>cum</span> <span class='ocrx_word' id='word_1_299' title='bbox 1494 336 1581 374; x_wconf 88' lang='lat' dir='ltr'>aliis</span> <span class='ocrx_word' id='word_1_300' title='bbox 1605 338 1767 376; x_wconf 85' lang='lat' dir='ltr'>statutis</span> <span class='ocrx_word' id='word_1_301' title='bbox 1790 339 2078 388; x_wconf 82' lang='lat' dir='ltr'>antiquioribus</span> <span class='ocrx_word' id='word_1_302' title='bbox 2114 339 2341 378; x_wconf 81' lang='lat' dir='ltr'>recentiori-</span> 
     </span>
     <span class='ocr_line' id='line_1_55' title="bbox 1376 396 2337 450; baseline 0.004 -16"><span class='ocrx_word' id='word_1_303' title='bbox 1376 396 1531 447; x_wconf 85' lang='lat' dir='ltr'>busque</span> <span class='ocrx_word' id='word_1_304' title='bbox 1554 400 1712 449; x_wconf 85' lang='lat' dir='ltr'>saepius</span> <span class='ocrx_word' id='word_1_305' title='bbox 1735 399 1877 450; x_wconf 86' lang='lat' dir='ltr'>prodiit</span> <span class='ocrx_word' id='word_1_306' title='bbox 1900 398 2071 438; x_wconf 43' lang='lat' dir='ltr'>Londini*</span> <span class='ocrx_word' id='word_1_307' title='bbox 2090 401 2205 449; x_wconf 82' lang='grc'><strong>1508,</strong></span> <span class='ocrx_word' id='word_1_308' title='bbox 2223 401 2337 448; x_wconf 74' lang='grc'><strong>1513,</strong></span> 
     </span>
     <span class='ocr_line' id='line_1_56' title="bbox 1376 459 1578 498; baseline 0.01 -3"><span class='ocrx_word' id='word_1_309' title='bbox 1376 459 1479 498; x_wconf 77' lang='grc'><strong>1602</strong></span> <span class='ocrx_word' id='word_1_310' title='bbox 1503 463 1578 498; x_wconf 90' lang='lat' dir='ltr'>etc.</span> 
     </span>
    </p>

    <p class='ocr_par' dir='ltr' id='par_1_10' title="bbox 1372 520 2341 876">
     <span class='ocr_line' id='line_1_57' title="bbox 1427 520 2338 573; baseline 0.007 -17"><span class='ocrx_word' id='word_1_311' title='bbox 1427 520 1591 559; x_wconf 78' lang='lat' dir='ltr'>Ioannis</span> <span class='ocrx_word' id='word_1_312' title='bbox 1614 520 1784 561; x_wconf 80' lang='lat' dir='ltr'>Skenaei</span> <span class='ocrx_word' id='word_1_313' title='bbox 1802 522 1923 570; x_wconf 80' lang='lat' dir='ltr'>Regia</span> <span class='ocrx_word' id='word_1_314' title='bbox 1946 521 2148 573; x_wconf 85' lang='lat' dir='ltr'>Majestas,</span> <span class='ocrx_word' id='word_1_315' title='bbox 2172 524 2258 562; x_wconf 88' lang='lat' dir='ltr'>sive</span> <span class='ocrx_word' id='word_1_316' title='bbox 2281 523 2338 562; x_wconf 81' lang='lat' dir='ltr'>le-</span> 
     </span>
     <span class='ocr_line' id='line_1_58' title="bbox 1375 583 2339 633; baseline 0.003 -15"><span class='ocrx_word' id='word_1_317' title='bbox 1375 591 1444 629; x_wconf 83' lang='lat' dir='ltr'>ges</span> <span class='ocrx_word' id='word_1_318' title='bbox 1466 586 1625 621; x_wconf 88' lang='lat' dir='ltr'>veteres</span> <span class='ocrx_word' id='word_1_319' title='bbox 1649 583 1844 633; x_wconf 70' lang='lat' dir='ltr'>Scoticae,</span> <span class='ocrx_word' id='word_1_320' title='bbox 1859 584 2077 633; x_wconf 82' lang='lat' dir='ltr'>Edinburgi</span> <span class='ocrx_word' id='word_1_321' title='bbox 2100 585 2215 623; x_wconf 89' lang='grc'><strong>1609.</strong></span> <span class='ocrx_word' id='word_1_322' title='bbox 2239 585 2339 623; x_wconf 88' lang='lat' dir='ltr'>Lon-</span> 
     </span>
     <span class='ocr_line' id='line_1_59' title="bbox 1374 641 2337 695; baseline 0.005 -17"><span class='ocrx_word' id='word_1_323' title='bbox 1374 641 1454 679; x_wconf 91' lang='lat' dir='ltr'>dini</span> <span class='ocrx_word' id='word_1_324' title='bbox 1480 643 1582 682; x_wconf 89' lang='grc'><strong>1613</strong></span> <span class='ocrx_word' id='word_1_325' title='bbox 1620 644 1682 682; x_wconf 84' lang='lat' dir='ltr'>fol.</span> <span class='ocrx_word' id='word_1_326' title='bbox 1708 645 1852 684; x_wconf 80' lang='lat' dir='ltr'>Confer</span> <span class='ocrx_word' id='word_1_327' title='bbox 1892 644 2182 695; x_wconf 85' lang='lat' dir='ltr'>Gundlingiana</span> <span class='ocrx_word' id='word_1_328' title='bbox 2209 646 2337 685; x_wconf 89' lang='lat' dir='ltr'>XXVI</span> 
     </span>
     <span class='ocr_line' id='line_1_60' title="bbox 1377 704 2341 756; baseline 0.005 -17"><span class='ocrx_word' id='word_1_329' title='bbox 1377 713 1463 752; x_wconf 82' lang='lat' dir='ltr'>pag.</span> <span class='ocrx_word' id='word_1_330' title='bbox 1486 704 1548 741; x_wconf 88' lang='lat'>86.</span> <span class='ocrx_word' id='word_1_331' title='bbox 1571 704 1680 742; x_wconf 88' lang='lat' dir='ltr'>Idem</span> <span class='ocrx_word' id='word_1_332' title='bbox 1706 705 1911 744; x_wconf 83' lang='lat' dir='ltr'>Skenaeus</span> <span class='ocrx_word' id='word_1_333' title='bbox 1934 706 2053 743; x_wconf 89' lang='lat' dir='ltr'>etiam</span> <span class='ocrx_word' id='word_1_334' title='bbox 2074 706 2226 756; x_wconf 87' lang='lat' dir='ltr'>legibus</span> <span class='ocrx_word' id='word_1_335' title='bbox 2249 707 2341 746; x_wconf 90' lang='lat' dir='ltr'>Sco-</span> 
     </span>
     <span class='ocr_line' id='line_1_61' title="bbox 1374 764 2340 816; baseline 0.005 -15"><span class='ocrx_word' id='word_1_336' title='bbox 1374 765 1463 802; x_wconf 70' lang='lat' dir='ltr'>tis—is</span> <span class='ocrx_word' id='word_1_337' title='bbox 1481 764 1641 815; x_wconf 81' lang='lat' dir='ltr'>Anglice</span> <span class='ocrx_word' id='word_1_338' title='bbox 1659 764 1775 803; x_wconf 89' lang='lat' dir='ltr'>editis</span> <span class='ocrx_word' id='word_1_339' title='bbox 1791 765 2028 815; x_wconf 80' lang='lat' dir='ltr'>glossarium</span> <span class='ocrx_word' id='word_1_340' title='bbox 2045 765 2206 816; x_wconf 81' lang='lat' dir='ltr'>addidit,</span> <span class='ocrx_word' id='word_1_341' title='bbox 2219 766 2340 806; x_wconf 88' lang='lat' dir='ltr'>Edin-.</span> 
     </span>
     <span class='ocr_line' id='line_1_62' title="bbox 1372 826 1704 876; baseline -0.003 -11"><span class='ocrx_word' id='word_1_342' title='bbox 1372 827 1485 876; x_wconf 86' lang='lat' dir='ltr'>burgi</span> <span class='ocrx_word' id='word_1_343' title='bbox 1514 826 1617 866; x_wconf 75' lang='grc'><strong>1597</strong></span> <span class='ocrx_word' id='word_1_344' title='bbox 1643 827 1704 865; x_wconf 80' lang='lat' dir='ltr'>fol.</span> 
     </span>
    </p>

    <p class='ocr_par' dir='ltr' id='par_1_11' title="bbox 1370 887 2341 1247">
     <span class='ocr_line' id='line_1_63' title="bbox 1428 887 2338 939; baseline 0.002 -13"><span class='ocrx_word' id='word_1_345' title='bbox 1428 889 1546 939; x_wconf 69' lang='lat' dir='ltr'>Leyes</span> <span class='ocrx_word' id='word_1_346' title='bbox 1572 887 1779 938; x_wconf 80' lang='lat' dir='ltr'>Wallz&#39;cae,</span> <span class='ocrx_word' id='word_1_347' title='bbox 1803 889 2105 928; x_wconf 86' lang='lat' dir='ltr'>Ecclesiasticae</span> <span class='ocrx_word' id='word_1_348' title='bbox 2123 893 2164 928; x_wconf 86' lang='lat' dir='ltr'>et</span> <span class='ocrx_word' id='word_1_349' title='bbox 2175 889 2338 937; x_wconf 88' lang='lat' dir='ltr'>Civiles,</span> 
     </span>
     <span class='ocr_line' id='line_1_64' title="bbox 1371 951 2337 1002; baseline 0 -14"><span class='ocrx_word' id='word_1_350' title='bbox 1371 951 1479 989; x_wconf 74' lang='lat' dir='ltr'>Ho&#39;eli</span> <span class='ocrx_word' id='word_1_351' title='bbox 1510 951 1605 989; x_wconf 88' lang='lat' dir='ltr'>Boni</span> <span class='ocrx_word' id='word_1_352' title='bbox 1642 955 1682 989; x_wconf 91' lang='grc'>01</span> <span class='ocrx_word' id='word_1_353' title='bbox 1719 951 1888 989; x_wconf 85' lang='lat' dir='ltr'>aliorum</span> <span class='ocrx_word' id='word_1_354' title='bbox 1912 951 2079 990; x_wconf 86' lang='lat' dir='ltr'>Walliae</span> <span class='ocrx_word' id='word_1_355' title='bbox 2112 951 2337 1002; x_wconf 86' lang='lat' dir='ltr'>Principum</span> 
     </span>
     <span class='ocr_line' id='line_1_65' title="bbox 1372 1011 2340 1063; baseline 0.001 -14"><span class='ocrx_word' id='word_1_356' title='bbox 1372 1016 1464 1049; x_wconf 83' lang='lat' dir='ltr'>ante</span> <span class='ocrx_word' id='word_1_357' title='bbox 1487 1011 1659 1051; x_wconf 86' lang='lat' dir='ltr'>Eduardi</span> <span class='ocrx_word' id='word_1_358' title='bbox 1687 1013 1702 1051; x_wconf 96' lang='lat' dir='ltr'>I</span> <span class='ocrx_word' id='word_1_359' title='bbox 1728 1016 1922 1063; x_wconf 84' lang='lat' dir='ltr'>tempora,</span> <span class='ocrx_word' id='word_1_360' title='bbox 1941 1023 2034 1051; x_wconf 91' lang='lat' dir='ltr'>cum</span> <span class='ocrx_word' id='word_1_361' title='bbox 2057 1013 2239 1051; x_wconf 86' lang='lat' dir='ltr'>versione</span> <span class='ocrx_word' id='word_1_362' title='bbox 2267 1013 2340 1050; x_wconf 88' lang='lat' dir='ltr'>La-</span> 
     </span>
     <span class='ocr_line' id='line_1_66' title="bbox 1372 1073 2341 1123; baseline 0.002 -13"><span class='ocrx_word' id='word_1_363' title='bbox 1372 1073 1469 1120; x_wconf 86' lang='lat' dir='ltr'>tina,</span> <span class='ocrx_word' id='word_1_364' title='bbox 1495 1074 1599 1111; x_wconf 88' lang='lat' dir='ltr'>notis</span> <span class='ocrx_word' id='word_1_365' title='bbox 1623 1077 1664 1111; x_wconf 88' lang='lat' dir='ltr'>et</span> <span class='ocrx_word' id='word_1_366' title='bbox 1691 1073 1880 1123; x_wconf 80' lang='lat' dir='ltr'>glossario</span> <span class='ocrx_word' id='word_1_367' title='bbox 1903 1074 2090 1113; x_wconf 88' lang='lat' dir='ltr'>Gvilelmi</span> <span class='ocrx_word' id='word_1_368' title='bbox 2105 1074 2283 1112; x_wconf 89' lang='lat' dir='ltr'>Wottoni</span> <span class='ocrx_word' id='word_1_369' title='bbox 2299 1078 2341 1112; x_wconf 90' lang='lat' dir='ltr'>et</span> 
     </span>
     <span class='ocr_line' id='line_1_67' title="bbox 1370 1134 2341 1175; baseline 0.002 -3"><span class='ocrx_word' id='word_1_370' title='bbox 1370 1135 1488 1173; x_wconf 87' lang='lat' dir='ltr'>Mosis</span> <span class='ocrx_word' id='word_1_371' title='bbox 1527 1135 1724 1173; x_wconf 88' lang='lat' dir='ltr'>Guilelmi.</span> <span class='ocrx_word' id='word_1_372' title='bbox 1750 1135 1870 1174; x_wconf 92' lang='lat' dir='ltr'>Lond.</span> <span class='ocrx_word' id='word_1_373' title='bbox 1898 1135 1999 1175; x_wconf 89' lang='grc'><strong>1730</strong></span> <span class='ocrx_word' id='word_1_374' title='bbox 2025 1135 2088 1174; x_wconf 84' lang='lat' dir='ltr'>fol.</span> <span class='ocrx_word' id='word_1_375' title='bbox 2111 1134 2212 1175; x_wconf 88' lang='lat' dir='ltr'>Acta</span> <span class='ocrx_word' id='word_1_376' title='bbox 2238 1135 2341 1175; x_wconf 90' lang='lat' dir='ltr'>Eru-</span> 
     </span>
     <span class='ocr_line' id='line_1_68' title="bbox 1373 1195 2039 1247; baseline 0 -13"><span class='ocrx_word' id='word_1_377' title='bbox 1373 1196 1546 1235; x_wconf 91' lang='lat' dir='ltr'>ditorum</span> <span class='ocrx_word' id='word_1_378' title='bbox 1571 1195 1684 1234; x_wconf 80' lang='lat' dir='ltr'>Anno</span> <span class='ocrx_word' id='word_1_379' title='bbox 1713 1196 1805 1236; x_wconf 89' lang='grc'><strong>1731</strong></span> <span class='ocrx_word' id='word_1_380' title='bbox 1836 1208 1923 1247; x_wconf 87' lang='lat' dir='ltr'>pag.</span> <span class='ocrx_word' id='word_1_381' title='bbox 1949 1197 2039 1237; x_wconf 76' lang='lat'>249.</span> 
     </span>
    </p>

    <p class='ocr_par' dir='ltr' id='par_1_12' title="bbox 1371 1252 2341 1617">
     <span class='ocr_line' id='line_1_69' title="bbox 1425 1252 2341 1309; baseline 0.002 -15"><span class='ocrx_word' id='word_1_382' title='bbox 1425 1257 1484 1295; x_wconf 90' lang='grc' dir='ltr'>.Ιο.</span> <span class='ocrx_word' id='word_1_383' title='bbox 1509 1257 1677 1308; x_wconf 72' lang='lat' dir='ltr'>Dissney</span> <span class='ocrx_word' id='word_1_384' title='bbox 1697 1259 1804 1297; x_wconf 83' lang='lat' dir='ltr'>view</span> <span class='ocrx_word' id='word_1_385' title='bbox 1829 1258 1869 1296; x_wconf 86' lang='lat' dir='ltr'>of</span> <span class='ocrx_word' id='word_1_386' title='bbox 1890 1258 2050 1297; x_wconf 76' lang='lat' dir='ltr'>ancient</span> <span class='ocrx_word' id='word_1_387' title='bbox 2072 1258 2174 1297; x_wconf 85' lang='lat' dir='ltr'>laws</span> <span class='ocrx_word' id='word_1_388' title='bbox 2186 1252 2341 1309; x_wconf 73' lang='lat' dir='ltr'>against</span> 
     </span>
     <span class='ocr_line' id='line_1_70' title="bbox 1373 1319 2339 1371; baseline 0.002 -14"><span class='ocrx_word' id='word_1_389' title='bbox 1373 1320 1629 1369; x_wconf 77' lang='lat' dir='ltr'>immorality,</span> <span class='ocrx_word' id='word_1_390' title='bbox 1657 1319 1883 1369; x_wconf 68' lang='lat' dir='ltr'>cantabrig.</span> <span class='ocrx_word' id='word_1_391' title='bbox 1911 1319 2011 1358; x_wconf 74' lang='grc'><strong>1729</strong></span> <span class='ocrx_word' id='word_1_392' title='bbox 2029 1319 2184 1359; x_wconf 82' lang='lat' dir='ltr'>infolio.</span> <span class='ocrx_word' id='word_1_393' title='bbox 2213 1321 2339 1371; x_wconf 87' lang='lat' dir='ltr'>Leges</span> 
     </span>
     <span class='ocr_line' id='line_1_71' title="bbox 1372 1380 2336 1430; baseline 0.001 -11"><span class='ocrx_word' id='word_1_394' title='bbox 1372 1392 1448 1419; x_wconf 90' lang='lat' dir='ltr'>non</span> <span class='ocrx_word' id='word_1_395' title='bbox 1473 1382 1754 1419; x_wconf 84' lang='lat' dir='ltr'>Britannorum</span> <span class='ocrx_word' id='word_1_396' title='bbox 1778 1380 1912 1429; x_wconf 90' lang='lat' dir='ltr'>modo,</span> <span class='ocrx_word' id='word_1_397' title='bbox 1934 1380 2005 1419; x_wconf 86' lang='lat' dir='ltr'>sed</span> <span class='ocrx_word' id='word_1_398' title='bbox 2028 1385 2069 1420; x_wconf 87' lang='grc'>01</span> <span class='ocrx_word' id='word_1_399' title='bbox 2080 1380 2336 1430; x_wconf 84' lang='lat' dir='ltr'>Judaeorum,</span> 
     </span>
     <span class='ocr_line' id='line_1_72' title="bbox 1371 1442 2337 1493; baseline -0.001 -12"><span class='ocrx_word' id='word_1_400' title='bbox 1371 1443 1628 1490; x_wconf 86' lang='lat' dir='ltr'>Graecorum,</span> <span class='ocrx_word' id='word_1_401' title='bbox 1670 1443 1956 1491; x_wconf 88' lang='lat' dir='ltr'>Romanorum,</span> <span class='ocrx_word' id='word_1_402' title='bbox 2010 1442 2254 1493; x_wconf 85' lang='lat' dir='ltr'>Gothorum,</span> <span class='ocrx_word' id='word_1_403' title='bbox 2295 1447 2337 1480; x_wconf 83' lang='lat' dir='ltr'>et</span> 
     </span>
     <span class='ocr_line' id='line_1_73' title="bbox 1373 1504 2336 1555; baseline 0 -13"><span class='ocrx_word' id='word_1_404' title='bbox 1373 1504 1680 1543; x_wconf 88' lang='lat' dir='ltr'>Lombardorum</span> <span class='ocrx_word' id='word_1_405' title='bbox 1705 1508 1797 1543; x_wconf 85' lang='lat' dir='ltr'>ante</span> <span class='ocrx_word' id='word_1_406' title='bbox 1827 1504 2040 1543; x_wconf 79' lang='lat' dir='ltr'>Saeculum</span> <span class='ocrx_word' id='word_1_407' title='bbox 2078 1505 2133 1542; x_wconf 90' lang='lat' dir='ltr'>XI</span> <span class='ocrx_word' id='word_1_408' title='bbox 2170 1504 2336 1555; x_wconf 88' lang='lat' dir='ltr'>preditis</span> 
     </span>
     <span class='ocr_line' id='line_1_74' title="bbox 1373 1566 2056 1617; baseline 0 -14"><span class='ocrx_word' id='word_1_409' title='bbox 1373 1566 1548 1604; x_wconf 92' lang='lat' dir='ltr'>moribus</span> <span class='ocrx_word' id='word_1_410' title='bbox 1570 1567 1770 1617; x_wconf 88' lang='lat' dir='ltr'>oppositas</span> <span class='ocrx_word' id='word_1_411' title='bbox 1790 1566 2056 1616; x_wconf 85' lang='lat' dir='ltr'>persequitur.</span> 
     </span>
    </p>

    <p class='ocr_par' dir='ltr' id='par_1_13' title="bbox 1427 1625 2326 1667">
     <span class='ocr_line' id='line_1_75' title="bbox 1427 1625 2326 1667; baseline -0.001 0"><span class='ocrx_word' id='word_1_412' title='bbox 1427 1629 1475 1667; x_wconf 89' lang='grc'><strong>16</strong></span> <span class='ocrx_word' id='word_1_413' title='bbox 1501 1629 1556 1666; x_wconf 83' lang='lat' dir='ltr'>De</span> <span class='ocrx_word' id='word_1_414' title='bbox 1581 1628 1849 1667; x_wconf 75' lang='lat' dir='ltr'>CONCILIIS</span> <span class='ocrx_word' id='word_1_415' title='bbox 1869 1627 1908 1665; x_wconf 81' lang='lat' dir='ltr'>in</span> <span class='ocrx_word' id='word_1_416' title='bbox 1926 1626 2138 1666; x_wconf 79' lang='lat' dir='ltr'>Britannia</span> <span class='ocrx_word' id='word_1_417' title='bbox 2169 1625 2326 1666; x_wconf 75' lang='lat' dir='ltr'>habitis.</span> 
     </span>
    </p>

    <p class='ocr_par' dir='ltr' id='par_1_14' title="bbox 1362 1688 2334 3336">
     <span class='ocr_line' id='line_1_76' title="bbox 1423 1688 2332 1740; baseline 0 -13"><span class='ocrx_word' id='word_1_418' title='bbox 1423 1690 1621 1728; x_wconf 81' lang='lat' dir='ltr'>Ilenrz&#39;cus</span> <span class='ocrx_word' id='word_1_419' title='bbox 1655 1688 1940 1740; x_wconf 83' lang='lat' dir='ltr'>Speelmannus</span> <span class='ocrx_word' id='word_1_420' title='bbox 1984 1699 2109 1739; x_wconf 86' lang='lat' dir='ltr'>eques</span> <span class='ocrx_word' id='word_1_421' title='bbox 2144 1692 2332 1738; x_wconf 84' lang='lat' dir='ltr'>auratus,</span> 
     </span>
     <span class='ocr_line' id='line_1_77' title="bbox 1368 1750 2334 1801; baseline 0.001 -13"><span class='ocrx_word' id='word_1_422' title='bbox 1368 1750 1555 1799; x_wconf 81' lang='lat' dir='ltr'>glossario</span> <span class='ocrx_word' id='word_1_423' title='bbox 1594 1751 1912 1800; x_wconf 85' lang='lat' dir='ltr'>archaeologico,</span> <span class='ocrx_word' id='word_1_424' title='bbox 1941 1750 2133 1801; x_wconf 86' lang='lat' dir='ltr'>aspilogia</span> <span class='ocrx_word' id='word_1_425' title='bbox 2167 1750 2334 1801; x_wconf 85' lang='lat' dir='ltr'>aliisque</span> 
     </span>
     <span class='ocr_line' id='line_1_78' title="bbox 1367 1810 2331 1863; baseline 0.001 -14"><span class='ocrx_word' id='word_1_426' title='bbox 1367 1813 1524 1863; x_wconf 85' lang='lat' dir='ltr'>scriptis</span> <span class='ocrx_word' id='word_1_427' title='bbox 1544 1813 1718 1862; x_wconf 76' lang='lat' dir='ltr'>Inclytus</span> <span class='ocrx_word' id='word_1_428' title='bbox 1743 1811 1955 1862; x_wconf 77' lang='lat' dir='ltr'>(Johanm&#39;s</span> <span class='ocrx_word' id='word_1_429' title='bbox 1977 1810 2239 1862; x_wconf 80' lang='lat' dir='ltr'>Speelmanni,</span> <span class='ocrx_word' id='word_1_430' title='bbox 2263 1813 2331 1863; x_wconf 86' lang='lat' dir='ltr'>qui</span> 
     </span>
     <span class='ocr_line' id='line_1_79' title="bbox 1365 1873 2333 1914; baseline 0.002 -3"><span class='ocrx_word' id='word_1_431' title='bbox 1365 1874 1600 1913; x_wconf 87' lang='lat' dir='ltr'>Psalterium</span> <span class='ocrx_word' id='word_1_432' title='bbox 1626 1876 1763 1913; x_wconf 89' lang='lat' dir='ltr'>Latino</span> <span class='ocrx_word' id='word_1_433' title='bbox 1789 1875 2029 1913; x_wconf 84' lang='lat' dir='ltr'>Saxonicum</span> <span class='ocrx_word' id='word_1_434' title='bbox 2052 1878 2172 1912; x_wconf 88' lang='lat' dir='ltr'>vetus</span> <span class='ocrx_word' id='word_1_435' title='bbox 2194 1879 2236 1913; x_wconf 89' lang='grc'>01</span> <span class='ocrx_word' id='word_1_436' title='bbox 2249 1873 2333 1914; x_wconf 87' lang='lat' dir='ltr'>AEl-</span> 
     </span>
     <span class='ocr_line' id='line_1_80' title="bbox 1367 1934 2330 1985; baseline 0.002 -13"><span class='ocrx_word' id='word_1_437' title='bbox 1367 1934 1453 1973; x_wconf 82' lang='lat' dir='ltr'>sridi</span> <span class='ocrx_word' id='word_1_438' title='bbox 1476 1937 1600 1974; x_wconf 91' lang='lat' dir='ltr'>vitam</span> <span class='ocrx_word' id='word_1_439' title='bbox 1621 1935 1759 1984; x_wconf 85' lang='lat' dir='ltr'>edidit,</span> <span class='ocrx_word' id='word_1_440' title='bbox 1780 1936 1909 1984; x_wconf 88' lang='lat' dir='ltr'>Pater)</span> <span class='ocrx_word' id='word_1_441' title='bbox 1927 1936 1995 1985; x_wconf 90' lang='lat' dir='ltr'>qui</span> <span class='ocrx_word' id='word_1_442' title='bbox 2009 1934 2084 1974; x_wconf 87' lang='lat' dir='ltr'>An.</span> <span class='ocrx_word' id='word_1_443' title='bbox 2103 1935 2198 1975; x_wconf 78' lang='grc'><strong>1611</strong></span> <span class='ocrx_word' id='word_1_444' title='bbox 2220 1935 2330 1975; x_wconf 89' lang='lat' dir='ltr'>bien-</span> 
     </span>
     <span class='ocr_line' id='line_1_81' title="bbox 1367 1997 2331 2044; baseline 0.003 -11"><span class='ocrx_word' id='word_1_445' title='bbox 1367 1997 1430 2034; x_wconf 91' lang='lat' dir='ltr'>nio</span> <span class='ocrx_word' id='word_1_446' title='bbox 1445 2001 1537 2035; x_wconf 88' lang='lat' dir='ltr'>ante</span> <span class='ocrx_word' id='word_1_447' title='bbox 1553 1997 1675 2036; x_wconf 84' lang='lat' dir='ltr'>filium</span> <span class='ocrx_word' id='word_1_448' title='bbox 1696 1997 1802 2035; x_wconf 91' lang='lat' dir='ltr'>diem</span> <span class='ocrx_word' id='word_1_449' title='bbox 1821 1997 1936 2044; x_wconf 83' lang='lat' dir='ltr'>obiit,</span> <span class='ocrx_word' id='word_1_450' title='bbox 1951 1998 2212 2036; x_wconf 86' lang='lat' dir='ltr'>constituerat</span> <span class='ocrx_word' id='word_1_451' title='bbox 2228 1998 2331 2038; x_wconf 91' lang='lat' dir='ltr'>Con-</span> 
     </span>
     <span class='ocr_line' id='line_1_82' title="bbox 1366 2056 2331 2109; baseline 0.001 -13"><span class='ocrx_word' id='word_1_452' title='bbox 1366 2059 1453 2096; x_wconf 88' lang='grc'><strong>01113</strong></span> <span class='ocrx_word' id='word_1_453' title='bbox 1464 2059 1686 2097; x_wconf 84' lang='lat' dir='ltr'>Britannica</span> <span class='ocrx_word' id='word_1_454' title='bbox 1696 2056 1825 2097; x_wconf 83' lang='lat' dir='ltr'>tribus</span> <span class='ocrx_word' id='word_1_455' title='bbox 1836 2057 1949 2096; x_wconf 79' lang='lat' dir='ltr'>tomis</span> <span class='ocrx_word' id='word_1_456' title='bbox 1961 2058 2137 2109; x_wconf 82' lang='lat' dir='ltr'>vulgare,</span> <span class='ocrx_word' id='word_1_457' title='bbox 2153 2069 2174 2098; x_wconf 85' lang='lat' dir='ltr'>e</span> <span class='ocrx_word' id='word_1_458' title='bbox 2185 2058 2331 2108; x_wconf 91' lang='lat' dir='ltr'>quibus</span> 
     </span>
     <span class='ocr_line' id='line_1_83' title="bbox 1362 2119 2330 2170; baseline 0.001 -13"><span class='ocrx_word' id='word_1_459' title='bbox 1362 2119 1540 2170; x_wconf 76' lang='lat' dir='ltr'>primum</span> <span class='ocrx_word' id='word_1_460' title='bbox 1556 2119 1670 2158; x_wconf 91' lang='lat' dir='ltr'>modo</span> <span class='ocrx_word' id='word_1_461' title='bbox 1689 2120 1727 2157; x_wconf 94' lang='lat' dir='ltr'>in</span> <span class='ocrx_word' id='word_1_462' title='bbox 1742 2120 1872 2158; x_wconf 89' lang='lat' dir='ltr'>lucem</span> <span class='ocrx_word' id='word_1_463' title='bbox 1886 2120 2048 2169; x_wconf 86' lang='lat' dir='ltr'>protulit</span> <span class='ocrx_word' id='word_1_464' title='bbox 2057 2119 2217 2158; x_wconf 90' lang='lat' dir='ltr'>Londini</span> <span class='ocrx_word' id='word_1_465' title='bbox 2230 2122 2244 2160; x_wconf 95' lang='grc'>1</span> <span class='ocrx_word' id='word_1_466' title='bbox 2255 2121 2330 2158; x_wconf 92' lang='grc'>639</span> 
     </span>
     <span class='ocr_line' id='line_1_84' title="bbox 1369 2179 2333 2231; baseline -0.001 -12"><span class='ocrx_word' id='word_1_467' title='bbox 1369 2182 1430 2219; x_wconf 82' lang='lat' dir='ltr'>fol.</span> <span class='ocrx_word' id='word_1_468' title='bbox 1456 2181 1786 2231; x_wconf 82' lang='lat' dir='ltr'>complectentem</span> <span class='ocrx_word' id='word_1_469' title='bbox 1813 2179 1994 2230; x_wconf 85' lang='lat' dir='ltr'>Synodos</span> <span class='ocrx_word' id='word_1_470' title='bbox 2016 2180 2065 2218; x_wconf 90' lang='lat' dir='ltr'>ab</span> <span class='ocrx_word' id='word_1_471' title='bbox 2089 2181 2198 2220; x_wconf 88' lang='lat' dir='ltr'>initio</span> <span class='ocrx_word' id='word_1_472' title='bbox 2221 2181 2333 2221; x_wconf 88' lang='lat' dir='ltr'>Chri-</span> 
     </span>
     <span class='ocr_line' id='line_1_85' title="bbox 1367 2241 2333 2293; baseline 0.001 -13"><span class='ocrx_word' id='word_1_473' title='bbox 1367 2244 1584 2281; x_wconf 77' lang='lat' dir='ltr'>stianorum</span> <span class='ocrx_word' id='word_1_474' title='bbox 1609 2243 1647 2279; x_wconf 92' lang='lat' dir='ltr'>in</span> <span class='ocrx_word' id='word_1_475' title='bbox 1672 2243 1873 2280; x_wconf 86' lang='lat' dir='ltr'>Britannia</span> <span class='ocrx_word' id='word_1_476' title='bbox 1896 2252 2098 2280; x_wconf 87' lang='lat' dir='ltr'>sacrorum</span> <span class='ocrx_word' id='word_1_477' title='bbox 2127 2241 2176 2280; x_wconf 87' lang='lat' dir='ltr'>ad</span> <span class='ocrx_word' id='word_1_478' title='bbox 2206 2243 2333 2293; x_wconf 74' lang='lat' dir='ltr'>perio-</span> 
     </span>
     <span class='ocr_line' id='line_1_86' title="bbox 1366 2302 2327 2354; baseline -0.001 -11"><span class='ocrx_word' id='word_1_479' title='bbox 1366 2304 1460 2343; x_wconf 89' lang='lat' dir='ltr'>dum</span> <span class='ocrx_word' id='word_1_480' title='bbox 1484 2315 1612 2353; x_wconf 88' lang='lat' dir='ltr'>usque</span> <span class='ocrx_word' id='word_1_481' title='bbox 1634 2303 1840 2354; x_wconf 77' lang='lat' dir='ltr'>dynastiae</span> <span class='ocrx_word' id='word_1_482' title='bbox 1863 2302 1989 2353; x_wconf 86' lang='lat' dir='ltr'>Anglo</span> <span class='ocrx_word' id='word_1_483' title='bbox 2014 2303 2244 2351; x_wconf 85' lang='lat' dir='ltr'>Saxonicae‚</span> <span class='ocrx_word' id='word_1_484' title='bbox 2276 2304 2327 2342; x_wconf 89' lang='lat' dir='ltr'>si-</span> 
     </span>
     <span class='ocr_line' id='line_1_87' title="bbox 1364 2363 2328 2415; baseline 0 -11"><span class='ocrx_word' id='word_1_485' title='bbox 1364 2378 1415 2404; x_wconf 89' lang='lat' dir='ltr'>ve</span> <span class='ocrx_word' id='word_1_486' title='bbox 1437 2365 1611 2404; x_wconf 89' lang='lat' dir='ltr'>Eduardi</span> <span class='ocrx_word' id='word_1_487' title='bbox 1633 2366 1749 2415; x_wconf 87' lang='lat' dir='ltr'>Regis</span> <span class='ocrx_word' id='word_1_488' title='bbox 1772 2365 1922 2404; x_wconf 89' lang='lat' dir='ltr'>obitum</span> <span class='ocrx_word' id='word_1_489' title='bbox 1937 2363 1982 2402; x_wconf 91' lang='lat' dir='ltr'>A.</span> <span class='ocrx_word' id='word_1_490' title='bbox 2009 2365 2125 2404; x_wconf 92' lang='grc'><strong>1066.</strong></span> <span class='ocrx_word' id='word_1_491' title='bbox 2141 2365 2328 2414; x_wconf 83' lang='lat' dir='ltr'>concilia,</span> 
     </span>
     <span class='ocr_line' id='line_1_88' title="bbox 1366 2426 2330 2478; baseline -0.001 -13"><span class='ocrx_word' id='word_1_492' title='bbox 1366 2429 1508 2478; x_wconf 83' lang='lat' dir='ltr'>LegeS,</span> <span class='ocrx_word' id='word_1_493' title='bbox 1538 2428 1852 2467; x_wconf 87' lang='lat' dir='ltr'>Constitutiones</span> <span class='ocrx_word' id='word_1_494' title='bbox 1898 2427 1936 2464; x_wconf 91' lang='lat' dir='ltr'>in</span> <span class='ocrx_word' id='word_1_495' title='bbox 1982 2437 2024 2464; x_wconf 89' lang='lat' dir='ltr'>re</span> <span class='ocrx_word' id='word_1_496' title='bbox 2060 2426 2330 2466; x_wconf 86' lang='lat' dir='ltr'>Ecclesiarum</span> 
     </span>
     <span class='ocr_line' id='line_1_89' title="bbox 1367 2488 2333 2538; baseline -0.004 -8"><span class='ocrx_word' id='word_1_497' title='bbox 1367 2490 1482 2530; x_wconf 91' lang='lat' dir='ltr'>Orbis</span> <span class='ocrx_word' id='word_1_498' title='bbox 1504 2490 1734 2538; x_wconf 88' lang='lat' dir='ltr'>Britannici,</span> <span class='ocrx_word' id='word_1_499' title='bbox 1751 2493 1790 2527; x_wconf 90' lang='grc'>01</span> <span class='ocrx_word' id='word_1_500' title='bbox 1805 2490 1987 2536; x_wconf 82' lang='lat' dir='ltr'>Decreta,</span> <span class='ocrx_word' id='word_1_501' title='bbox 2012 2488 2197 2526; x_wconf 85' lang='lat' dir='ltr'>videlicet</span> <span class='ocrx_word' id='word_1_502' title='bbox 2220 2488 2333 2527; x_wconf 84' lang='lat' dir='ltr'>Pam-</span> 
     </span>
     <span class='ocr_line' id='line_1_90' title="bbox 1367 2549 2330 2601; baseline -0.002 -11"><span class='ocrx_word' id='word_1_503' title='bbox 1367 2553 1600 2599; x_wconf 85' lang='lat' dir='ltr'>britaunica,</span> <span class='ocrx_word' id='word_1_504' title='bbox 1625 2551 1877 2601; x_wconf 84' lang='lat' dir='ltr'>Pananglica,</span> <span class='ocrx_word' id='word_1_505' title='bbox 1903 2550 2074 2598; x_wconf 78' lang='lat' dir='ltr'>Scotica,</span> <span class='ocrx_word' id='word_1_506' title='bbox 2105 2549 2330 2598; x_wconf 84' lang='lat' dir='ltr'>Hibernica,</span> 
     </span>
     <span class='ocr_line' id='line_1_91' title="bbox 1367 2612 2333 2661; baseline -0.003 -8"><span class='ocrx_word' id='word_1_507' title='bbox 1367 2614 1587 2660; x_wconf 81' lang='lat' dir='ltr'>CambrIca,</span> <span class='ocrx_word' id='word_1_508' title='bbox 1611 2613 1806 2661; x_wconf 84' lang='lat' dir='ltr'>Mannica,</span> <span class='ocrx_word' id='word_1_509' title='bbox 1830 2612 2105 2661; x_wconf 84' lang='lat' dir='ltr'>Provincialia,</span> <span class='ocrx_word' id='word_1_510' title='bbox 2127 2612 2333 2650; x_wconf 84' lang='lat' dir='ltr'>Dioecesa-</span> 
     </span>
     <span class='ocr_line' id='line_1_92' title="bbox 1367 2672 2333 2714; baseline -0.003 0"><span class='ocrx_word' id='word_1_511' title='bbox 1367 2688 1428 2714; x_wconf 90' lang='lat' dir='ltr'>na.</span> <span class='ocrx_word' id='word_1_512' title='bbox 1454 2677 1498 2713; x_wconf 92' lang='lat' dir='ltr'>In</span> <span class='ocrx_word' id='word_1_513' title='bbox 1522 2674 1758 2713; x_wconf 83' lang='lat' dir='ltr'>Bibliotheca</span> <span class='ocrx_word' id='word_1_514' title='bbox 1781 2675 1891 2712; x_wconf 87' lang='lat' dir='ltr'>Joan.</span> <span class='ocrx_word' id='word_1_515' title='bbox 1916 2672 2134 2712; x_wconf 85' lang='lat' dir='ltr'>Burchardi</span> <span class='ocrx_word' id='word_1_516' title='bbox 2151 2672 2333 2712; x_wconf 89' lang='lat' dir='ltr'>Mencke-</span> 
     </span>
     <span class='ocr_line' id='line_1_93' title="bbox 1367 2723 2330 2787; baseline -0.004 -13"><span class='ocrx_word' id='word_1_517' title='bbox 1367 2723 1452 2775; x_wconf 64' lang='lat' dir='ltr'>nii}</span> <span class='ocrx_word' id='word_1_518' title='bbox 1470 2732 1665 2787; x_wconf 63' lang='grc' dir='ltr'>μακκρίτὸ</span> <span class='ocrx_word' id='word_1_519' title='bbox 1690 2736 1762 2773; x_wconf 78' lang='lat' dir='ltr'>luit</span> <span class='ocrx_word' id='word_1_520' title='bbox 1786 2739 1919 2773; x_wconf 82' lang='lat' dir='ltr'>tomus</span> <span class='ocrx_word' id='word_1_521' title='bbox 1939 2734 2001 2773; x_wconf 89' lang='lat' dir='ltr'>hic</span> <span class='ocrx_word' id='word_1_522' title='bbox 2026 2736 2049 2773; x_wconf 76' lang='lat' dir='ltr'>a</span> <span class='ocrx_word' id='word_1_523' title='bbox 2067 2734 2330 2784; x_wconf 85' lang='lat' dir='ltr'>Speelmanno</span> 
     </span>
     <span class='ocr_line' id='line_1_94' title="bbox 1366 2795 2326 2850; baseline -0.005 -13"><span class='ocrx_word' id='word_1_524' title='bbox 1366 2800 1545 2850; x_wconf 87' lang='lat' dir='ltr'>pluribus</span> <span class='ocrx_word' id='word_1_525' title='bbox 1565 2799 1659 2836; x_wconf 86' lang='lat' dir='ltr'>locis</span> <span class='ocrx_word' id='word_1_526' title='bbox 1674 2809 1695 2836; x_wconf 88' lang='grc'>0</span> <span class='ocrx_word' id='word_1_527' title='bbox 1715 2798 1822 2836; x_wconf 79' lang='lat' dir='ltr'>MSS.</span> <span class='ocrx_word' id='word_1_528' title='bbox 1846 2797 1976 2846; x_wconf 83' lang='lat' dir='ltr'>Regiis</span> <span class='ocrx_word' id='word_1_529' title='bbox 1995 2796 2160 2845; x_wconf 86' lang='lat' dir='ltr'>aliisque</span> <span class='ocrx_word' id='word_1_530' title='bbox 2178 2795 2326 2845; x_wconf 87' lang='lat' dir='ltr'>passim</span> 
     </span>
     <span class='ocr_line' id='line_1_95' title="bbox 1367 2857 2330 2908; baseline -0.006 -9"><span class='ocrx_word' id='word_1_531' title='bbox 1367 2860 1621 2908; x_wconf 85' lang='lat' dir='ltr'>emendatus,</span> <span class='ocrx_word' id='word_1_532' title='bbox 1646 2861 1829 2897; x_wconf 86' lang='lat' dir='ltr'>versione</span> <span class='ocrx_word' id='word_1_533' title='bbox 1865 2869 2026 2908; x_wconf 89' lang='lat' dir='ltr'>quoque</span> <span class='ocrx_word' id='word_1_534' title='bbox 2063 2857 2200 2895; x_wconf 83' lang='lat' dir='ltr'>Latina</span> <span class='ocrx_word' id='word_1_535' title='bbox 2228 2866 2330 2894; x_wconf 88' lang='lat' dir='ltr'>nova</span> 
     </span>
     <span class='ocr_line' id='line_1_96' title="bbox 1370 2915 2331 2970; baseline -0.006 -9"><span class='ocrx_word' id='word_1_536' title='bbox 1370 2922 1534 2961; x_wconf 85' lang='lat' dir='ltr'>subinde</span> <span class='ocrx_word' id='word_1_537' title='bbox 1555 2921 1827 2960; x_wconf 82' lang='lat' dir='ltr'>monumentis</span> <span class='ocrx_word' id='word_1_538' title='bbox 1843 2917 2019 2970; x_wconf 81' lang='lat' dir='ltr'>Anglieis</span> <span class='ocrx_word' id='word_1_539' title='bbox 2036 2917 2099 2956; x_wconf 89' lang='lat' dir='ltr'>vel</span> <span class='ocrx_word' id='word_1_540' title='bbox 2115 2915 2331 2967; x_wconf 83' lang='lat' dir='ltr'>Anglo-Sa-</span> 
     </span>
     <span class='ocr_line' id='line_1_97' title="bbox 1367 2979 2327 3032; baseline -0.008 -10"><span class='ocrx_word' id='word_1_541' title='bbox 1367 2985 1518 3022; x_wconf 82' lang='lat' dir='ltr'>xonicis</span> <span class='ocrx_word' id='word_1_542' title='bbox 1538 2982 1736 3032; x_wconf 84' lang='lat' dir='ltr'>adjuncta.</span> <span class='ocrx_word' id='word_1_543' title='bbox 1753 2979 1958 3020; x_wconf 81' lang='lat' dir='ltr'>Secundus</span> <span class='ocrx_word' id='word_1_544' title='bbox 1969 2983 2102 3017; x_wconf 85' lang='lat' dir='ltr'>tomus</span> <span class='ocrx_word' id='word_1_545' title='bbox 2117 2980 2327 3028; x_wconf 87' lang='lat' dir='ltr'>postumus</span> 
     </span>
     <span class='ocr_line' id='line_1_98' title="bbox 1366 3038 2326 3093; baseline -0.008 -10"><span class='ocrx_word' id='word_1_546' title='bbox 1366 3046 1415 3083; x_wconf 87' lang='lat' dir='ltr'>ab</span> <span class='ocrx_word' id='word_1_547' title='bbox 1443 3057 1505 3084; x_wconf 85' lang='lat' dir='ltr'>an.</span> <span class='ocrx_word' id='word_1_548' title='bbox 1537 3044 1638 3084; x_wconf 88' lang='grc'><strong>1066</strong></span> <span class='ocrx_word' id='word_1_549' title='bbox 1668 3041 1844 3093; x_wconf 83' lang='lat' dir='ltr'>procedit</span> <span class='ocrx_word' id='word_1_550' title='bbox 1873 3051 2000 3090; x_wconf 86' lang='lat' dir='ltr'>usque</span> <span class='ocrx_word' id='word_1_551' title='bbox 2033 3038 2081 3077; x_wconf 85' lang='lat' dir='ltr'>ad</span> <span class='ocrx_word' id='word_1_552' title='bbox 2110 3048 2326 3076; x_wconf 88' lang='lat' dir='ltr'>excussum</span> 
     </span>
     <span class='ocr_line' id='line_1_99' title="bbox 1367 3097 2325 3150; baseline -0.009 -5"><span class='ocrx_word' id='word_1_553' title='bbox 1367 3118 1428 3145; x_wconf 88' lang='lat' dir='ltr'>an.</span> <span class='ocrx_word' id='word_1_554' title='bbox 1457 3107 1550 3145; x_wconf 82' lang='grc'><strong>1531</strong></span> <span class='ocrx_word' id='word_1_555' title='bbox 1601 3104 1649 3143; x_wconf 86' lang='grc'>31)</span> <span class='ocrx_word' id='word_1_556' title='bbox 1694 3104 1860 3142; x_wconf 88' lang='lat' dir='ltr'>Henrico</span> <span class='ocrx_word' id='word_1_557' title='bbox 1905 3101 1991 3146; x_wconf 84' lang='lat' dir='ltr'>VIII</span> <span class='ocrx_word' id='word_1_558' title='bbox 2030 3101 2155 3150; x_wconf 81' lang='lat' dir='ltr'>Papae</span> <span class='ocrx_word' id='word_1_559' title='bbox 2183 3097 2325 3149; x_wconf 85' lang='lat' dir='ltr'>jugum</span> 
     </span>
     <span class='ocr_line' id='line_1_100' title="bbox 1365 3157 2325 3219; baseline -0.01 -13"><span class='ocrx_word' id='word_1_560' title='bbox 1365 3168 1588 3219; x_wconf 87' lang='lat' dir='ltr'>publicique</span> <span class='ocrx_word' id='word_1_561' title='bbox 1609 3164 1710 3214; x_wconf 87' lang='lat' dir='ltr'>juris</span> <span class='ocrx_word' id='word_1_562' title='bbox 1740 3165 1866 3202; x_wconf 80' lang='lat' dir='ltr'>Iactus</span> <span class='ocrx_word' id='word_1_563' title='bbox 1888 3166 1951 3200; x_wconf 89' lang='lat' dir='ltr'>est</span> <span class='ocrx_word' id='word_1_564' title='bbox 1973 3173 1996 3201; x_wconf 87' lang='lat' dir='ltr'>a</span> <span class='ocrx_word' id='word_1_565' title='bbox 2022 3158 2164 3201; x_wconf 80' lang='lat' dir='ltr'>Carolo</span> <span class='ocrx_word' id='word_1_566' title='bbox 2193 3157 2325 3209; x_wconf 83' lang='lat' dir='ltr'>Speel-</span> 
     </span>
     <span class='ocr_line' id='line_1_101' title="bbox 1367 3221 2326 3275; baseline -0.01 -8"><span class='ocrx_word' id='word_1_567' title='bbox 1367 3239 1508 3267; x_wconf 82' lang='lat' dir='ltr'>manno</span> <span class='ocrx_word' id='word_1_568' title='bbox 1532 3227 1687 3267; x_wconf 86' lang='lat' dir='ltr'>llenrici</span> <span class='ocrx_word' id='word_1_569' title='bbox 1708 3228 1849 3275; x_wconf 86' lang='lat' dir='ltr'>nepote</span> <span class='ocrx_word' id='word_1_570' title='bbox 1875 3223 1993 3262; x_wconf 91' lang='lat' dir='ltr'>Lond.</span> <span class='ocrx_word' id='word_1_571' title='bbox 2016 3223 2110 3262; x_wconf 90' lang='grc'><strong>1661</strong></span> <span class='ocrx_word' id='word_1_572' title='bbox 2147 3221 2209 3260; x_wconf 84' lang='lat' dir='ltr'>sol.</span> <span class='ocrx_word' id='word_1_573' title='bbox 2242 3231 2326 3258; x_wconf 86' lang='lat' dir='ltr'>ma—</span> 
     </span>
     <span class='ocr_line' id='line_1_102' title="bbox 1370 3283 2326 3336; baseline -0.01 -6"><span class='ocrx_word' id='word_1_574' title='bbox 1370 3301 1464 3330; x_wconf 86' lang='lat' dir='ltr'>num</span> <span class='ocrx_word' id='word_1_575' title='bbox 1490 3291 1523 3327; x_wconf 83' lang='lat' dir='ltr'>ei</span> <span class='ocrx_word' id='word_1_576' title='bbox 1548 3287 1786 3328; x_wconf 80' lang='lat' dir='ltr'>admovente</span> <span class='ocrx_word' id='word_1_577' title='bbox 1806 3296 1963 3336; x_wconf 84' lang='lat' dir='ltr'>quoque</span> <span class='ocrx_word' id='word_1_578' title='bbox 1978 3289 2018 3324; x_wconf 87' lang='grc'>01</span> <span class='ocrx_word' id='word_1_579' title='bbox 2035 3284 2157 3324; x_wconf 87' lang='lat' dir='ltr'>multa</span> <span class='ocrx_word' id='word_1_580' title='bbox 2172 3283 2326 3333; x_wconf 81' lang='lat' dir='ltr'>egregia</span> 
     </span>
    </p>
   </div>
  </div>
 </body>
</html>
