2500 4009
440 228 518 266 325³

437 296 595 347 poribus
627 296 762 333 claruit
786 324 793 330 .
834 294 869 328 iii
910 290 1102 328 Chronico
1142 289 1189 326 ad
1228 288 1386 326 Annum

436 359 586 396 (Illristi
618 357 685 393 5233
716 359 750 390 et
788 352 980 391 Honorius
1005 351 1174 400 August.
1195 349 1244 386 de
1270 349 1308 387 S.
1343 349 1387 387 E.

438 421 498 457 lib.
534 420 563 456 Ξ.
594 429 675 466 cap.
722 417 774 452 to.
821 415 927 452 llanc
965 412 1264 451 altercationem
1303 410 1389 448 sive

435 481 626 527 dialogum
655 477 805 514 huncce
830 485 921 512 cum
947 474 1106 512 Simone
1130 471 1291 517 Judaeo,
1322 473 1389 521 qui

434 554 453 578 a
483 537 694 587 Theophilo
736 535 784 574 ad
808 536 961 574 Cllristi
998 534 1113 572 tidem
1148 533 1392 583 amplecten-

432 601 518 637 ‹lani
546 607 759 647 persuasus
784 602 819 634 ct
853 596 901 634 ab
939 595 1077 634 codem
1117 596 1267 633 tinctus
1305 595 1389 631 sive

430 662 648 709 baptizatus
671 662 756 695 est.
789 659 902 707 primi
940 669 988 695 ex
1030 656 1174 694 Codice
1208 654 1389 693 Vindoci-

431 722 539 758 nensi
552 720 765 769 vulgaruntv
790 719 970 757 monachi
987 717 1130 756 cruditi
1145 716 1389 755 Benedictini

431 781 664 820 lidmundus
693 782 867 819 Martene
897 784 934 818 et
968 780 1135 818 Ursinus
1174 776 1386 816 Durandus

430 846 464 880 in
498 844 632 880 limine
657 844 752 880 tomi
778 843 932 892 quinti.
964 841 1139 879 thesauri
1178 839 1388 878 anecdoto-

427 916 541 952 rum,
567 905 726 943 Parisiis
751 904 849 942 1717
881 904 942 941 t'ol.
961 914 1044 953 pag.
1064 902 1170 941 3-13.
1192 901 1385 947 Quoniam

427 977 519 1005 vero
543 971 582 1003 et
606 971 715 1004 aetas
741 970 781 1003 et
805 965 1001 1003 scribendi
1026 974 1153 1013 genus
1183 974 1260 1001 non
1283 964 1384 1001 male

425 1030 635 1066 convenit.
661 1029 779 1066 etiam
803 1028 971 1077 Evagrio
998 1027 1087 1065 huic
1112 1026 1285 1064 tribuere
1307 1037 1384 1064 non

422 1089 629 1135 dubitant,
659 1100 779 1139 quam
806 1090 842 1126 in
869 1088 1007 1127 codem
1031 1088 1176 1127 Codice
1203 1086 1384 1126 Vindoci—

427 1152 537 1188 nensi
565 1154 822 1201 praemissam
850 1150 901 1188 illi
927 1154 1183 1201 repererunt:

479 1211 734 1251 Collationem
759 1213 844 1250 sive
868 1210 1164 1249 altercationem
1188 1210 1384 1250 ZACIIAEI

429 1274 643 1312 Christiani
664 1285 754 1312 cum
773 1273 1085 1312 APPOLLONIO
1105 1272 1275 1311 Etlinico
1298 1272 1386 1311 Phi-

432 1335 604 1385 losopho,
630 1336 756 1374 tribus
779 1335 1009 1373 distinctam
1029 1335 1165 1384 libris,
1190 1345 1290 1384 quos
1309 1335 1386 1384 pri-

427 1408 517 1435 mus
538 1399 663 1436 Lucas
680 1397 898 1436 Dae-herlus
912 1396 1087 1435 ediderat
1104 1408 1153 1434 ex
1176 1395 1385 1435 Codicibus

426 1460 530 1498 MSS.
557 1459 712 1498 duobus
737 1460 925 1498 Thuanae
951 1458 1047 1496 Bibl.
1071 1462 1111 1496 et
1128 1469 1206 1496 uno
1223 1457 1318 1495 Bibl.
1345 1457 1382 1495 S.

426 1520 579 1560 Arnulli
601 1523 814 1567 aletensis,
841 1522 878 1558 in
905 1524 998 1558 tom.
1020 1521 1052 1558 X
1078 1549 1085 1567 ,
1111 1520 1299 1570 spicilegii
1317 1520 1385 1557 Pa-

427 1589 532 1621 trum
563 1585 683 1622 Paris.
716 1584 809 1621 1671
835 1614 842 1631 ,
871 1584 904 1620 1.
929 1587 969 1620 et.
992 1587 1129 1633 postea
1164 1582 1211 1619 ad
1236 1582 1383 1620 calcem

431 1645 523 1681 tomi
549 1645 653 1683 xltl.
680 1644 754 1682 An.
792 1644 890 1682 1677
917 1643 1123 1693 subjunxit
1158 1644 1293 1681 Varias
1318 1644 1387 1680 Le-

426 1707 579 1743 ctiones
602 1717 650 1744 ex
673 1708 751 1744 MS.
775 1705 918 1744 Codice
943 1705 1206 1743 Bibliothecae
1229 1707 1266 1743 S.
1289 1705 1387 1742 Mar-

425 1767 527 1805 tialis
546 1768 954 1815 I.emovieensis,ante
970 1767 1130 1805 Annum
1150 1768 1250 1805 1010
1268 1765 1386 1816 jussu

420 1828 603 1867 Ademari
633 1829 879 1867 (Iabanensis
903 1830 1064 1867 exarati.
1090 1829 1172 1866 Illis
1187 1828 1385 1875 adhibitis,

426 1891 529 1928 sicut
550 1893 668 1929 etiam
688 1891 922 1929 lectionibus
947 1890 1101 1930 Codicis
1122 1890 1386 1928 1100001000-

421 1953 501 1999 sis,
537 1964 637 2002 quas
674 1953 889 2004 publicavit
923 1952 1163 1992 Edmundus
1209 1953 1383 1991 Martene

419 2018 513 2051 tom.
541 2015 570 2051 V
598 2044 606 2061 ‚
631 2015 807 2054 thesauri
832 2014 1115 2053 anecdotorum
1141 2026 1227 2065 pag.
1259 2014 1380 2064 1815,

418 2086 501 2126 seq.
540 2087 641 2126 opus
671 2076 745 2114 hoc
776 2077 1012 2124 recensuit,
1056 2081 1250 2125 notasque
1287 2087 1381 2114 suas

419 2136 566 2174 addidit
595 2137 818 2176 Ludovicus
838 2139 1076 2176 Franciscus
1100 2137 1246 2187 Joseph
1271 2136 1318 2175 de
1344 2138 1377 2175 la

413 2198 529 2235 Barre
553 2229 560 2245 ,
584 2200 844 2236 Tornacensis
870 2202 906 2235 in
939 2210 1041 2236 nova
1067 2198 1238 2236 editione
1261 2199 1376 2248 spici-

416 2258 503 2308 legii
536 2259 765 2297 Dacheriani
803 2260 959 2297 Parisiis
998 2259 1122 2306 1723,
1151 2259 1210 2296 fol.
1238 2260 1373 2297 statim

419 2321 454 2356 iii
478 2320 610 2357 limine
636 2322 728 2358 tomi
755 2322 881 2370 primi.

469 2382 580 2418 Libro
607 2381 738 2432 primo
772 2382 1074 2420 consultationis
1112 2382 1231 2432 liujus
1252 2414 1262 2430 ,
1288 2383 1373 2419 sive

416 2442 634 2480 collationis
651 2444 862 2494 respondet
888 2444 1088 2483 Zachaeus
1109 2444 1155 2482 ad
1181 2444 1370 2494 Apollonii

419 2505 523 2540 varia
549 2503 719 2553 objecta.
745 2510 780 2542 et
812 2505 1079 2543 Christianam
1106 2505 1222 2543 iidem
1248 2505 1373 2543 Philo-

414 2566 535 2615 sopho
559 2566 771 2615 persuadet
798 2568 847 2605 ita
864 2599 874 2615 ,
901 2572 945 2605 ut
966 2578 1108 2605 manus
1133 2568 1195 2605 ille
1219 2567 1285 2605 (let
1315 2578 1374 2605 ra-

419 2627 589 2665 tionibus
613 2633 651 2665 et
682 2629 920 2666 testimoniis
944 2630 1095 2667 victum
1121 2639 1163 2667 se
1188 2629 1375 2667 confitea-

412 2693 486 2725 tur.
514 2689 639 2727 Etiam
666 2689 714 2727 de
738 2689 945 2728 divinitate
978 2692 1091 2740 Legis
1117 2691 1307 2729 Mosaicae
1331 2696 1370 2729 et

412 2755 544 2788 contra
570 2751 690 2789 fatum
713 2757 751 2788 et
775 2752 1072 2790 Mathematicos
1089 2755 1173 2790 sive.
1197 2753 1372 2791 Astrolo-

411 2822 478 2860 ρος
502 2818 540 2849 et
565 2812 612 2850 de
637 2813 722 2851 aliis
739 2814 934 2864 capitibus
954 2819 1070 2852 acute
1087 2814 1261 2853 disserit.
1279 2816 1371 2855 Cul-

411 2877 494 2911 tum
534 2875 768 2925 imaginibus
812 2877 1099 2926 Imperatorum
1147 2877 1367 2916 exhibitum

410 2933 569 2973 damnat
590 2947 673 2986 cap.
700 2937 761 2974 28.
792 2943 831 2974 et
860 2937 908 2975 ab
931 2937 1237 2976 districtioribus
1258 2938 1368 2978 Chri-

411 2997 547 3033 stianis
574 2997 719 3035 horreri
747 3002 928 3037 testatur.

461 3058 572 3095 Libro
585 3059 752 3097 secundo
771 3060 945 3099 breviter
959 3062 1173 3100 confutatis
1199 3061 1361 3100 Judaeis

408 3126 605 3168 oppugnat
630 3121 920 3161 haereticornm
946 3135 1099 3163 errores
1123 3124 1364 3163 Manichaeo-

411 3190 495 3216 rum
515 3210 521 3227 ,
547 3183 859 3222 Marcionitaruin
881 3215 887 3232 ,
915 3186 1235 3226 l'hotinianorum
1258 3218 1268 3234 ,
1296 3187 1364 3225 Sa-

408 3239 676 3289 bellianorum,
694 3246 1093 3295 l'atripassianorum,
1111 3248 1364 3287 Arianorum-

408 3314 484 3353 que
509 3308 545 3340 et
571 3304 738 3354 (lenique
765 3308 1083 3347 Novatianorurn.

1264 218 1587 256 Evaultll

1517 287 1629 325 Libro
1653 286 1777 335 tertio,
1804 288 1967 327 formam
1993 288 2306 326 conversationis
2329 288 2422 328 Cat-

1464 349 1724 394 holicae,sive
1745 349 1904 387 vivendi
1928 354 1968 388 et
1989 349 2250 388 abstinentiae
2266 360 2423 401 praece-

1465 414 1529 460 pta
1555 410 1819 460 persequitur,
1836 410 1980 459 quibus
1997 411 2246 449 Christianos
2262 412 2423 450 univer-

1466 482 1520 513 se,
1532 472 1738 520 speciatim
1752 471 1966 509 Monachus
1979 472 2188 511 Monachos
2203 472 2421 512 hortandos

1464 534 1643 583 suscipit,
1663 537 1702 570 et
1723 532 1771 570 de
1796 534 2085 572 resurrectione
2104 539 2225 585 atque
2243 533 2421 574 adventu

1464 596 1617 634 Cllristi
1657 593 1704 632 ad
1737 593 1931 643 judicium
1955 600 2274 644 commentatur,
2300 595 2420 634 finem

1464 657 1741 706 impositurum
1775 656 1964 694 saevitiae.
1992 655 2277 706 Anti-Christi,
2301 668 2420 708 quem

1461 718 1480 754 J
1488 716 1711 756 udaismum
1721 721 1957 755 conaturum
1969 718 2188 756 instaurare
2203 719 2421 758 existimat.

1461 780 1648 828 Tempus,
1673 789 1750 828 quo
1774 779 1945 828 scripsit,
1971 777 2117 816 indicat
2135 778 2200 816 lib.
2223 780 2258 818 3.
2279 790 2365 831 cap.
2383 780 2421 818 8.

1462 839 1603 890 Reqni's
1622 841 1788 891 insuper
1806 850 1932 890 reyna
1950 837 2173 890 consument,
2189 843 2229 879 et
2246 839 2418 892 insuspi-

1462 900 1610 940 cabiles
1630 900 1798 952 sceptris
1813 901 2025 952 justarum
2046 900 2197 940 sedium
2221 900 2420 954 Auqustos

1460 962 1669 1016 depellunt.
1690 964 1758 1002 llis
1773 964 1879 1001 enim
1894 962 2028 1001 verbis
2045 973 2120 1001 non
2142 964 2310 1003 obscure
2334 969 2423 1005 tan-

1461 1028 1536 1077 git,
1561 1037 1662 1076 quae
1687 1025 1735 1064 ab
1758 1024 1935 1064 Odoacro
1958 1025 2195 1064 Herulorum
2220 1026 2326 1077 Rege
2356 1037 2422 1077 ge-

1461 1094 1522 1126 sta
1547 1089 1620 1126 An.
1646 1088 1800 1128 CHristi
1818 1086 1907 1125 470.
1925 1086 2044 1125 Certe
2059 1085 2283 1137 Augustino
2302 1088 2421 1128 tribui

1460 1162 1537 1188 non
1562 1155 1721 1201 potest,
1746 1160 1823 1188 non
1856 1153 2015 1188 tantum
2052 1148 2102 1187 ob
2129 1151 2323 1200 temporis
2353 1160 2422 1188 no-

1460 1217 1554 1259 tam,
1586 1211 1654 1250 sed
1679 1212 1799 1250 etiam
1820 1211 1870 1249 ob
1896 1209 2048 1260 stylum
2071 1213 2112 1248 et
2136 1210 2332 1250 scribendi
2357 1222 2423 1262 ge-

1460 1276 1582 1321 nium,
1605 1273 1672 1323 qui
1693 1277 1754 1311 est
1777 1272 1890 1311 valde
1915 1271 1963 1310 ab
1983 1271 2275 1322 Augustiniano
2291 1272 2423 1311 diver-

1460 1338 1555 1381 Sus,
1603 1335 1790 1384 quamvis
1845 1335 1883 1371 in
1926 1333 2115 1384 catalogo
2157 1333 2422 1373 Bibliothecae

1459 1396 1694 1434 Nobilissimi
1719 1396 1798 1434 Viri
1822 1425 1830 1444 ,
1855 1400 1977 1446 atquc
2003 1405 2130 1446 nuper
2162 1395 2421 1434 Francofurto

1459 1470 1553 1497 suae
1578 1459 1770 1508 bonisque
1791 1458 1959 1505 litteris,
1983 1467 2084 1508 quas
2109 1458 2289 1509 impense
2307 1469 2423 1497 orna—

1458 1521 1523 1558 bat
1544 1521 1680 1570 erepti,
1707 1519 1878 1559 Conradi
1905 1519 2114 1558 Zachariae
2133 1519 2182 1558 ab
2206 1519 2421 1559 Uffenbach

1459 1584 1571 1620 Parte
1588 1582 1623 1620 2.
1651 1592 1736 1632 pag.
1754 1583 1794 1620 11
1828 1581 1980 1632 reperio
2001 1581 2079 1620 MS.
2095 1583 2134 1620 S.
2155 1579 2421 1632 Auqustinum

1460 1644 1506 1682 cle
1529 1643 1766 1682 contentione
1790 1642 1967 1681 Zachaei
1979 1646 2017 1681 et
2038 1640 2243 1694 Apollonii.
2262 1643 2319 1682 De
2334 1643 2422 1681 aliis

1458 1707 1654 1756 Evagriis,
1674 1707 1740 1755 qui
1762 1705 1912 1744 Graece
1937 1705 2186 1756 scripserunt
2201 1703 2351 1744 dictum
2371 1704 2421 1743 ad

1460 1769 1616 1806 Hieron.
1632 1778 1719 1818 cap.
1741 1767 1816 1806 125
1840 1765 1889 1805 (10
1915 1767 1953 1805 S.
1973 1767 2019 1806 E.
2035 1770 2075 1804 et
2095 1766 2266 1805 tom.V1.
2281 1765 2422 1804 Biblio—

1462 1830 1600 1869 thecae
1631 1830 1805 1868 Graecae
1835 1839 1922 1879 pag.
1959 1828 2035 1867 126
2065 1828 2128 1867 ubi
2166 1827 2215 1866 de
2252 1827 2423 1878 Evagrio

1460 1893 1602 1929 llistor.
1629 1890 1780 1929 Eccles.
1812 1890 2003 1941 scriptore
2031 1893 2072 1928 et
2102 1889 2179 1930 128
2217 1894 2258 1928 01
2283 1888 2346 1928 ubi
2371 1888 2421 1927 de

1461 1955 1629 2003 Evagrio
1655 1953 1812 1991 Pontico
1836 1957 1930 1990 tom.
1962 1952 2063 1991 VIII.
2095 1962 2184 2003 pag.
2211 1951 2287 1990 364
2307 1981 2315 2001 ,
2337 1961 2421 2001 seq.

1510 2015 1716 2054 EVAGRII
1740 2013 1916 2052 Monachi
1947 2013 2169 2052 Sententiae
2191 2012 2246 2052 ad
2264 2024 2328 2053 eos
2351 2011 2422 2064 qui

1456 2076 1495 2114 in
1518 2075 1711 2115 coenobn‘s
1731 2078 1769 2113 et
1785 2074 2040 2114 :xenodochiis
2055 2073 2237 2113 habitant
2247 2073 2418 2127 fratres,

1452 2150 1553 2188 quae
1583 2139 1799 2188 incipiunt:
1825 2136 1998 2188 Heredes
2016 2137 2127 2185 DEI,
2160 2135 2294 2175 audite
2324 2137 2419 2176 Ser-

1450 2210 1580 2238 mones
1596 2199 1697 2237 DEI.
1716 2200 1766 2237 Et
1781 2197 2000 2238 Sententiae
2018 2197 2074 2237 ad
2095 2197 2272 2249 Virqines
2287 2229 2298 2248 ,
2317 2209 2415 2250 qua-

1450 2273 1537 2300 rum
1557 2263 1711 2301 initium
1732 2275 1738 2299 :
1758 2260 1884 2312 Dilz‘ye
1907 2259 2116 2298 Dominum
2132 2263 2170 2298 et
2186 2258 2343 2299 amabit
2360 2264 2416 2299 te:

1451 2325 1585 2362 Latina
1624 2325 1754 2361 versio
1787 2327 1907 2362 vetus
1943 2322 1992 2361 ab
2015 2322 2219 2362 Holstenio
2249 2322 2355 2361 edita
2378 2323 2415 2360 in

1447 2384 1661 2435 appendice
1684 2384 1925 2435 Regularum
1949 2384 2059 2422 Rom.
2087 2384 2201 2423 1661.
2225 2384 2262 2422 4.
2283 2387 2324 2422 et
2348 2385 2418 2423 Pa-

1448 2448 1512 2484 ris.
1536 2447 1649 2485 1663.
1676 2447 1711 2484 1.
1745 2451 1786 2484 01
1809 2450 1902 2484 tom.
1935 2446 2095 2485 XXVII.
2129 2445 2312 2484 Biblioth.
2349 2446 2417 2484 Pa·

1448 2513 1554 2547 trum
1598 2508 1776 2558 Lugdun.
1814 2518 1900 2560 pag.
1943 2505 2138 2547 469-474.
2177 2511 2338 2547 auctore
2370 2512 2416 2547 ut

1446 2570 1604 2609 videtur
1627 2569 1765 2620 Rufino
1799 2570 1863 2608 vel
1900 2570 2032 2620 potius
2053 2568 2254 2608 Gennadio
2279 2570 2416 2609 Massi-

1446 2632 1579 2676 liensi,
1604 2643 1722 2682 quem
1748 2631 1838 2670 vide
1858 2643 1942 2682 cap.
1968 2632 2034 2670 XI.
2059 2631 2108 2670 de
2129 2632 2167 2670 S.
2188 2631 2233 2670 E.
2263 2630 2413 2670 Auctor

1443 2694 1641 2744 Evagrius
1660 2694 1846 2732 Ponticus
1865 2723 1872 2739 ‚
1893 2693 2109 2732 defunctus
2131 2692 2206 2732 An.
2235 2693 2324 2732 399.

1498 2755 1851 2794 EVANGELISTA
1869 2754 2145 2794 MANELMUS
2165 2754 2412 2803 vicentinus,

1444 2816 1560 2867 cujus
1580 2821 1711 2856 exstat
1739 2815 2057 2856 Commentarius
2092 2815 2139 2855 de
2172 2813 2415 2868 quibusdam

1440 2879 1561 2929 yestz's
1592 2880 1631 2918 z'n
1665 2877 1762 2918 bello
1795 2877 1945 2917 Gallico
1961 2889 2038 2929 quo
2053 2877 2298 2917 Franci-scus
2312 2877 2416 2916 Bar-

1444 2940 1568 2980 barus
1584 2973 1593 2990 ,
1619 2942 1844 2992 praefectus
1869 2941 2050 2988 Brixiae,
2076 2939 2181 2978 illam
2204 2939 2410 2978 civitatem

1441 3003 1635 3042 adversus
1659 3002 1879 3041 exercitum
1901 3001 2124 3047 Gallorum,
2147 2999 2324 3052 Philippo
2334 3001 2411 3038 Me-

1439 3064 1727 3104 diolanensium
1748 3065 1856 3103 Duce
1881 3062 1969 3102 Urbi
1987 3066 2168 3101 extrema
2188 3062 2405 3100 minantem

1438 3138 1508 3177 per
1537 3131 1619 3165 tres
1649 3137 1809 3165 menses
1838 3124 1913 3164 An.
1939 3124 2054 3164 1438.
2081 3124 2232 3162 fortiter
2251 3125 2406 3161 tutatus

1439 3192 1512 3226 est.
1547 3189 1702 3226 Primus
1729 3188 1838 3226 illum
1871 3186 2024 3225 Brixiae
2060 3183 2174 3224 1728.
2203 3184 2237 3222 4.
2271 3194 2293 3222 e
2328 3183 2405 3223 MS.

1438 3250 1580 3288 Codice
1599 3251 1823 3288 Monasterii
1849 3249 1888 3287 S.
1913 3247 2157 3298 Euphemiae
2181 3246 2296 3286 Urbis
2319 3247 2405 3285 Bri-

1438 3312 1586 3348 xiensis
1621 3311 1742 3349 edidit
1780 3311 1962 3359 notisque
1985 3312 2026 3346 et
2057 3307 2400 3348 observationibus
