2500 3841
970 220 1194 262 ELIAs

129 290 275 330 ELIAS
298 290 344 329 de
366 287 601 335 Nablnalis.
635 302 753 342 supra
773 321 780 340 ,
813 292 962 332 ELIAS
989 292 1036 332 cle

76 351 326 392 Annibaldis.

128 416 464 468 MagisterPetrus
479 414 628 455 ELIAS
643 416 797 456 Saeculi
814 419 879 456 XI.
898 417 1037 456 Gram-

77 479 260 527 maticus,
294 477 410 529 cujus
442 478 781 518 Commentariun]
809 481 962 519 MStum
998 481 1036 517 in

75 539 331 580 Priscianum
345 541 506 579 memini
520 552 583 580 me
594 542 781 581 evolvero
799 543 896 580 satis
908 543 1037 593 spisso

76 602 299 642 Volumine.
319 601 513 653 Ejusdem
533 603 812 654 Compendium
828 604 1038 643 metricum

77 677 96 704 e
116 665 336 715 Ρνίεσὶαηο,
361 670 401 704 et
435 665 613 704 Leoeicon
643 667 853 705 metricam
882 668 1037 707 MStum

76 729 115 766 in
139 729 260 767 variis
282 728 554 778 Bibliothecis‚
579 734 624 768 ut
644 730 723 768 dixi
759 731 855 768 libro
879 731 940 769 IV.
978 731 1040 768 Bi-

75 790 293 830 bliothecae
318 792 480 830 Latinae
504 803 589 843 cap.
613 793 647 830 6.
671 797 710 830 et
736 791 771 831 7.

129 852 279 893 ELIAS
303 853 518 905 Presbyter
536 860 576 893 ct
603 855 788 906 Ecdicus,
813 860 950 894 auctor
973 855 1041 893 sso-

75 917 200 967 rilegii
229 917 387 956 saeculo
414 918 501 956 XII.
537 929 559 957 a
587 919 734 967 Uangio
768 921 926 969 p1aete1·
954 928 1038 954 rem

78 981 182 1017 inter
197 980 357 1018 Latinos
365 981 581 1031 scriptores
590 981 770 1020 refertur.
786 982 883 1019 Nam
891 980 1039 1018 Graece

78 1043 250 1093 scripsit7
269 1046 389 1092 atque
412 1041 648 1093 AnthologIa
672 1042 759 1092 ejus
778 1043 968 1081 Gnomica
989 1052 1038 1079 ex

77 1104 373 1156 praestantibus
402 1104 648 1155 Philosopliis
665 1134 673 1152 7
693 1104 880 1143 distincta
903 1103 1040 1154 capiti-

78 1168 155 1207 bus
174 1167 304 1208 CCLI.
325 1167 475 1205 Graece
493 1168 601 1206 MSta
636 1171 820 1217 superest
845 1168 882 1204 in
916 1166 1038 1205 variis

78 1229 343 1279 Bibliothecis,
369 1232 413 1268 ut
438 1229 474 1266 in
497 1230 685 1268 Bavarica
707 1229 800 1268 Cod.
824 1229 1036 1268 LXXXIV.

80 1296 121 1331 et
139 1292 179 1329 in
202 1290 442 1331 Bibliotheca
463 1291 582 1341 Regia
602 1293 811 1330 Parisiensi
836 1291 929 1331 Cod.
949 1291 1037 1330 378.

80 1354 170 1395 765.
194 1355 255 1394 Ex
279 1354 352 1392 hoc
384 1354 597 1405 florilegio⁷
639 1354 872 1405 florilegium
903 1355 1039 1393 Latine

80 1418 262 1469 vulgavit
298 1416 470 1455 Jacobus
508 1418 710 1456 Fontanus
748 1417 781 1465 a)
812 1416 1041 1468 Iugolstadii

82 1482 198 1521 4603.
219 1481 254 1529 4,
269 1491 363 1520 cum
381 1480 758 1532 Simeonisjunioris
775 1480 1040 1519 sermonibus:

79 1555 266 1584 recusum
291 1544 330 1582 in
349 1543 591 1582 Bibliotheca
616 1545 776 1582 Patrum
802 1544 1011 1581 Parisiensi
1029 1575 1039 1591 7

80 1607 303 1647 Coloniensi
320 1609 361 1644 et
378 1605 635 1655 Lugdunensi
651 1606 880 1644 tom.XXII.
897 1617 934 1656 p.
951 1604 1041 1644 756.

136 1668 287 1708 ELIAS
312 1679 391 1706 non
421 1668 489 1707 diu
512 1672 602 1719 post
630 1667 792 1707 Annum
820 1669 922 1708 4426
951 1670 1047 1707 scri-

84 1736 174 1783 ptor
200 1731 310 1770 Vitae
334 1732 374 1770 S.
398 1730 627 1783 Raymuncli
641 1761 648 1779 ,
672 1732 858 1770 Rotensis
887 1736 926 1769 et
961 1731 1047 1769 Bal-

82 1794 306 1833 bastrensis
325 1795 506 1845 Episcopi
533 1795 570 1831 in
595 1793 789 1844 Aragonia
810 1824 817 1842 ‚
848 1793 976 1832 cdltae
1007 1794 1044 1831 in

85 1856 198 1895 Actis
223 1857 460 1895 Sanctorum
485 1860 512 1893 t.
539 1856 600 1894 IV.
625 1856 733 1894 Junii
757 1856 820 1895 24.
845 1867 930 1907 pag.
958 1855 1046 1895 427.

139 1918 289 1958 ELIAS
311 1916 467 1958 Rubeus
483 1918 768 1969 Tripellanensi
788 1920 824 1956 in
847 1919 1047 1958 Comitatu

84 1982 402 2033 Cantabrigiensi
426 1980 579 2030 Anglus
600 1982 704 2018 circa
732 1980 894 2019 Annum
932 1981 1047 2020 4280.

87 2043 359 2097 cujuslibrum
376 2046 516 2082 eontra
531 2041 774 2081 nobilitatem
793 2042 949 2081 inanem
968 2055 1050 2081 me-

86 2110 246 2146 morant
263 2107 408 2146 Baleus
428 2106 491 2144 IV.
514 2106 574 2144 48.
594 2109 634 2143 et
658 2107 815 2144 Pitseus
840 2117 925 2156 pag.
942 2107 1033 2144 363.

141 2169 292 2208 ELIAS
313 2168 360 2207 cle
387 2165 691 2219 Tricltinzqhain.⁴
715 2167 893 2219 Anglus,
918 2170 1050 2207 Mona-

87 2232 189 2271 chus
206 2231 549 2282 petriburgensis,
579 2229 739 2269 Ordinis
768 2231 1014 2270 Benedictini
1039 2261 1046 2277 7

87 2299 226 2334 auctor
240 2292 438 2343 Chronici,
455 2293 561 2344 quod
577 2294 731 2332 MStum
753 2294 791 2331 in
808 2293 1050 2332 Bibliotheca

89 2358 256 2397 illustris
285 2356 534 2396 Clarendonii
560 2357 726 2396 Comitis
750 2356 895 2395 desinit
913 2357 950 2394 in
975 2356 1050 2395 An.

93 2421 209 2469 4268,
233 2423 279 2459 ut
299 2423 471 2458 testatur
505 2419 629 2458 Wilh.
650 2419 808 2458 Nichols
839 2420 876 2456 in
911 2419 1052 2457 Biblio-

92 2482 207 2522 theca
232 2482 515 2522 Historicorum
552 2480 717 2532 Angliae
750 2492 837 2532 pag.
860 2481 922 2519 63.
944 2481 1053 2519 Eun-

96 2545 188 2584 dem
210 2545 339 2584 Eliam
365 2543 529 2584 laudant
557 2543 701 2583 Baleus
724 2543 786 2581 IV.
818 2543 879 2580 32.
905 2547 945 2579 et
979 2543 1055 2580 Pit-

95 2619 190 2647 seus
218 2618 303 2659 pag.
332 2606 421 2646 350.
453 2607 598 2646 Baleus
629 2610 801 2644 testatur
832 2605 1054 2645 Chronicon

94 2671 183 2721 ejus
197 2671 369 2721 incipere
392 2669 441 2708 ab
463 2667 579 2707 Anno
593 2668 746 2706 CHristi
772 2667 860 2704 6⁶26.
879 2667 1054 2705 Praetixa

94 2733 289 2773 Chronico
321 2731 457 2770 brevis
485 2730 728 2781 computatio
752 2729 800 2767 de
826 2740 896 2767 sex
919 2729 1057 2767 aetati-

95 2796 172 2835 bus
186 2795 332 2843 Mundi,
348 2794 464 2844 cujus
481 2793 554 2830 boc
572 2792 726 2830 initium
743 2790 846 2841 apud
857 2791 1054 2829 Cavcum:

96 2856 158 2896 Ab
174 2857 324 2908 oriyine
337 2854 479 2895 Mundi
493 2855 533 2893 in
551 2854 690 2905 prima
711 2856 839 2891 aetate
856 2852 982 2892 seculi
998 2864 1056 2892 se-

96 2918 269 2959 cundum
297 2916 515 2956 Ebraicam
547 2919 754 2955 veritatem
777 2919 1056 2967 computantur

97 2981 196 3022 anni
215 2979 319 3020 mille
341 2977 522 3018 sexcenti
542 2977 832 3030 quinquaqinta
854 2990 942 3018 sese.

151 3045 190 3084 S.
214 3041 415 3082 ELIGIUS
440 3042 660 3092 Episcopus
688 3041 1051 3088 Vcromandensis.

99 3108 185 3146 sive
213 3102 408 3144 translata
427 3103 522 3142 sede
546 3103 822 3142 Noviomensis
843 3103 990 3153 moion)
1015 3105 1053 3142 in

98 3169 223 3209 Gallia
251 3168 300 3208 ab
323 3166 399 3207 An.
419 3167 507 3205 640.
538 3165 585 3205 ad
619 3165 708 3204 6159.
747 3166 833 3204 Vita
864 3168 903 3204 S.
940 3166 1053 3218 Eligii

158 3300 193 3341 a)
218 3302 300 3333 Vide
329 3299 567 3332 Bibliotliecam
591 3301 748 3331 Graecam
784 3305 864 3332 tom.
889 3302 912 3330 Χ
939 3310 958 3340 p
993 3302 1066 3334 50⁰.

102 3354 134 3382 et
157 3350 230 3383 508.

1996 238 2073 277 503

1109 299 1254 348 scripta
1283 299 1331 337 ab
1358 300 1623 355 AUDOENO‚
1648 308 1734 345 sive
1775 307 1977 350 DADOMJ
2000 343 2007 361 ,
2036 327 2069 361 a)

1110 359 1219 399 libris
1237 362 1377 411 tribus,
1402 376 1502 415 quos
1528 368 1702 420 integros
1724 372 1906 423 vulgavit
1922 375 2074 415 [13666-

1111 423 1193 461 rius
1222 428 1316 464 tom.
1351 427 1393 465 V.
1426 430 1614 481 spicilegii
1651 444 1735 483 pag.
1763 434 1851 474 447.
1877 436 2075 487 (editionis

1114 496 1238 524 novae
1269 492 1363 527 tom.
1394 490 1429 538 2,
1456 504 1541 543 pag.
1569 493 1643 543 76.)
1673 506 1766 535 curn
1790 497 1891 538 duos
1915 505 2072 542 tantum

1112 549 1197 585 sine
1214 551 1372 601 prologo
1390 554 1521 603 (quem
1540 557 1720 607 vulgavit
1739 561 1918 601 Labbeus
1936 568 2029 603 tom.
2049 566 2073 605 2

1111 610 1376 651 Bibliothecae
1399 617 1507 663 MSS,
1532 630 1617 668 pag.
1644 621 1732 660 517.
1758 625 1854 675 seq.)
1879 627 2076 676 publicas-

1113 677 1175 710 set
1191 675 1331 713 Surius
1348 676 1394 714 ad
1419 679 1452 716 4.
1478 680 1720 722 Decembris.
1747 687 1843 725 Tres
1864 691 1983 728 ctiam
2009 691 2076 731 de-

1114 734 1171 772 dit
1193 737 1229 774 in
1251 738 1398 777 (iallica
1422 751 1494 779 sua
1518 746 1701 784 versione
1722 748 1946 791 Ludovicus
1969 755 2077 793 Mon—

1116 799 1278 847 tigniUS,
1296 799 2076 863 ArchidiaconusNoviomensis‚Parisiis

1116 860 1230 899 4626.
1255 865 1297 899 ut
1314 873 1362 900 ex
1378 863 1541 904 Aubcrti
1565 869 1697 908 Miraei
1719 877 1893 914 auctario
1918 878 1965 917 de
1982 883 2078 920 scri-

1110 923 1290 972 ptoribus
1315 925 1609 969 Ecclesiasticis
1633 943 1720 983 pag.
1747 936 1808 974 32.
1844 938 1972 979 didici.
2015 944 2077 984 Ex

1115 983 1237 1034 hujus
1260 985 1442 1027 Audoeni
1474 994 1703 1033 testimonio
1730 998 1775 1036 II.
1804 1001 1817 1039 4
1830 1001 1863 1039 5.
1895 1007 1935 1040 et
1968 1006 2077 1046 MSS.

1113 1045 1300 1086 Codicum
1325 1050 1399 1089 fide
1420 1052 1545 1104 Eligio
1565 1055 1600 1105 b)
1626 1058 1856 1101 vindicatur
1871 1065 2009 1104 Sermo
2028 1070 2077 1108 ad

1113 1119 1271 1149 omnem
1304 1113 1459 1162 plebem
1498 1116 1544 1155 cle
1573 1121 1809 1163 rectitudine
1853 1126 2079 1171 Catholicae

1114 1175 1447 1226 conversationis.
1469 1181 1536 1229 qui
1568 1182 1672 1221 inter
1696 1186 1735 1224 S.
1763 1186 1989 1239 Augustino
2012 1195 2081 1234 ad-

1114 1236 1258 1285 scripta
1291 1248 1408 1289 saepe
1439 1240 1571 1282 editus
1594 1248 1690 1284 tom.
1722 1249 1792 1288 IX.
1821 1256 1996 1295 tractatu
2020 1259 2084 1297 ΞΟ.

1115 1301 1155 1334 et
1187 1298 1224 1335 in
1269 1302 1486 1341 novissima
1517 1305 1690 1346 editione
1730 1312 2078 1360 Benedictinorum

1115 1364 1210 1398 tom.
1229 1361 1293 1400 Vl.
1318 1374 1404 1414 pag.
1426 1365 1515 1404 746.
1537 1368 1755 1410 Amsteiod.
1783 1375 1838 1413 De
1864 1381 1984 1419 variis
2008 1393 2077 1421 su-

1115 1424 1428 1475 perstitionibus,
1451 1428 1628 1480 aquibus
1646 1434 1683 1471 in
1704 1435 1765 1474 illo
1777 1444 2082 1483 sermoneChri-

1117 1487 1235 1524 stiani
1272 1496 1561 1541 removentur,
1600 1496 1799 1538 videndus
1842 1503 2008 1544 Carolus
2045 1508 2081 1547 le

1118 1550 1260 1588 Cointc
1285 1555 1379 1589 tom.
1406 1553 1441 1591 3.
1477 1554 1691 1597 Annalium
1727 1562 1967 1606 Francorum
1994 1582 2081 1620 pass.

1121 1612 1208 1650 481.
1235 1623 1320 1663 seq.
1354 1614 1536 1665 Epistola
1572 1619 1689 1670 Eligii
1723 1623 1779 1662 ad
1804 1603 2082 1682 Restiterim?

1120 1673 1361 1725 Episcopum
1393 1678 1701 1731 Cadme-ensem.
1732 1685 1837 1726 edita
1862 1690 1965 1730 inter
1987 1695 2084 1734 alias

1121 1736 1170 1774 ad
1200 1748 1291 1774 eum
1315 1741 1484 1790 scriptas
1512 1744 1712 1794 Epistolas
1735 1752 1827 1788 tom.
1853 1756 1992 1803 quinto
2016 1769 2086 1796 an-

1121 1799 1322 1848 tiquarum
1355 1804 1584 1845 Lectionum
1609 1815 1720 1858 parte
1750 1813 1902 1855 210111.
1940 1820 1973 1858 4.
2005 1820 2087 1859 edi-

1121 1861 1239 1900 tionis
1265 1874 1392 1904 novae
1422 1878 1506 1917 pag.
1545 1870 1632 1909 646.
1658 1873 1718 1912 Ex
1743 1877 1927 1918 Homilz'z's
1949 1888 2084 1922 autem

1121 1923 1217 1962 XVI.
1240 1937 1341 1976 quae
1363 1929 1400 1966 in
1422 1930 1675 1973 Bibliothecis
1693 1938 1865 1985 Patrum,
1893 1947 1936 1981 ut
1953 1948 2086 1984 novis-

1122 1987 1222 2025 sima
1242 1989 1498 2039 Lugdunensi
1524 2001 1617 2034 tom.
1647 2000 1733 2048 XII,
1766 1986 1859 2053 pag.
1879 2006 1970 2044 300.
2000 2019 2084 2058 seq.

1124 2051 1336 2090 nonnullae
1382 2056 1501 2094 ctiam
1541 2060 1578 2095 in
1622 2062 1818 2102 Francisci
1858 2067 2085 2108 Combefisii

1121 2111 1361 2154 Bibliotheca
1386 2118 1683 2162 Concionatoria
1710 2126 1922 2178 leguntur,
1946 2132 1978 2168 si
2005 2144 2082 2170 non

1123 2184 1275 2223 omnes⁷
1290 2177 1680 2232 plerasquejunioris
1696 2188 1810 2239 longe
1824 2193 1966 2230 aetatis
1982 2205 2085 2243 esse⁷

1123 2236 1267 2275 eruditi
1305 2239 1387 2288 jam
1412 2244 1564 2292 pridem
1599 2259 1802 2289 monuere.
1834 2253 1929 2292 vide
1953 2255 2089 2295 lauda-

1125 2302 1211 2338 tum
1243 2302 1443 2343 Cointium
1465 2310 1558 2346 tom.
1590 2312 1625 2358 37
1650 2323 1735 2362 pag.
1777 2315 1863 2354 484.
1895 2328 1978 2368 seq.
2014 2319 2088 2359 Ca-

1125 2372 1245 2401 veum
1271 2364 1319 2403 ad
1350 2367 1512 2408 Anuum
1539 2372 1627 2410 610.
1657 2374 1916 2417 Edmundum
1951 2380 2090 2419 Alber-

1126 2424 1255 2464 tinun]
1281 2427 1329 2465 de
1368 2429 1619 2472 Eucharistia
1658 2448 1745 2487 pag.
1778 2440 1866 2478 906.
1902 2442 1937 2479 6.
1968 2448 2088 2493 atque

1127 2487 1328 2527 Oudinum
1350 2494 1443 2530 tom.
1479 2496 1492 2533 4
1519 2526 1526 2544 ,
1557 2508 1643 2548 pag.
1671 2501 1784 2539 4619.

1180 2551 1383 2592 ELIGIUS
1406 2557 1647 2608 Houcarias,
1669 2563 1754 2600 sivo
1776 2564 2006 2605 Eucharias
2022 2579 2090 2618 po-

1129 2612 1232 2661 tius,
1254 2614 1555 2667 Gandavensis,
1591 2623 1666 2660 sul)
1691 2625 1820 2664 Seculi
1845 2629 1946 2667 XVI.
1979 2630 2088 2669 initia

1130 2675 1289 2726 scripsit
1311 2681 1487 2719 carmine
1516 2682 1623 2722 Vitas
1642 2688 1680 2724 S.
1713 2687 1869 2739 Levita,
1904 2692 2089 2744 Episcopi

1130 2743 1170 2776 ct
1192 2741 1388 2790 Martyris,
1411 2744 1450 2782 S.
1479 2744 1644 2796 cotetae,
1663 2749 1833 2800 Virginis
1850 2752 2088 2804 Gandonsis,

1129 2805 1169 2838 ct
1193 2801 1359 2856 Bertalli
1392 2807 1639 2847 Confessoris
1678 2812 1929 2853 Comoediani
1953 2816 2001 2854 (le
2025 2829 2091 2868 pa-

1184 2949 1217 2986 a)
1242 2949 1306 2981 Illis
1324 2958 1408 2989 quae
1426 2950 1466 2982 de
1480 2954 1640 2983 DADONF.
1657 2962 1756 2993 supra
1775 2963 1849 2995 pag.
1866 2956 1937 2987 -4-20.
1957 2962 1989 2988 et
2008 2966 2093 2997 quac.

1122 3001 1161 3031 (lc
1188 3001 1354 3040 Epistola
1377 3005 1446 3042 ejus
1468 3002 1514 3032 ad
1550 3004 1773 3036 Desidet-ium
1805 3007 2064 3038 cadurcensem
2080 3031 2090 3044 ‚

1124 3053 1196 3082 vica
1219 3052 1252 3083 S.
1276 3052 1452 3092 Iterni'qii,
1490 3057 1522 3083 et
1543 3054 1585 3083 ‹le
1610 3053 1727 3084 libello
1751 3056 1794 3085 cle
1817 3056 1940 3086 anima
1971 3057 2092 3097 Daqu-

1120 3102 1210 3132 bertt
1234 3101 1337 3140 [eoois
1357 3104 1425 3142 jam
1454 3105 1581 3134 notavit
1606 3105 1734 3136 caveus
1751 3130 1760 3143 ,
1787 3105 1870 3137 adde
1883 3107 1972 3146 quod
1996 3108 2091 3147 Epi—

1125 3152 1220 3182 scola
1241 3152 1385 3182 Dadonis
1407 3152 1454 3182 ad
1476 3152 1709 3184 Roclobertnm
1733 3157 1856 3193 Papam
1872 3179 1880 3193 ,
1912 3158 1982 3188 sive
2011 3159 2093 3197 Epi·

1122 3211 1260 3242 scopum
1285 3202 1506 3233 parisiensem
1522 3226 1530 3240 ‚
1554 3212 1630 3234 cum
1653 3205 1828 3236 Itodoberti
1868 3206 2014 3246 Epistola
2049 3209 2090 3239 ad

1126 3252 1293 3285 ”adonem
1308 3276 1317 3290 ,
1331 3253 1427 3283 vitna-
1441 3253 1540 3292 Eligii
1556 3253 1643 3293 apud
1653 3254 1851 3286 Dachcrium
1862 3255 2092 3296 subiungitur.

1190 3302 1224 3337 I»)
1248 3302 1439 3333 Sirmondns
1460 3305 1545 3334 nolis
1563 3304 1603 3335 ad
1621 3304 1806 3337 Concilium
1822 3305 2094 3339 mutamini-onst·

1133 3356 1167 3383 Α.
1194 3352 1278 3389 5178,
1306 3356 1383 3382 lom
1415 3352 1439 3383 1.
1467 3353 1702 3386 concilim-um
1729 3355 1853 3387 Galliac
1879 3367 1910 3396 p.
1934 3357 2005 3388 (il-3.
