2500 4009
387 213 439 252 72,
796 206 799 208 ’
1247 204 1454 245 BEDAE

359 294 523 322 ‘inensem
562 294 645 334 pag.
682 282 767 321 494.
804 276 1172 316 WANDELBERTI
1208 277 1303 316 Pru-

358 346 542 384 niiensis.
566 355 639 382 non
670 341 806 380 Bodao.
836 339 952 378 Aliud
982 338 1299 389 Martyrologium

356 406 475 443 breve
492 405 621 443 itidem
639 402 818 441 versibus
834 401 1076 439 hexametris
1086 400 1160 439 sub
1173 400 1300 439 Bedae

358 470 511 505 nomine
531 467 731 517 vulgatum
755 475 776 502 a
793 463 1007 509 Dacherio‚
1033 463 1191 514 incipit:
1215 463 1301 501 Bis-

355 541 445 566 sena
467 527 638 566 iiiensum
656 524 843 576 vertiyine
863 523 1037 565 volvitur
1055 535 1183 562 aruzus
1195 529 1299 563 tomo

356 594 387 629 X
413 591 594 641 spicilegii
614 600 698 640 pag.
725 589 799 628 426
819 593 860 627 et
877 593 982 627 tomo
1007 588 1037 626 11
1059 587 1152 625 edit.
1176 597 1300 625 novae

356 654 390 688 in
414 652 497 689 solio
521 662 604 701 pag.
635 651 696 688 23.

404 714 458 750 De
481 711 794 751 embolismorum
815 711 969 751 ratione
993 714 1197 763 computus
1215 721 1299 762 pag.

351 777 427 814 <215
449 787 539 814 cum
576 776 819 814 tetrastichis
853 776 1019 825 singulis
1053 774 1102 813 ad
1127 775 1302 825 singulos

352 848 521 875 menses,
543 839 669 876 Etiam
695 838 799 876 hunc
823 839 1063 888 Computum
1088 836 1214 875 Bedae
1237 835 1303 874 ab·

347 898 602 948 judicandum
641 904 680 937 et
711 900 975 939 RADULI‘HO
1012 908 1060 936 DE
1092 897 1302 947 LINHAM,

350 961 475 1007 Anglo
490 962 791 1001 adscribendum
806 961 1099 1010 esse‚Oudinus
1113 961 1300 1011 disputat.

403 1022 699 1063 Deeemnooales
742 1022 896 1064 Circuli
930 1023 1103 1073 Dionysii
1139 1023 1302 1061 Romani

352 1087 492 1133 Exigui
510 1117 517 1135 ,
539 1088 579 1124 B.
598 1087 732 1136 Cyrilli
755 1091 794 1125 et
814 1085 942 1125 Bedae
963 1084 1159 1124 LXXXIV
1177 1095 1302 1134 usque

351 1148 398 1185 ad
425 1148 584 1187 Annum
618 1150 717 1188 4593
741 1160 832 1187 cum
868 1148 1108 1199 praefatione
1132 1145 1303 1196 (ΑΒΒΟ-

351 1211 430 1248 MS
454 1211 731 1258 Floriacensis)
756 1222 840 1261 pag.
863 1209 951 1249 257.

404 1273 458 1309 De
481 1271 594 1323 Cyclo
617 1272 802 1311 Paschali
823 1284 908 1324 pag.
935 1273 1023 1311 306.

405 1334 580 1373 Canones
599 1335 976 1374 decenovennalium
999 1333 1243 1374 Circulorum
1266 1344 1303 1383 p.

355 1396 442 1434 321.

405 1459 459 1495 De
482 1458 621 1497 Mundi
639 1457 811 1497 eoelestis
825 1457 1102 1508 terrestrisque
1125 1455 1307 1495 constitu-

351 1520 449 1558 lione
473 1533 557 1572 pag.
581 1522 669 1559 323.

401 1582 555 1621 Musica
595 1582 779 1621 Theorica
808 1594 892 1633 pag.
930 1583 1005 1621 344
1027 1586 1067 1621 et
1095 1580 1302 1628 Praetiea,

353 1649 360 1680 l
379 1648 428 1683 ita
454 1646 524 1695 leg.
551 1656 619 1696 pro
640 1647 794 1694 Quarta
809 1647 845 1693 ‚>
868 1655 938 1683 seu
962 1646 1192 1683 mensurata
1216 1654 1302 1692 pag.

351 1710 419 1747 351
443 1707 608 1757 junioris
633 1720 721 1746 esse
742 1708 942 1758 scriptoris
961 1705 1163 1745 contendit
1183 1703 1304 1743 Oudi-

352 1782 453 1820 nuS.
477 1783 595 1821 quem
616 1770 705 1808 vide
726 1775 830 1808 tomo
855 1771 894 1818 l,
920 1780 1004 1819 pag.
1031 1768 1144 1807 4685.

403 1834 458 1870 De
481 1832 640 1870 circulis
661 1831 852 1882 sphaerae
872 1833 909 1868 et
923 1829 1011 1881 polo
1032 1841 1116 1880 pag.
1143 1829 1231 1866 365.

402 1895 456 1931 De
466 1894 720 1945 planetarum
733 1898 772 1931 et
788 1893 989 1943 siqnorum
1003 1890 1156 1929 ratione
1170 1901 1205 1940 p.
1222 1888 1296 1926 369

350 1968 405 1995 ea:
428 1960 550 1995 mente
572 1955 866 2004 Hebraeorum,
889 1953 1203 2000 Chaldaeorum,
1227 1950 1300 1990 AE-

347 2018 571 2069 yyptiorum
594 2030 679 2069 pag.
705 2018 792 2057 371.

403 2081 594 2117 Mensium
621 2084 733 2116 notae
758 2090 841 2128 pag.
868 2077 954 2115 377.

406 2138 572 2177 Libellus
605 2139 650 2177 de
684 2138 866 2176 tonitruis
901 2138 948 2175 ad
994 2135 1297 2180 Herenfridum,

353 2212 469 2249 quem
489 2205 637 2250 patrem
663 2202 900 2238 Veneratum
916 2199 1101 2249 appellat,
1120 2209 1205 2247 pag.
1224 2194 1299 2233 387

354 2263 627 2300 translatusex
643 2263 801 2307 Graeco,
820 2262 983 2299 fortasse
999 2259 1081 2297 Joh.
1100 2255 1305 2298 Laurentii

357 2312 702 2374 l’lu'ladelph'iensis
718 2322 815 2375 Lydi
830 2354 837 2372 ,
852 2323 899 2361 de
915 2334 991 2372 quo
1011 2324 1049 2359 in
1066 2320 1302 2360 Bibliotheca

358 2387 502 2423 Graeca
529 2386 590 2423 lib.
618 2387 665 2423 lli
691 2396 773 2436 cap.
795 2386 842 2423 20
868 2395 951 2434 pag.
975 2384 1061 2422 5¹3.

408 2447 636 2485 I’ronostiea
660 2451 874 2498 temporum
898 2457 981 2496 pag.
1008 2446 1095 2491 390,

409 2510 595 2547 Mensura
615 2508 816 2560 Horoloyii
831 2520 916 2559 pag.
935 2508 1008 2548 392
1030 2507 1093 2546 ubi
1109 2510 1147 2544 et
1165 2503 1211 2542 de
1225 2502 1304 2542 clie-

360 2569 430 2608 bus
450 2571 691 2623 sfiyypte'aez's
716 2582 799 2622 pag.
821 2571 907 2609 394.

408 2632 576 2672 Libellus
591 2633 636 2672 (le
651 2631 872 2672 Astrolabio
888 2644 972 2683 pag.
999 2631 1086 2671 394.

410 2698 463 2734 De
484 2696 686 2734 nativitate
705 2694 909 2747 Insaniam
923 2706 1007 2745 pag.
1031 2692 1116 2733 397.

411 2761 464 2797 De
482 2759 690 2797 minutione
706 2756 910 2808 sanquinis
928 2768 1012 2807 pag.
1039 2756 1126 2794 398.

413 2823 467 2859 De
489 2824 631 2872 septem
653 2819 790 2859 Mundi
807 2816 1010 2858 miraculis
1027 2829 1111 2868 pag.
1139 2816 1225 2854 400.

413 2885 466 2921 De
486 2895 610 2931 anne,
634 2882 680 2921 de
702 2882 852 2920 ratione
876 2885 1090 2931 temporum
1105 2911 1115 2927 ,
1140 2877 1186 2916 de
1209 2875 1306 2916 cele-

365 2945 504 2985 britate
529 2950 763 2997 temporum,
785 2944 830 2982 (le
853 2943 978 2982 variis
1004 2940 1175 2994 computi
1193 2951 1310 2991 requ-

367 3007 412 3046 Iis
428 3041 436 3056 ‚
454 3009 634 3047 Carmina
655 3008 835 3046 versibus
855 3006 1093 3044 hexametris
1113 3015 1197 3055 pag.
1221 3003 1307 3041 404.

419 3069 627 3121 Dionysius
646 3068 692 3108 de
724 3067 862 3115 annis,
887 3068 1092 3106 trochaicis
1125 3064 1308 3104 versibus

370 3144 452 3181 pag.
479 3134 563 3171 413.

423 3192 586 3232 Libellus
610 3194 654 3232 (Ie
672 3194 823 3232 ratione
841 3191 1010 3243 computi
1026 3203 1094 3243 per
1116 3191 1311 3242 quaestio-

374 3265 442 3291 nes
463 3259 500 3290 et
516 3257 786 3304 responsiones
805 3268 888 3306 pag.
906 3255 991 3293 448.
1012 3254 1152 3293 Confer
1165 3252 1310 3292 Rabani

375 3315 513 3354 librum
531 3315 576 3352 de
591 3323 771 3366 computo
790 3346 796 3366 7
814 3318 1001 3367 scriptum
1019 3316 1130 3356 Anno
1144 3316 1310 3366 septimo

1374 275 1558 316 Ludovici
1592 277 1842 328 Imperatoris
1864 280 1904 316 et
1934 275 2081 316 editum
2106 286 2128 316 a
2163 276 2318 316 Baluzio

1372 340 1411 378 in
1435 338 1568 379 limine
1590 343 1684 378 tom.
1709 341 1737 378 Ι.
1760 339 1971 379 Miscellan.
1993 342 2034 376 et
2055 339 2318 390 Helpericum‚

1372 402 1438 452 qui
1463 402 1500 439 in
1524 402 1678 452 prologo
1698 402 1782 440 libri
1806 401 1854 439 de
1876 405 2087 451 computo,
2110 412 2229 452 quem
2245 399 2318 441 An.

1371 464 1446 503 930
1469 465 1710 514 composuit,
1734 464 1852 501 etiam
1876 462 2019 501 Bedam
2044 463 2189 502 laudat.

1423 526 1477 564 De
1496 525 1696 564 diiocleczm
1711 524 1831 576 siquis
1848 553 1856 573 ‚
1874 523 1921 562 de
1935 522 2133 563 aetatibus
2148 528 2222 563 etc.
2238 528 2330 564 car-'

1371 589 1500 627 mina:
1525 592 1563 626 et
1587 587 1830 627 PRlSClANI
1855 585 1903 624 de
1931 584 2183 624 Astronomia
2201 613 2211 629 ‚
2234 597 2308 637 pag

1374 651 1460 689 434.
1476 649 1725 689 MANFREDI
1746 649 1919 687 carmina
1933 658 2022 698 pag.
2038 647 2113 686 435
2136 650 2177 686 et
2192 647 2324 686 embo-

1373 712 1576 750 lismorum
1593 712 1707 758 ratio,
1723 711 1897 761 prosario
1914 720 2116 758 sermone,
2131 720 2217 761 pag.
2235 709 2320 749 450.

1373 774 1521 812 Versus
1562 772 1610 811 de
1648 772 1750 811 Urbe
1787 773 1908 810 Roma
1941 775 1981 810 et·
2017 772 2320 810 Treverensium

1374 847 1458 886 pag.
1487 835 1573 873 449.

1712 906 1742 944 Τ
1766 906 1798 945 O
1821 905 1857 945 M
1880 904 1912 943 Ο
1939 904 1986 944 ΙΙ.

1426 1022 1481 1061 Ds
1503 1033 1640 1060 rerum
1661 1010 1811 1060 natura
1835 1019 1956 1070 liber,
1978 1031 2070 1060 cum
2105 1021 2246 1072 glossis
2265 1020 2324 1059 in-

1373 1085 1469 1122 certi
1507 1085 1702 1133 auctoris,
1733 1083 1937 1122 Brideferti
1969 1082 2259 1130 Ramesiensis‚
2285 1086 2325 1121 et

1374 1146 1534 1184 Joannis
1570 1146 1794 1195 Noviomagi
1819 1156 1903 1196 pag.
1927 1146 1962 1184 4.
1998 1138 2111 1184 Hunc
2134 1146 2174 1182 et
2195 1143 2324 1195 proxi-

1376 1219 1484 1246 mum
1506 1207 1647 1246 librum
1668 1207 1794 1246 Bedae
1817 1218 1906 1246 esse
1926 1201 2086 1257 negavit
2100 1205 2325 1256 Stephanus

1375 1269 1514 1317 vitm,
1539 1270 1607 1308 sod
1632 1271 1770 1308 merito
1802 1270 2021 1320 refragante
2053 1268 2211 1307 Petavio
2238 1278 2324 1320 pag.

1380 1331 1454 1370 457
1479 1332 1602 1382 Epist.

1430 1393 1485 1431 De
1505 1397 1720 1445 temporum
1738 1392 1889 1432 racione
1906 1403 2021 1442 ‚cum
2043 1391 2222 1443 ejusdem
2241 1393 2325 1432 Bri-

1377 1454 1515 1493 deferti
1539 1460 1579 1493 et
1601 1456 1822 1505 Noviomagi
1848 1455 2005 1494 scholiis
2025 1465 2110 1505 pag.
2143 1455 2203 1493 43.
2225 1454 2325 1494 Cum

1377 1517 1517 1557 Codice
1559 1518 1650 1556 Bibl.
1695 1516 1941 1556 Cathedralis
1981 1517 2325 1568 Wirceburgensis

1377 1580 1562 1618 collatum
1587 1579 1692 1618 hunc
1715 1580 1858 1618 librum
1894 1578 1985 1618 vide
2012 1580 2049 1616 in
2078 1579 2135 1617 Jo.
2172 1578 2325 1629 Georgii

1376 1641 1533 1681 Eckarti
1570 1642 1872 1681 Commentariis
1904 1641 1952 1680 de
1990 1641 2108 1680 rebus
2143 1641 2326 1679 Franciae

1376 1703 1588 1742 Orientalis
1599 1707 1639 1741 et
1652 1703 1913 1754 Episcopatus
1923 1702 2167 1752 Wirceburg.
2183 1706 2276 1740 tom.
2293 1703 2324 1752 1,

1374 1776 1460 1815 pag.
1487 1765 1576 1804 825.

1424 1827 1479 1865 De
1502 1838 1580 1866 sese
1601 1825 1798 1865 aetatibus
1818 1823 1979 1876 Mundi,
2004 1825 2088 1865 sive
2110 1824 2326 1866 Chronicon

1371 1900 1393 1928 a
1417 1901 1549 1928 rerum
1582 1891 1728 1940 origine
1762 1900 1889 1940 usque
1912 1887 1959 1927 ad
2002 1899 2152 1927 nonum
2177 1899 2325 1928 annum

1372 1952 1512 1989 Leonis
1550 1953 1673 1991 Isauri
1694 1981 1702 2000 ‚
1725 1951 1857 1990 Mundi
1886 1949 2000 1989 4680.
2026 1950 2202 2000 (CHristi
2222 1948 2323 1999 726)

1370 2024 1454 2063 pag.
1482 2014 1568 2052 403.
1604 2013 1811 2064 Appendix
1840 2024 1861 2051 e
1882 2012 2051 2050 diversis
2072 2011 2320 2060 auctoribus,

1372 2085 1472 2122 quae
1490 2075 1525 2111 in
1551 2075 1763 2113 Basileensi
1784 2074 1952 2113 editione
1969 2072 2144 2122 subjecta
2164 2073 2326 2123 legitur,

1372 2146 1393 2172 a
1418 2136 1638 2174 Coloniensi
1655 2137 1776 2175 abest.
1799 2135 1997 2174 Prodierat
2018 2134 2090 2173 hoc
2107 2134 2327 2173 Chronicon

1373 2199 1527 2236 Parisiis
1547 2198 1650 2249 apud
1674 2200 1864 2236 Joannem
1894 2198 2072 2236 Potitum
2099 2196 2219 2246 4507,
2246 2197 2266 2235 4
2290 2201 2330 2235 et

1374 2270 1462 2297 cum
1481 2260 1638 2297 scholiis
1651 2260 1811 2298 Joannis
1831 2258 2099 2298 Bronchorstii
2119 2287 2127 2306 ,
2148 2258 2329 2298 Coloniae

1378 2322 1392 2359 4
1405 2321 1791 2360 2537.Conf‹—=1·0ndum
1805 2332 1961 2371 quoque
1977 2321 2194 2361 Chronicon
2205 2320 2325 2358 breve

1377 2382 1503 2421 Bedae
1519 2413 1526 2431 ⁷
1543 2383 1645 2433 quod
1663 2385 1935 2423 continuatum
1958 2394 2084 2433 usque
2105 2383 2152 2422 ad
2170 2381 2328 2422 Annum

1377 2445 1451 2484 840
1479 2456 1528 2483 ex
1552 2446 1628 2484 MS.
1654 2445 1796 2484 Codice
1819 2445 1940 2483 edidit
1960 2444 2138 2484 Andreas
2157 2444 2211 2484 du
2231 2444 2331 2484 Che-

1377 2518 1447 2546 sne
1457 2511 1549 2545 tom.
1558 2509 1608 2546 111
1621 2509 1855 2559 scriptorum
1863 2509 2040 2546 Francor.
2050 2518 2135 2558 pag.
2146 2508 2159 2546 4
2170 2506 2331 2546 25-429.

1434 2568 1548 2608 Liber
1563 2570 1608 2608 de
1625 2568 1862 2622 temporibus
1876 2569 1923 2608 ad
1934 2568 2225 2619 intelligendam
2240 2579 2332 2619 sup-

1381 2634 1622 2684 putationem
1640 2637 1863 2684 temporum
1881 2632 1985 2671 Sacr.
2007 2631 2230 2682 Scripturae
2246 2641 2330 2682 pag.

1382 2698 1455 2736 448
1478 2707 1568 2734 cum
1594 2695 1752 2734 scholiis
1770 2695 1827 2733 JO.
1851 2695 2086 2744 Noviomagi.
2116 2694 2334 2743 Fragmen⁴

1381 2763 1465 2798 tum
1483 2770 1531 2796 ex
1547 2758 1634 2796 Seb.
1652 2757 1841 2795 Munsteri
1859 2757 1922 2795 lib.
1944 2756 1979 2795 2.
2001 2754 2328 2805 Cosmographiae

1382 2819 1470 2858 vide
1506 2818 1609 2870 apud
1646 2819 1910 2858 Colomesium
1946 2819 1985 2856 in
2027 2816 2326 2868 paralipomenis

1384 2881 1432 2920 de
1457 2882 1493 2920 S.
1519 2883 1562 2920 E.
1587 2893 1674 2932 pag.
1700 2881 1790 2919 220.

1433 2941 1673 2992 Sententiae,
1699 2943 1783 2981 sive
1820 2940 2028 2980 aoez‘omata
2060 2937 2327 2991 Philosophiea

1381 3017 1429 3043 ex
1447 3005 1654 3044 Aristotele
1671 3033 1679 3053 ,
1696 3016 1781 3055 pag.
1807 3004 1894 3043 424.
1913 3002 2056 3041 Ordine
2075 3000 2327 3052 alphabetico.

1383 3069 1599 3120 Separatim
1620 3067 1785 3116 'saepius
1812 3065 1916 3103 edita
1934 3068 1987 3103 ut
2014 3061 2132 3102 Lond.
2169 3062 2270 3102 4592
2290 3062 2326 3100 8.

1384 3129 1607 3180 lngolstadii
1633 3128 1731 3168 4493
1757 3127 1780 3164 8
1800 3126 1955 3165 Parisiis
1980 3124 2080 3163 4604
2103 3122 2172 3160 81⁰

1437 3191 1655 3231 Sententiae
1674 3189 1714 3228 in
1735 3186 1932 3229 Ciceronis
1954 3186 2061 3225 libris
2081 3185 2132 3224 ΙΙΙ
2156 3183 2204 3224 de
2232 3184 2328 3224 Offi-

1383 3256 1478 3304 ciis⁷
1502 3265 1586 3305 pag.
1614 3253 1686 3291 466
1705 3251 1754 3290 de
1776 3249 1971 3296 Amicitia,
1995 3258 2079 3299 pag.
2098 3245 2172 3286 473
2189 3246 2237 3285 de
2251 3247 2326 3286 -Se-

1385 3320 1558 3364 nectute,
1582 3325 1667 3365 pag.
1693 3312 1778 3353 476.
1802 3310 2010 3352 Paradoxis
2031 3320 2116 3361 pag.
2142 3307 2228 3349 478.
2249 3310 2325 3350 Tu-
