2500 3841
878 205 1270 245 FLANDRIA

86 290 179 317 men
227 278 431 328 scriptoris
479 277 708 316 Marcellum
767 278 1042 329 l'alingenium

85 340 296 379 Stellatum
316 368 326 384 ,
344 339 418 377 hoc
449 344 512 377 est
543 340 842 391 Stellatensem,
868 340 916 379 de
942 339 1043 379 Stel-

84 402 185 441 latas
208 403 293 441 sive
315 400 492 440 Stellada
519 403 557 440 in
587 401 734 441 ditione
758 403 1013 449 Ferrariensi.

134 463 361 502 Dominicus
384 462 431 502 dc
450 460 715 512 FLANDRIA,
737 475 858 515 supra
875 476 916 515 p.
946 464 1037 502 647.

138 525 264 565 Guz'do
286 526 552 566 FLANDRIM
580 528 749 578 scriptor
775 527 921 576 libelli,
952 528 1038 564 sive

80 588 281 641 Epistolae
328 594 605 641 praesentatae
647 591 741 639 Regi
795 591 1038 628 Francorum

82 651 222 692 Carolo
240 651 315 699 VI,
344 651 418 690 An.
451 653 553 692 4402
578 663 633 690 eac
656 655 777 704 parce
809 650 947 691 Stadii
972 651 1039 688 To-

84 712 212 753 losani
229 713 269 752 in
290 712 397 766 facto
422 713 644 763 Ecclesiae,
669 714 857 753 damnata
882 714 1041 753 decreto

81 775 158 814 An.
179 776 280 815 4406
304 780 345 815 et
387 777 561 816 Concilio
598 778 718 816 Paris.
761 777 864 816 4408
907 776 1040 815 habito

81 837 278 878 adversus
299 839 474 878 fautores
501 841 601 879 Petri
624 839 672 878 de
698 841 834 888 Luna,
860 840 1042 889 siveABe—

82 900 230 940 nedicti
253 901 359 941 XIII·
382 902 482 942 Vide
502 903 709 942 Baluzium
726 902 776 940 ad
792 903 918 952 Papas
937 900 1042 939 Ave-

86 963 303 1003 nionenses
326 968 422 1003 tom.
448 966 485 1004 4.
504 977 591 1016 pag.
619 965 722 1005 4442
741 994 749 1012 ,
770 975 853 1014 seq.

137 1026 283 1064 Petrus
312 1026 606 1076 FLANDRINI,
636 1026 858 1067 Cardinalis
892 1026 930 1064 S.
966 1025 1046 1063 Eu-

85 1087 226 1126 stachii
250 1089 298 1127 ab
321 1088 396 1127 An.
416 1088 530 1128 4374.
559 1090 725 1140 Scripsit
750 1089 827 1127 An.
848 1088 942 1127 4384
970 1098 1039 1138 pro

84 1150 293 1189 Clemente
317 1152 413 1195 VII,
437 1156 576 1190 contra
601 1152 808 1191 Urbanum
833 1151 895 1199 VI,
919 1161 1041 1200 oppu-

84 1215 231 1263 gnatus
246 1224 268 1251 a
283 1214 398 1251 Petro
413 1212 721 1265 Archiepiscopo
733 1211 1040 1252 Toletano.Vide

85 1274 288 1314 Oudinum
318 1280 412 1313 tom.
453 1276 487 1314 3.
532 1288 621 1327 pag.
666 1277 761 1316 4494
807 1287 858 1314 ex
890 1274 1040 1314 Baluzii

85 1349 173 1389 pag.
195 1339 290 1378 4444
322 1342 363 1376 et
382 1338 632 1388 Raynaldum
654 1338 714 1377 Ad
736 1337 898 1377 Annum
923 1338 1038 1376 4384.

140 1399 427 1439 FLAVIANUM
463 1402 501 1438 in
538 1400 647 1449 libro,
687 1402 755 1452 qui
789 1399 835 1438 de
863 1398 1041 1450 vestiqiis

87 1460 414 1514 Philosophorum
448 1463 679 1502 inscribitur
703 1493 710 1512 ,
734 1462 870 1502 laudat
895 1462 1041 1500 Johan-

88 1535 160 1563 nes
190 1526 506 1574 Sarisberiensis,
536 1526 756 1564 Policratici
781 1527 865 1564 sive
889 1524 938 1563 de
961 1526 1041 1564 Nu-

87 1588 147 1638 gis
167 1583 460 1640 curialium'll,
485 1589 548 1628 26.
574 1588 634 1628 Ad
660 1589 764 1627 idem
795 1598 894 1639 opus
917 1587 1041 1637 respi-

84 1651 138 1689 cit
166 1651 347 1690 Flavium
378 1651 595 1690 identidem
618 1652 795 1703 allegans
819 1651 937 1699 VIII,
965 1651 1005 1688 44
1031 1680 1039 1698 ,

83 1717 124 1751 et
172 1713 234 1753 42.
278 1714 392 1753 Alius
434 1719 479 1754 ut
507 1714 669 1754 videtur
712 1715 953 1761 Flavianus,
992 1712 1041 1751 ad

87 1787 208 1825 quem
234 1776 464 1826 Symmachi
488 1778 615 1828 Epist.
648 1777 745 1815 libro
771 1777 794 1816 2
819 1783 859 1815 et
888 1777 955 1826 qui
984 1774 1044 1814 Vi-

85 1837 174 1877 rius
214 1839 480 1878 Nicomachus
517 1839 800 1879 FLAVIANUS
833 1839 878 1876 V.
917 1839 960 1877 C.
1002 1843 1042 1876 et

82 1900 310 1940 Historicus
342 1901 630 1941 disertissimus
659 1907 826 1941 vocatur
849 1902 887 1939 in
912 1902 1037 1940 veteri

88 1965 350 2015 Inscriptione
371 1965 475 2016 apud
496 1966 682 2005 Vossium
706 1977 792 2017 pag.
819 1965 894 2005 743
918 1995 925 2014 ,
955 1976 1036 2015 seq.

84 2027 286 2066 Valesium
310 2027 357 2066 ad
398 2028 599 2067 Ammiani
629 2030 819 2077 XXVIII,
844 2029 915 2067 ult.
950 2029 1038 2066 Rei-

84 2090 240 2128 nesium
281 2102 366 2141 pag.
409 2091 496 2130 444.
538 2093 720 2142 Inscript.
766 2095 807 2129 et
845 2091 1034 2141 Sponium

81 2153 190 2207 Misc.
214 2165 301 2204 pag.
329 2154 416 2193 423.
441 2153 555 2193 Alius
577 2159 685 2192 certe
706 2155 932 2201 Flavianus,
957 2153 1038 2192 An-

84 2214 295 2254 tiochenus
318 2217 565 2267 Episcopus,
590 2216 805 2256 defunctus
829 2217 933 2255 circa
957 2215 1038 2255 An—

83 2289 180 2317 num
210 2277 359 2318 Christi
393 2279 469 2318 303
507 2284 546 2317 et
586 2279 799 2318 Flavianus
837 2280 948 2319 CPol.
988 2279 1037 2318 ad

84 2350 205 2389 quem
226 2341 370 2379 Leonis
392 2342 440 2380 M.
468 2342 597 2393 Epist.
622 2343 677 2380 De
700 2345 869 2392 utroque
886 2341 1038 2380 dictum

88 2402 127 2439 in
156 2401 253 2440 Bibl.
281 2402 444 2442 Graeca.

142 2464 545 2505 FLAVINIACENSE
572 2465 793 2505 Chronicon
806 2497 817 2515 ,
833 2466 934 2504 insra
953 2466 1039 2504 HU-

85 2526 154 2566 GO
183 2525 297 2566 Flav.

138 2588 329 2628 Analecta
352 2594 703 2629 monumentorum
727 2589 1040 2630 CoenobiiFLA-

85 2648 402 2689 VlNlACENSlS
438 2661 460 2688 a
484 2651 731 2701 temporibus
756 2650 965 2701 Chilperici
990 2649 1038 2688 ad

87 2711 250 2751 Annum
275 2712 429 2752 CHristi
452 2712 554 2751 4085
582 2713 617 2750 in
638 2711 781 2750 Labbei
806 2716 900 2749 torn.
925 2713 959 2751 4.
979 2713 1041 2750 Bi-

87 2773 308 2813 bliothecae
338 2785 465 2813 novae
486 2775 594 2813 MSS.
618 2786 703 2825 pag.
730 2774 917 2814 269-272.

139 2837 354 2876 FLAVIUS
376 2835 563 2885 BIondus,
585 2837 633 2875 de.
657 2848 735 2887 quo
760 2841 786 2876 t.
819 2838 853 2876 4.
886 2849 923 2888 p.
951 2838 1040 2877 230.

141 2898 356 2938 FLAVIUS
386 2898 579 2939 Claudius
616 2898 843 2939 Gordianus
875 2899 1043 2951 Fulyen-

93 2959 170 3000 tius
188 2990 196 3006 ‚
223 2961 324 2999 infra
341 2991 349 3009 ,
369 2960 696 3002 FULGENTIUS.

144 3022 357 3062 FLAVIUS
377 3023 563 3075 Vopiscus
585 3025 837 3074 Syracusius,
854 3024 903 3062 de
928 3022 1043 3074 cujus

93 3084 189 3125 Vitis
212 3085 462 3135 quorundam
488 3087 792 3138 Imperatorum,
819 3098 919 3138 quos
945 3088 1046 3126 Con-

93 3148 259 3187 stantini
282 3149 410 3199 Magni
431 3150 677 3200 temporibus
699 3151 869 3199 scripsit,
895 3149 1044 3188 dictum

90 3210 188 3249 libro
219 3210 286 3248 111.
315 3210 580 3250 Bibliothecae
603 3214 762 3250 Latinae
784 3223 870 3262 cap.
895 3212 930 3248 6.

146 3271 496 3322 FLAUVALDUS,
519 3276 604 3312 sive
621 3274 948 3322 FLOWALDUS,
970 3276 1048 3313 Mo-

95 3333 250 3373 nachus
279 3336 515 3383 Remensis,
548 3335 650 3386 apud
683 3336 932 3387 Sigeum-tum
964 3348 1050 3386 cap.

1986 207 2064 246 575

1121 279 1186 317 434
1215 281 1256 316 et
1276 278 1538 316 Trithemium
1563 289 1648 327 cap.
1671 276 1748 315 307
1772 276 1821 315 de
1840 278 1878 315 S.
1893 277 1939 315 E.
1956 276 2021 315 lib.
2041 278 2064 316 2

1116 353 1200 392 cap.
1245 341 1294 379 68
1338 341 1480 379 illustr.
1523 339 1767 378 Benedictin.
1806 338 1904 378 Vide
1946 339 2064 387 infra,

1115 404 1462 443 FLODOARDL'S.

1167 465 1329 505 FLETA
1344 497 1353 514 ,
1376 477 1447 504 seu
1468 464 1775 504 commentarius
1796 464 1962 515 insignis
1981 494 1989 513 ,
2014 464 2068 502 fa-

1113 529 1213 567 ciem
1237 528 1351 568 Juris
1387 526 1599 578 Anylicani
1626 529 1800 576 veteris,
1826 527 1956 578 qualis
1993 526 2067 565 fuit

1113 590 1287 629 Eduardi
1306 591 1607 641 Ltemporibus,
1632 598 1839 641 exponens
1861 588 1977 627 libris
2003 588 2067 635 VI,

1116 657 1235 703 atque
1269 654 1325 691 sic
1361 657 1644 703 nuncupatuS,
1671 654 1763 703 quia
1789 654 1938 691 Auctor
1966 651 2070 690 Ano-

1115 726 1281 767 nymus,
1306 716 1373 766 qui
1399 717 1503 754 cirea
1526 715 1688 753 Annum
1715 716 1816 754 4300
1843 716 1929 754 illos
1953 716 2071 754 colle-

1114 780 1170 829 git
1212 789 1256 817 ac
1300 778 1540 828 descripsit,
1581 777 1654 815 hoe
1685 777 1776 815 fecit
1806 779 1843 815 in
1875 779 2068 826 Carcere,

1115 841 1182 890 qui
1218 839 1351 890 Anglis
1374 839 1546 890 prisona
1584 838 1630 877 de
1658 838 1766 877 Fleet
1793 851 1814 878 a
1857 840 2070 890 praeterla-

1114 901 1233 940 bente
1263 902 1424 940 fluviolo
1450 906 1736 953 nuncupatus,
1775 900 1891 951 cujus
1922 903 2071 940 mentio

1114 965 1153 1002 in
1178 964 1252 1002 hoc
1277 966 1361 1015 ipso
1379 965 1667 1003 commentario
1692 963 1757 1002 lib.
1778 963 1814 1002 2.
1832 975 1865 1002 c.
1891 964 1952 1002 30.
1974 964 2071 1003 Vide

1113 1027 1246 1077 Gangii
1278 1027 1517 1078 glossarium
1546 1027 1731 1065 Latinum
1755 1027 1790 1064 in
1823 1037 1921 1065 voce
1943 1025 2069 1073 Fletar.

1114 1093 1154 1127 et
1194 1089 1417 1128 Iohannem
1450 1089 1668 1127 seldenum
1700 1088 1980 1127 dissertatione
2023 1088 2070 1127 ad

1114 1152 1267 1190 Fletam
1313 1162 1398 1203 cap.
1442 1153 1492 1191 X.
1541 1152 1561 1202 ξ
1622 1152 1660 1190 3.
1698 1152 1766 1202 qui
1810 1152 1963 1202 primus
1999 1150 2072 1189 hos

1115 1215 1235 1253 libros
1258 1215 1439 1266 vulgavit
1464 1209 1629 1254 Londini
1656 1213 1778 1262 4647,
1800 1213 1836 1252 lt.
1860 1213 2071 1264 subjuncta

1115 1277 1268 1316 erudita
1298 1277 1498 1317 dissertat.
1539 1289 1640 1328 quae
1684 1289 1826 1316 recusa
1870 1282 1965 1315 tom.
2011 1288 2072 1315 se-

1114 1341 1243 1380 cundo
1268 1342 1426 1380 Seldeni
1446 1341 1646 1392 Operum,
1670 1341 1833 1379 Londini
1858 1339 1958 1379 4726
1980 1340 2043 1378 fol.

1168 1402 1386 1442 Guilelmus
1414 1405 1601 1451 FLETE,
1634 1415 1707 1443 seu
1735 1402 1910 1450 FLETA,
1941 1403 2070 1440 Pitseo

1114 1465 1298 1505 Fletaens
1323 1467 1514 1517 Anglicus
1534 1498 1544 1514 ,
1570 1465 1891 1517 Augustinianus
1917 1469 2071 1515 tempo-

1115 1531 1224 1569 ribus
1265 1529 1447 1569 Richardi
1480 1531 1543 1578 ΙΙ,
1579 1530 1681 1567 circa
1719 1529 1880 1567 Annum
1919 1528 2071 1567 CHristi

1118 1594 1217 1633 4380
1239 1592 1356 1643 cujus
1374 1591 1669 1645 praedictiones
1687 1590 1740 1629 dd
1756 1590 1901 1642 Anylos
1918 1595 1958 1629 et
1981 1591 2074 1641 Epi-

1115 1656 1238 1695 stolas
1263 1660 1347 1694 tres
1368 1655 1416 1694 ad
1439 1654 1599 1694 Ordinis
1621 1655 1682 1693 sui
1700 1655 1737 1692 in
1761 1654 1902 1705 Anglia
1920 1653 2074 1691 Profes-

1117 1729 1226 1756 sores
1250 1747 1257 1764 ,
1286 1717 1334 1756 ad
1359 1717 1648 1756 Provincialem
1678 1728 1828 1764 eorum,
1859 1715 1908 1754 ad
1940 1715 2075 1754 docto—

1118 1791 1182 1818 res
1225 1780 1484 1827 Provinciae,
1515 1779 1564 1817 ad
1594 1779 1737 1817 fratres
1768 1779 1806 1816 in
1844 1778 2073 1825 communi,

1117 1842 1341 1880 Christiana
1367 1841 1588 1880 eruditione
1611 1841 1750 1892 plenas
1771 1840 1909 1880 laudat
1932 1840 2076 1879 Baleus

1115 1905 1165 1943 Vl
1192 1934 1199 1952 ,
1233 1905 1274 1943 44
1304 1935 1310 1953 ,
1342 1908 1381 1942 et
1411 1916 1460 1942 ex
1491 1915 1536 1942 eo
1566 1904 1723 1942 Pitseus
1753 1915 1838 1954 pag.
1872 1903 1968 1951 524,
1990 1913 2074 1952 seq.

1165 1966 1186 1988 ³*
1215 1968 1253 2005 S.
1285 1967 1522 2006 Catharinae
1549 1967 1717 2005 Senensi
1743 1965 1947 2004 interdum
1972 1977 1994 2004 a
2015 1974 2076 2004 sa—

1110 2031 1187 2067 eris
1213 2029 1550 2077 confessionibus,
1581 2028 1630 2067 ad
1655 2039 1775 2079 quem
1801 2028 1986 2066 eiusdem
2012 2038 2074 2066 sa-

1111 2104 1201 2131 crae
1226 2093 1392 2142 virginis
1416 2092 1554 2130 literae
1585 2091 1781 2141 quaedam
1806 2090 1922 2129 datae
1947 2095 2065 2138 sunt,

1113 2154 1273 2204 scripsit
1288 2158 1445 2205 praeter
1467 2157 1598 2192 notata
1625 2153 1687 2192 hic
1712 2165 1734 2192 a
1759 2153 1962 2199 Fabricio,
1984 2154 2077 2192 Ser-

1111 2228 1262 2255 monem
1306 2216 1345 2254 in
1385 2215 1653 2255 reverenciam
1677 2217 1716 2254 S.
1741 2215 1986 2256 Catharinae
2009 2217 2078 2255 Se-

1111 2279 1256 2327 nensis,
1282 2280 1387 2330 quod
1413 2291 1461 2318 ex
1487 2278 1622 2319 Codici
1647 2279 1734 2318 MS.
1753 2280 1921 2318 Senensi
1944 2290 1986 2317 se
2012 2279 2080 2317 da-

1112 2346 1224 2381 turos
1254 2343 1293 2380 in
1322 2342 1583 2393 appendicem
1622 2342 1670 2381 ad
1703 2344 1828 2380 vitam
1861 2343 1899 2381 S.
1934 2341 2080 2381 Catha-

1112 2407 1220 2444 rinae
1241 2405 1415 2444 editores
1436 2405 1646 2443 novissimi
1672 2404 1848 2455 Operum
1870 2405 1908 2443 S.
1935 2404 2081 2444 Catha—

1112 2469 1220 2506 rinae
1250 2466 1574 2518 spoponderunt,
1607 2478 1679 2504 nec
1709 2467 1922 2517 obligatam
1954 2466 2073 2504 fidem

1113 2530 1330 2568 liberarunt
1353 2529 1451 2567 Vide
1476 2528 1704 2567 adnotation
1727 2559 1734 2577 ,
1760 2528 1807 2566 ad
1830 2529 1958 2578 Epist.
1990 2529 2078 2566 424.

1113 2593 1150 2630 S.
1182 2591 1417 2631 Catharinae
1447 2591 1546 2642 Opp.
1578 2595 1605 2629 t.
1631 2592 1654 2630 2
1678 2603 1713 2641 p.
1745 2590 1822 2629 725
1854 2591 2016 2640 scripsit
2036 2596 2077 2629 et

1114 2655 1380 2692 narrationem
1425 2653 1607 2704 specialis
1652 2652 1856 2691 doctrinae
1896 2652 2077 2692 ciusdem

1115 2717 1152 2755 S.
1183 2716 1379 2766 Virginis,
1409 2727 1529 2766 quam
1555 2717 1704 2767 pariter
1739 2728 1788 2754 ex
1809 2715 2079 2755 Areliivo‘Se—

1115 2778 1229 2816 nensi
1255 2788 1344 2816 sese
1369 2777 1547 2816 edituros
1573 2779 1646 2816 viri
1675 2778 1725 2816 illi
1752 2780 2077 2827 annunciarunt,

1117 2851 1246 2890 neque
1276 2839 1406 2879 adhuc
1437 2841 1473 2877 in
1505 2841 1707 2891 publicum
1752 2840 1937 2891 prodivit.
1983 2841 2080 2880 Vide

1116 2901 1353 2941 Gandolfurn
1387 2904 1424 2940 in
1455 2903 1743 2942 Dissertatione
1768 2903 1817 2942 de
1844 2905 1919 2944 CC.
1945 2904 2081 2956 Augu-

1119 2966 1316 3004 stinianis.

1169 3026 1365 3066 Johannes
1389 3028 1585 3067 FLETUS
1613 3028 1750 3067 itidem
1772 3028 1938 3079 Anglus,
1966 3029 2080 3070 Ordi-

1119 3091 1181 3128 nis
1212 3091 1249 3129 S.
1282 3090 1480 3129 Benedicti
1512 3096 1551 3128 ct
1583 3093 1794 3140 Presbyter
1819 3093 1857 3129 in
1887 3092 2079 3131 coenobio

1121 3152 1540 3190 Westmonasteriensi
1573 3153 1751 3192 suburbii
1784 3154 2076 3204 Londinensis,

1122 3214 1289 3264 scriptor
1307 3212 1499 3253 Clironici
1517 3215 1950 3256 II'es[monasteriensis
1965 3217 2078 3256 libris

1123 3274 1279 3313 duobus
1303 3279 1406 3312 teste
1423 3274 1562 3313 eodem
1586 3277 1715 3314 l‘itseo
1736 3287 1822 3327 pag.
1838 3276 1927 3316 8735.
1950 3276 2019 3316 ubi
2035 3283 2074 3315 et

1129 3333 1392 3374 [somnino-mn
1418 3336 1514 3375 liber
1538 3336 1660 3388 hujus
1691 3339 1717 3376 F
1723 3338 1790 3376 leti
1821 3344 2076 3379 memoratur.
