2500 3841
894 182 1391 223 BRACHARIUS

142 277 203 304 ma
220 263 300 303 Mitti
322 262 485 312 scripta,
504 261 650 310 Pragae
669 257 788 306 4563,
809 257 879 305 8“’,
898 257 936 294 in
957 257 1102 307 quibus

140 325 389 378 Opusculum
409 322 456 362 de
478 320 646 361 miseria
669 319 863 370 humana⁷
889 321 1013 372 (quod
1044 332 1105 359 se-

140 389 308 441 paratim
332 397 490 438 quoque
507 396 696 424 recusum
717 384 861 423 additis
877 385 981 422 notis
1003 385 1108 423 Hen—

143 451 252 502 ningi
275 449 485 498 Succovii,
519 447 768 488 Halberstad.
801 448 930 498 4623,
968 448 1037 498 8’“’,
1067 452 1107 486 ct

141 512 412 563 christophori
434 511 592 560 Graefii,
617 510 854 560 Altenburgi
873 509 993 556 4667,
1024 510 1105 559 42.)

143 576 316 616 Libellus
332 574 379 614 de
393 573 585 613 avaritia.
601 573 737 612 Oratio
747 585 826 625 pro
843 574 960 611 Petro
976 572 1112 613 Schot-

146 642 202 690 to,
225 636 520 689 Argentinensi.
544 638 781 688 Fragmenta
811 635 857 674 de
893 635 1109 676 Felicitate.

145 700 418 754 Epistolarum
435 699 533 739 libri
550 701 588 740 V.
600 699 746 750 quibus
761 699 904 738 deinde
918 701 1114 738 successit

146 765 260 805 Nova
274 762 548 817 Epistolarum
561 762 589 802 A
593 762 776 816 ppeudioe
794 762 842 801 ab
862 762 999 801 eodem
1013 763 1114 801 Tho-

146 839 213 867 ma
230 829 311 868 Miti
327 827 432 867 edita
450 826 541 866 ibid.
563 826 815 876 4570,8.Nec
831 838 909 864 non
927 827 1113 876 Farraqo

145 892 390 938 Poematum‚
414 891 452 941 c)
476 902 580 941 quae
607 890 706 928 varii
733 891 891 941 generis
918 901 996 928 non
1018 890 1115 928 infe-

146 954 209 992 lici
232 965 335 992 vcna
359 953 583 993 Bohuslaus
607 953 764 1003 effudit,
785 952 891 992 edita
914 958 955 992 et
992 954 1114 992 Maxi-

150 1016 311 1055 miliano
331 1017 365 1055 11
390 1017 549 1056 Caesari
573 1016 703 1056 dicata
725 1017 773 1055 ab
797 1016 935 1055 codem
963 1017 1114 1055 Thoma

148 1079 256 1127 Miti,
280 1078 586 1130 Nymburgcno,
609 1080 754 1129 Pragae
777 1078 896 1125 4570,
920 1080 955 1116 8.
976 1080 1019 1117 In
1051 1079 1113 1117 his

152 1139 547 1179 CarmenHeroicum
562 1140 608 1179 de
625 1139 720 1179 bello
743 1141 774 1179 T
771 1140 882 1179 urcis
898 1140 1112 1194 inferenda

149 1203 299 1254 Satyra
318 1201 358 1241 in
379 1215 509 1242 mores
529 1205 759 1253 Procerum,
775 1202 975 1243 Nobilium
990 1207 1028 1242 et
1041 1205 1114 1242 Po-

144 1263 355 1315 pularzum
389 1265 566 1305 Patriae.
612 1265 777 1317 Ecloya,
820 1266 904 1306 sive
944 1265 1113 1319 Idyllion

148 1327 299 1367 Budae.
319 1329 367 1367 In
383 1331 533 1381 tempus
542 1327 733 1367 brumale.
748 1330 805 1368 De
820 1341 939 1381 equO,
962 1328 1114 1369 Glonlca

149 1391 263 1430 dicto,
300 1392 358 1431 De
394 1391 596 1432 stam'slao
640 1391 795 1431 Polono.
849 1392 1113 1431 Praeconium

151 1453 278 1493 Divae
302 1454 488 1506 Viryinis.
511 1455 744 1505 Eleqiarum
762 1455 873 1494 varii
892 1459 1118 1507 aryumenti

150 1514 248 1555 libri
266 1517 319 1555 ΙΙ.
344 1517 627 1569 Epicediorum
660 1517 1043 1570 Epitaplziorumque
1072 1518 1117 1557 li-

150 1576 232 1617 ber.
254 1579 605 1631 Epiyrammatum
628 1579 725 1619 libri
744 1581 821 1619 III.
854 1583 924 1621 His
951 1581 1118 1633 subjun-

149 1645 241 1680 ctus
264 1641 301 1691 d)
325 1640 444 1681 Liber
466 1642 828 1693 Itliscellaueorum,
859 1646 945 1684 sive
965 1647 1116 1696 ipsius,

151 1706 236 1744 sive
261 1705 498 1745 familiarum
535 1707 746 1756 Bohuslai‚
791 1709 830 1747 in
854 1709 1000 1759 quibus
1030 1721 1126 1760 pag.

152 1767 307 1807 CCXII.
335 1767 509 1807 Carme-n
531 1768 586 1807 ad
607 1770 909 1820 quatuordecim
931 1770 1123 1809 Auoeilia-

154 1832 272 1879 tores,
295 1829 343 1877 de
367 1831 513 1880 quibus
541 1831 658 1880 vide,
683 1833 716 1870 si
740 1833 894 1883 placet,
922 1845 1024 1883 quae
1055 1844 1124 1871 no-

158 1894 241 1932 tavi
261 1895 299 1932 in
325 1894 613 1946 Bibliographia
635 1898 859 1947 antiquaria
882 1908 968 1947 cap.
990 1897 1077 1936 VIII
1100 1897 1121 1947 ἓ

154 1959 205 1998 22
229 1970 266 2009 p.
291 1959 381 1998 266.
406 1959 587 2010 Denique
603 1957 825 2010 Appendioe
842 1960 1075 1999 Poematum
1090 1960 1124 2008 e)

155 2031 249 2059 cum
272 2021 420 2072 Elogiis
441 2023 480 2060 in
505 2023 551 2060 D.
571 2022 834 2071 Bohuslaum,
857 2024 895 2061 in
921 2024 1067 2074 quibus
1086 2027 1127 2062 et

157 2083 337 2122 Roderici
365 2084 555 2123 Dubravii
586 2086 719 2123 Oratio
757 2097 838 2124 una
874 2096 968 2124 cum
996 2084 1130 2124 Indice

156 2145 424 2186 Bibliothecae
438 2148 463 2195 f)
486 2146 821 2186 Hassensteiniae.
846 2149 993 2199 Pragae
1012 2147 1129 2196 45703

158 2212 228 2251 8.'⁰
257 2212 303 2250 In
337 2210 411 2250 hac
443 2210 674 2262 Appendice
712 2212 840 2262 prImo
878 2211 963 2250 Ioco
994 2215 1129 2250 exstat

157 2276 328 2315 Carmen
347 2273 553 2312 heroicum
578 2272 625 2311 de
643 2272 812 2325 propris
834 2273 1127 2312 Germanorum

159 2335 342 2384 inventis,
364 2339 404 2374 et
422 2334 648 2374 adhortatio
663 2335 718 2374 ad
724 2335 1016 2387 praestandam
1031 2347 1128 2387 yra-

160 2398 364 2438 titudinem
409 2396 681 2437 inventoribus
728 2388 1049 2437 bombardarum'
1093 2402 1131 2437 et

155 2460 496 2512 elzalcoyraphiae.
521 2458 619 2500 Non?
636 2465 774 2511 putem
799 2460 905 2499 aliud
932 2462 1127 2511 scriptum

162 2534 253 2563 esse
277 2522 383 2572 quod
409 2523 656 2562 Trithemius
675 2535 761 2574 cap.
787 2523 863 2561 946
893 2534 994 2575 opus
1017 2535 1130 2574 prac-

158 2687 221 2719 bus
237 2683 374 2717 scholae
391 2683 515 2714 finibus
533 2691 610 2722 pag,
625 2683 666 2714 57
681 2691 752 2723 seq.
776 2682 951 2714 laudatum
981 2681 1139 2714 Colerum

163 2745 240 2778 pag.
257 2736 310 2767 55.

223 2786 257 2825 c)
279 2785 416 2818 colei-us
439 2792 503 2824 pag
534 2783 591 2816 49.

222 2837 257 2877 (1)
280 2837 416 2869 colorus
433 2844 509 2876 pag.
531 2833 584 2866 51.

222 2894 254 2922 e)
278 2887 362 2920 lbid.

223 2939 249 2978 f)
273 2939 363 2971 ldcm
386 2945 462 2977 pag.
490 2935 532 2967 45
548 2935 599 2967 46.
615 2936 664 2966 Ex
688 2932 803 2966 eadem
833 2932 1000 2973 profecere
1018 2935 1054 2964 B.
1070 2934 1136 2963 Lu-

164 2990 303 3027 iherus,
335 2988 546 3020 Melanctnon
579 2990 611 3017 et
637 2984 692 3016 alii
709 3009 718 3022 ‚
749 2987 786 3015 ut
812 2983 953 3014 Thomas
979 2984 1065 3014 Mitis
1095 2981 1135 3013 ad

167 3040 347 3080 Georgium
361 3037 553 3069 Fabricium
571 3048 579 3067 ε
595 3036 654 3067 Em
671 3033 891 3066 Bibliotheca
908 3032 1139 3064 Ilassenstei-

165 3090 279 3121 utana
299 3089 401 3121 DCC.
420 3086 610 3120 Volumina
622 3108 632 3124 ‚
650 3094 712 3126 per
729 3083 948 3117 Matthaeum
964 3082 1139 3122 Auroyal-

167 3140 260 3179 liam,
278 3139 320 3171 1).
338 3137 569 3179 Siyismundo
589 3145 611 3167 a
629 3135 850 3175 Lobkowiiz,
885 3131 1141 3172 Witteberyen-

166 3190 219 3221 sis
228 3189 441 3222 Academiae
453 3191 527 3219 tum
541 3185 711 3226 temporis
722 3183 863 3216 [lectori
878 3185 960 3212 sunt
970 3181 1138 3217 adducta,

165 3244 199 3271 et
219 3244 410 3280 postquam
428 3238 520 3269 satis
543 3237 602 3268 usi
614 3236 669 3267 his
692 3235 836 3276 fuerant
862 3232 1043 3264 Martinus
1074 3231 1142 3261 Lu-

168 3290 287 3321 iherus
303 3313 314 3330 ,
331 3289 522 3330 Philippus
539 3286 769 3320 Melancthon
789 3288 821 3316 et
845 3282 932 3322 alii,
956 3284 1141 3322 reportata

174 3338 487 3371 Chomotovensem
505 3338 544 3369 in
566 3344 685 3368 arcem
702 3338 766 3367 etc.

2063 184 2142 222 247

1178 255 1330 294 clarum
1355 254 1551 305 appellat,
1576 251 1623 291 cle
1647 251 1940 291 Germanorum
1965 257 2002 291 et
2023 253 2144 292 Italo—

1179 330 1272 356 rum
1291 315 1460 357 inventis
1478 314 1672 368 propriis.
1691 315 1752 353 Ex
1773 314 1996 355 Annalibus
2017 321 2057 355 et
2077 316 2147 355 ho-

1181 381 1386 431 doeporico
1414 378 1625 424 Bohuslai‚
1647 389 1748 428 quae
1769 389 1790 416 a
1812 377 1964 418 Thoma
1996 380 2079 418 Miti
2108 381 2148 418 in

1181 443 1359 494 Epistola
1383 442 1430 481 ad
1455 442 1668 492 Georgium
1692 440 1914 480 Fabricium
1937 442 1973 493 g)
1998 454 2151 481 memo-

1183 511 1319 554 ratur2
1343 504 1517 543 Annales
1542 514 1750 553 nunquam
1774 503 1902 542 editos
1925 509 2047 555 puto:
2078 506 2151 545 sed

1184 567 1466 621 hodoeporicon
1488 567 1526 616 h)
1556 570 1690 605 exstat
1714 567 1751 604 in
1777 567 1971 619 farragIne
1994 573 2153 618 poema-

1184 636 1295 681 tum,
1321 630 1419 670 libro
1439 630 1655 680 elegiarum
1680 628 1856 667 secundo
1885 642 1923 681 p.
1955 631 2079 670 LXIII
2109 636 2151 670 et

1186 695 1226 733 in
1249 693 1394 733 Nicolai
1416 692 1610 730 Reusneri
1646 690 1916 742 hodoeporicis
1931 724 1942 743 ‚
1976 694 2152 746 vulgatis

1186 757 1363 796 Basileae
1389 755 1515 805 4580,
1536 755 1572 792 8.

1240 817 1585 866 BRACHARIUS,
1611 828 1756 868 supra,
1779 816 2098 860 BACHIARIUS.

1241 880 1415 920 Jacobus
1430 880 1727 920 BRACELLUS
1746 880 1973 919 Genuensis
1995 884 2155 934 scripsit

1189 946 1296 985 culto
1313 955 1496 985 sermone
1520 943 1640 982 libros
1655 943 1687 982 V
1703 942 1752 982 de
1775 941 1871 981 bello
1892 942 1995 982 inter
2011 944 2155 996 Hispa-

1187 1021 1256 1049 nos
1273 1014 1311 1049 et
1329 1009 1553 1048 Genucii-ses
1570 1007 1618 1046 ab
1632 1005 1748 1045 Anno
1770 1006 1872 1046 44⁴2
1885 1006 1934 1045 ad
1953 1008 1966 1046 4
1981 1007 2068 1046 444.
2086 1009 2155 1058 qui

1189 1071 1368 1122 prodiere
1389 1081 1439 1108 ex
1460 1068 1632 1107 editione
1666 1066 1883 1118 Augustini
1911 1068 2153 1117 Justiniani7

1188 1134 1348 1172 Parisiis
1382 1133 1511 1182 ⁴520,
1538 1131 1574 1169 4.
1597 1134 1638 1169 et
1666 1141 1759 1169 cum
1782 1130 1962 1169 Johanne
1990 1132 2157 1170 Joviano

1187 1197 1363 1235 Pontano
1396 1194 1444 1233 de
1481 1193 1583 1232 bello
1624 1192 1904 1243 Neapolitano,
1949 1194 2156 1243 Haganoae

1190 1260 1290 1299 4530
1315 1262 1356 1297 et
1379 1258 1526 1296 Romae
1549 1254 1676 1304 4537,
1702 1254 1804 1294 4573
1843 1259 1882 1293 et
1919 1256 1959 1293 in
1998 1256 2157 1294 Graevii

1187 1322 1390 1361 Thesauro
1415 1320 1662 1370 Scriptorum
1682 1317 1817 1356 Italiae
1841 1322 1938 1357 tom.
1961 1318 1976 1356 I
2000 1319 2115 1357 Parte
2132 1319 2156 1357 2

1188 1389 1276 1436 pag.
1298 1384 1414 1423 4264.
1439 1384 1517 1421 Nec
1543 1393 1621 1419 non
1647 1380 1790 1420 librum
1815 1379 1862 1419 de
1877 1379 2001 1419 claris
2027 1380 2158 1419 Genu-

1190 1444 1350 1485 ensibus
1392 1444 1441 1484 ad
1479 1443 1728 1483 Ludovicum
1769 1444 1959 1482 Pisanum
1997 1444 2158 1482 Ordinis

1189 1508 1524 1555 Praedicatorum,
1540 1518 1633 1545 cum
1657 1507 1928 1557 superioribus
1952 1507 2060 1545 libris
2077 1507 2159 1546 edi-

1192 1576 1280 1611 tum
1301 1571 1473 1617 Parisiis,
1489 1571 1636 1609 Romae
1656 1572 1732 1607 etc.
1749 1573 1790 1607 et
1812 1568 1916 1607 Orac
1937 1568 2160 1620 Liqusticae

1193 1633 1494 1686 descriptionem
1518 1632 1568 1671 ad
1588 1631 1769 1670 Flavium
1793 1631 2001 1671 Blondum.
2024 1632 2161 1671 itidem

1192 1699 1340 1736 Romae
1362 1695 1481 1746 4573,
1508 1696 1529 1734 4
1551 1699 1591 1734 et
1614 1695 1653 1732 in
1676 1693 1859 1733 Andreae
1880 1694 2032 1733 Schotti
2050 1696 2162 1734 Italia

1193 1759 1389 1798 illustrata
1410 1770 1496 1809 pag.
1515 1756 1613 1808 637,
1638 1768 1712 1796 nec
1737 1768 1813 1795 non
1833 1758 1872 1795 in
1889 1756 2048 1797 Graevii
2062 1758 2091 1796 T
2096 1758 2163 1796 he-

1197 1832 1314 1860 sauro
1337 1821 1531 1859 Historiae
1554 1821 1690 1859 Italiae
1706 1824 1800 1857 tom.
1817 1821 1844 1858 I.
1865 1820 1963 1859 Vide
1978 1822 2163 1861 Vossium

1197 1884 1246 1923 de
1269 1885 1473 1923 Historicis
1490 1884 1640 1922 Latinis
1663 1895 1699 1934 p.
1719 1883 1794 1921 646
1815 1887 1855 1921 et
1869 1883 2045 1922 Diarium
2062 1884 2166 1922 Eru-

1199 1946 1372 1986 ditorum
1396 1946 1532 1985 Italiae
1553 1949 1660 1983 tomo
1684 1945 1818 1984 XXIII
1854 1956 1942 1996 pag.
1973 1945 2051 1984 367
2079 1956 2164 1995 seq.

1202 2010 1396 2049 Libellum
1412 2008 1459 2047 de
1469 2007 1704 2061 praecipuis
1722 2006 1940 2047 Genuensis
1958 2007 2075 2047 Urbis
2088 2009 2121 2047 F
2123 2021 2167 2046 a-

1201 2072 1324 2112 miliis
1341 2084 1433 2111 curn
1454 2072 1696 2123 praefatione
1713 2071 1762 2109 ad
1778 2072 1945 2122 Regium
1959 2073 2167 2122 Legatum,

1202 2137 1419 2174 Henricum
1443 2134 1491 2173 de
1515 2134 1654 2182 Merla,
1679 2133 1802 2172 edidit
1830 2135 2005 2173 Joannes
2036 2135 2171 2174 Mabil-

1204 2198 1335 2237 Ionius
1359 2198 1513 2236 itineris
1533 2197 1658 2235 Italici
1677 2208 1753 2248 pag
1782 2195 1982 2237 227-229.

1254 2259 1455 2313 Epistolae
1477 2260 1644 2299 Bracelli
1669 2270 1841 2298 excusae
1878 2261 2038 2299 Parisiis
2067 2260 2172 2312 apud

1200 2324 1443 2365 Ascensium
1461 2324 1563 2364 4520
1582 2323 1796 2362 nonnullae
1817 2324 1937 2362 etiam
1953 2323 2002 2362 ad
2022 2325 2172 2364 calcem

1201 2390 1353 2429 AEneae
1377 2387 1426 2426 de
1451 2386 1749 2425 immortalitate
1773 2386 2019 2436 anImorum‚.
2034 2388 2173 2425 Latine

1203 2451 1312 2494 versi
1340 2450 1389 2488 ab
1416 2448 1626 2488 Ambrosio
1657 2447 1966 2487 Camaldulensi.
2009 2447 2172 2487 Genua<-

1206 2512 1335 2560 4645,
1368 2512 1402 2549 4.

1260 2572 1282 2595 *
1304 2572 1636 2612 Animadvertere
1652 2570 1769 2621 juvat
1792 2571 1956 2609 Bracelli
1980 2568 2098 2609 libros
2123 2570 2171 2610 de

1206 2635 1307 2674 bello
1336 2635 1613 2685 HispanIensi,
1635 2633 1683 2672 de
1721 2633 1838 2671 claris
1862 2632 2145 2671 Genuensibus
2162 2662 2171 2677 ,

1206 2697 1512 2747 descriptionem
1537 2696 1729 2746 Liguriae,
1745 2694 2004 2744 epistolarum
2025 2693 2171 2732 librum

1208 2760 1371 2798 iunctim
1389 2768 1530 2796 omnes
1549 2756 1742 2808 prodiisse
1757 2767 1807 2794 ex
1822 2756 2053 2794 recensione
2068 2755 2170 2807 Aug.

1203 2821 1415 2861 ,Iustiniani
1451 2818 1543 2859 Ord.
1573 2817 1787 2857 Praedicat.
1813 2822 1853 2856 et
1875 2817 2060 2869 Episcopi
2095 2819 2172 2856 No·-

1204 2884 1352 2924 biensis
1374 2883 1532 2922 Parisiis
1555 2893 1617 2920 an.
1650 2881 1751 2920 ⁴520
1778 2881 1816 2918 in
1843 2880 1877 2918 4.
1912 2880 1957 2918 In
1987 2879 2164 2930 Epistola

1203 2958 1298 2986 vcro
1321 2945 1500 2985 eiusdem
1521 2943 1732 2994 Augustini
1756 2942 1806 2982 ad
1828 2943 2025 2981 Renatum
2042 2940 2091 2980 de
2107 2952 2170 2980 sa-

1203 3008 1345 3048 baudia
1369 3008 1465 3046 haec
1485 3007 1559 3058 legi
1579 3006 1628 3045 de
1650 3005 1789 3044 eodem
1811 3004 1997 3043 Braccllo.
2022 3002 2171 3055 Philip-

1201 3081 1279 3123 pus
1298 3068 1361 3107 ille
1380 3067 1601 3108 Beroaldus
1622 3066 1838 3120 aliquando
1858 3066 1912 3105 ad
1928 3078 1989 3105 me
2008 3065 2170 3119 scripsit

1208 3133 1336 3173 visam
1353 3130 1432 3172 sibi
1445 3130 1620 3170 Bracelli
1637 3131 1853 3170 orationem
1869 3128 2061 3171 Caesaris
2074 3141 2170 3183 per-

1265 3276 1299 3316 gi
1318 3273 1482 3307 Laudatus
1501 3274 1635 3307 colorus
1660 3282 1733 3315 pag.
1755 3274 1806 3306 55.

1267 3325 1303 3365 Ii)
1328 3325 1373 3357 Id.
1400 3333 1474 3365 pag.
1500 3323 1550 3356 14.
