2500 3841
811 217 1325 259 EBERHARDUS

70 289 283 328 Carmelita
304 289 408 325 eirca
436 285 599 324 Annum
626 286 744 326 4403.
773 287 901 338 Cujus
934 291 1025 327 Pos-

71 351 238 389 sevinus
262 353 301 388 et
321 358 408 398 pag.
435 347 525 386 324.
563 346 750 397 Alegrius
791 350 887 388 nihil
918 350 1024 390 aliud

67 415 304 458 memorant,
329 420 451 460 quam
469 410 682 449 Sermones
703 423 772 461 per
789 412 1023 450 Adventum

67 478 111 513 ct
132 484 202 523 per
224 471 579 522 Quadragesimam
599 502 607 518 ,
633 473 859 524 librumque
884 473 930 511 (le
954 473 1026 511 tri—

63 533 167 586 plici
181 532 279 573 vita.

117 594 456 636 EBERHARDUS
487 594 533 640 de
572 596 826 646 Ferentinis,
865 598 1025 637 Ordinis

65 658 386 698 Praedicatorum
410 658 640 697 Provinciae
671 659 914 708 Tolosanae,
945 666 1025 701 tra—

66 724 200 761 ctatus
220 730 344 771 super
368 722 489 759 totum
516 719 696 774 Officium
718 722 891 771 Missae,
918 734 1026 761 com-

65 783 220 834 positus
234 782 310 822 An.
328 783 431 822 4339
449 787 490 821 et
506 782 733 834 descriptus
752 795 874 822 manu
890 784 1023 836 Jacobi

66 844 227 884 Schuch
260 844 309 884 de
332 845 523 896 Eslingen
549 845 623 884 An.
650 846 766 885 4454.
792 847 872 884 MS.
898 847 936 884 in
961 848 1024 884 Bi-

63 905 262 945 bliotheca
300 906 522 956 Caesarea,
562 912 668 946 teste
720 907 928 946 Lambecio
974 908 1020 946 ΙΙ.

61 979 151 1019 pag.
178 967 292 1008 775.-

116 1029 453 1070 EBERHARDUS
481 1030 529 1070 de
567 1033 606 1071 S.
640 1031 825 1081 Quintiae
861 1031 1022 1070 Ordinis

61 1091 414 1141 praedicatorum,
448 1093 565 1143 cujus
588 1095 800 1133 Sermones
826 1093 1019 1144 quosdam

62 1153 140 1193 An.
163 1153 280 1193 4273.
305 1156 466 1193 Parisiis
492 1155 648 1194 habitos
672 1161 882 1195 enumerat
910 1157 1023 1194 Jaco-

62 1216 141 1255 bus
164 1216 304 1262 Quetif
327 1221 423 1255 tom.
442 1219 478 1256 4.
501 1229 589 1268 pag.
612 1219 702 1257 267.

113 1277 453 1318 EBERHARDUS
483 1278 783 1319 Ratisbonensis
818 1280 1024 1320 Archidia-

61 1350 200 1379 conus.
222 1350 344 1391 supra
361 1369 371 1389 ,
393 1338 661 1380 Eberhardus
674 1341 918 1381 Altahensis.

14 1415 36 1429 ⁸·
114 1403 156 1442 S.
169 1402 477 1443 EBERHARDU
481 1404 508 1442 S
523 1404 701 1454 Noricus,
714 1416 764 1443 ex
780 1405 1020 1455 Biburgensi

60 1463 214 1504 Abbate
236 1464 575 1516 Archiepiscopus
595 1464 933 1516 Salisburyensis,
955 1466 1023 1505 de—

64 1527 226 1567 functus
249 1526 323 1566 An.
349 1528 453 1567 4464
478 1540 500 1567 a
520 1529 671 1579 Gangio
700 1534 740 1567 et
764 1529 852 1567 aliis
880 1529 1024 1579 quibu-

61 1589 174 1629 sdam
198 1589 430 1641 perhibetur
453 1594 593 1629 auctor
621 1590 729 1630 Vitae
745 1592 784 1630 S.
806 1590 1020 1639 Harth'ei,

60 1653 245 1703 Episcopi
265 1652 597 1703 salisburgensis,
625 1654 792 1691 extincti
811 1653 885 1692 An.
904 1654 1019 1692 4023.

59 1714 139 1753 Sed
166 1714 274 1753 illam
300 1715 462 1765 scripsit
485 1715 631 1765 aliquis
654 1727 704 1753 ex
735 1716 774 1754 S.
799 1715 1020 1754 Eberhardi

60 1775 183 1825 hujus
205 1775 439 1827 discipulis,
468 1779 536 1827 qui
571 1779 677 1815 circa
714 1777 876 1816 Annum
917 1778 1019 1815 4486

60 1838 216 1884 floruit,
241 1842 288 1877 ut
316 1849 438 1889 supra
468 1850 555 1888 pag.
581 1839 657 1876 486
692 1838 775 1888 jam
815 1840 1016 1877 annotavi.

59 1900 157 1939 Vide
180 1899 282 1939 Aeta
307 1901 546 1939 Sanctorum
579 1905 678 1939 tom.
707 1902 742 1939 6.
781 1901 889 1938 Jnnii
928 1912 1014 1951 pag.

62 1964 137 2003 429
163 1967 205 2001 et
230 1968 326 2002 tom.
353 1963 388 2001 4.
413 1974 501 2014 pag.
526 1963 596 2002 264
628 1963 693 2002 ubi
719 1968 801 2002 vita
835 1962 1018 2013 ejusdem

58 2023 281 2064 Eberhardi
296 2035 320 2062 a
342 2023 536 2074 discipulo
557 2026 717 2075 scripta,
738 2036 788 2062 ex
808 2025 1019 2063 Canisiana

60 2087 235 2125 editione
275 2085 501 2124 exhibetur.
543 2085 682 2124 Oratio
728 2086 1018 2125 EBERHARDI

58 2148 265 2188 Truchsen
275 2146 572 2198 Archiepiscopi
582 2147 754 2198 junioris
767 2148 814 2186 ab
826 2148 898 2186 An.
914 2148 1016 2187 4200

58 2211 106 2250 ad
145 2209 264 2250 4247.
305 2210 623 2261 Salisburgensis
661 2209 708 2248 de
752 2208 1022 2249 Hildebrandi

19 2303 22 2305 .
57 2272 402 2313 Anti-Christiano
434 2272 606 2323 Imperio
642 2271 750 2311 dicta
774 2273 811 2310 in
838 2273 1019 2311 Comitiis

58 2335 416 2374 Ratisbonensibus
438 2334 514 2372 sub
537 2333 735 2373 Friderico
758 2335 805 2372 ΙΙ.
846 2335 1020 2385 Impera-

59 2402 145 2436 tore
168 2396 336 2444 habitis,
362 2395 466 2447 apud
492 2395 741 2434 Aventinum
765 2396 849 2435 Vll.
875 2394 1018 2434 Annal.

60 2469 148 2510 pag.
174 2458 251 2496 684
265 2463 306 2496 et
322 2457 560 2496 Goldasturn
577 2459 615 2496 in
633 2454 901 2509 Apologiapre
918 2458 1022 2495 Hen-

61 2522 143 2558 rico
167 2524 312 2570 quarto
332 2531 421 2571 pag.
446 2519 540 2558 237.

100 2581 136 2617 ⁷*
162 2580 427 2620 Eberhardus
465 2581 764 2632 Teyernseensis
802 2580 1023 2618 monachus

60 2643 110 2682 ab
135 2654 202 2682 an.
229 2643 335 2683 4002
375 2645 536 2694 scripsit
564 2643 753 2694 epistolas
783 2642 928 2680 breves
951 2653 1025 2680 un-

62 2704 190 2744 decim
211 2705 397 2756 vulgatas
413 2717 435 2745 a
450 2707 521 2744 PP.
542 2707 617 2744 Pez
637 2708 678 2743 et
697 2704 854 2742 Hueber
874 2705 911 2740 in
930 2702 1022 2741 Cod.

59 2766 270 2817 Diplomat.
299 2778 388 2818 pag.
420 2768 511 2807 435.

0 2871 1 2874 ¹
114 2827 452 2876 EBERWINUS,
495 2828 582 2866 aliis
627 2826 879 2865 EBROINUS
901 2857 909 2875 ‚
956 2826 1020 2864 vel

62 2887 365 2937 EVERVINUS‚
397 2888 473 2927 sub
504 2888 653 2926 saeculi
682 2887 883 2925 undecimi
912 2887 1022 2925 initia

0 2976 1 2985 ,
63 2948 198 2987 Abbas
222 2948 261 2988 S.
286 2950 443 2989 Martini
467 2948 740 2998 Trevirensis⁷
767 2948 927 2986 Ordinis
951 2949 1023 2987 Be-

66 3009 255 3049 nedictini
274 3042 286 3061 ‚
327 3012 487 3063 scripsit
537 3010 662 3049 Vitam
696 3011 735 3049 S.
775 3009 1018 3060 Maynerc‘cz',

1098 288 1273 338 reclusi,
1298 292 1364 340 qui
1390 289 1496 328 diem
1532 291 1606 329 An.
1632 291 1734 329 4035
1757 289 1878 339 obiit,
1905 290 2061 328 Sancti-

1101 362 1200 401 sque
1227 352 1455 403 adscriptus
1479 357 1542 390 est
1577 352 1650 391 An.
1692 352 1794 391 4042
1824 351 1982 390 obviam
2019 353 2057 389 in

1102 413 1243 451 iisdem
1268 413 1379 452 Actis
1405 416 1440 453 4.
1478 416 1587 453 Junii
1614 420 1709 453 tom.
1733 416 1767 454 4.
1793 425 1880 465 pag.
1897 414 1946 451 89
1963 415 2057 451 etin

1099 475 1307 514 Mabillonii
1333 476 1419 514 Sec.
1452 477 1514 515 VI.
1554 477 1799 515 Benedictin.
1837 487 1925 526 pag.
1966 475 2058 514 372.

1100 538 1203 575 Ilaec
1224 539 1306 576 vita
1324 538 1372 576 ab
1397 539 1614 577 Eberwino
1636 538 1765 577 dicata
1791 543 1854 576 est
1874 539 2058 588 Popponi7

1099 599 1404 650 Archiepiscopo
1421 601 1662 648 Trevirensi‚
1688 601 1755 650 qui
1780 600 2054 650 praesulatum

1101 661 1210 699 illum
1238 663 1362 711 gessit
1386 662 1436 699 ab
1460 663 1533 700 An.
1558 662 1662 700 4016
1685 662 1731 700 ad
1760 662 1873 700 1047.

1151 723 1452 761 EBRACENSE
1478 723 1768 773 Neerologiurn,
1788 724 1972 762 Coenobii
1994 724 2059 761 Ci-

1098 785 1330 822 sterciensis
1356 785 1393 821 in
1433 783 1603 822 dioecesi
1642 784 1988 835 wirtzburgensi,
2023 797 2056 833 a)

1099 846 1306 897 vulgatum
1329 846 1377 884 ab
1398 845 1553 896 Iynatie
1580 845 1732 897 Gropp,
1756 846 2058 885 Bibliothecario

1097 907 1311 946 Ebracensi
1336 937 1344 952 ,
1371 908 1410 944 in
1436 910 1710 947 monumentis
1735 907 2057 958 sepulchralibus
2086 909 2091 914 ’

1095 969 1403 1008 Ebracensibus.
1435 970 1631 1020 Herbipoli
1659 969 1760 1009 4730
1789 971 1826 1006 in
1860 968 1896 1007 4.

1141 1031 1441 1079 EBRARDUS,
1478 1043 1596 1082 supra
1613 1063 1623 1080 ,
1649 1031 1996 1071 EBERHARDUS.

1152 1094 1425 1143 EBROINUS,
1446 1094 1537 1132 vide
1555 1125 1564 1140 ,
1582 1094 1880 1132 EBERVINUS.

1149 1157 1427 1206 ECBERTUS⁷
1447 1153 1680 1205 licii-bertus,
1699 1153 1912 1207 Eybertus,
1934 1153 2058 1193 Eche-

1024 1231 1031 1236 ·
1099 1217 1246 1266 bertus.
1271 1218 1606 1270 Archiepiscopus
1627 1219 1676 1257 ab
1700 1218 1774 1257 An.
1799 1217 1877 1256 732
1898 1217 1946 1256 ad
1966 1217 2054 1256 767.

1097 1279 1380 1329 Eboracensis,
1400 1281 1447 1319 ad
1467 1292 1587 1331 quem
1605 1291 1682 1318 non
1704 1279 1771 1318 diu
1792 1284 1885 1318 ante
1903 1279 2056 1319 obitum

1098 1354 1217 1381 suum
1247 1344 1407 1393 scripsit
1432 1342 1565 1381 BEDA
1596 1342 1816 1393 Epistolam
1855 1341 1904 1379 de
1943 1341 2058 1380 Chri-

1097 1406 1215 1443 stiani
1236 1405 1436 1443 Praesulis
1452 1405 1591 1451 officio,
1618 1409 1662 1443 ut
1689 1404 1769 1442 dixi
1795 1408 1890 1442 tom.
1913 1406 1947 1442 4.
1965 1415 2054 1454 pag.

1100 1467 1188 1506 480.
1213 1466 1342 1516 Hujus
1366 1467 1528 1516 Egberti
1555 1465 1764 1516 Dialoqum
1787 1465 1833 1504 de
1856 1465 2055 1505 Ecclesia-

1096 1529 1196 1568 stiea
1235 1528 1474 1567 institutione
1522 1533 1612 1579 post
1663 1528 1877 1567 editionem
1922 1528 2056 1567 Jacobi

1097 1591 1256 1629 Waraei
1293 1591 1582 1629 Dublinensem
1623 1590 1725 1629 4664
1764 1592 1801 1628 in
1841 1592 1877 1628 8.
1917 1590 2053 1629 recudi

1095 1654 1187 1692 fecit
1210 1654 1405 1692 Henricus
1439 1652 1688 1691 Warthonus
1714 1653 1838 1691 Lond.
1860 1654 1989 1700 4693,
2017 1654 2051 1691 4.

1093 1727 1185 1753 cum
1197 1714 1921 1765 nonnullisBedaeopusculis.Exstat
1932 1717 2052 1754 etiam

1094 1778 1132 1814 in
1155 1776 1395 1815 editionibus
1419 1777 1686 1815 Conciliorum
1713 1777 1936 1825 Labbeana,
1961 1778 2057 1815 Har-

1092 1838 1279 1876 duiniana
1305 1843 1345 1876 et
1365 1838 1516 1876 Veneta
1546 1839 1672 1878 Coleti
1697 1840 1746 1878 ad
1769 1838 1933 1878 Annum
1962 1839 2052 1878 747.

1093 1901 1135 1938 In
1160 1900 1297 1938 iisdem
1321 1900 1589 1939 Conciliorum
1614 1900 1870 1950 editionibus,
1889 1903 1994 1940 sicut
2016 1903 2052 1939 in

1091 1962 1211 2012 Regia
1245 1973 1405 2011 quoque
1430 1963 1620 2011 leguntur
1653 1968 1843 2014 excerpta
1881 1974 1930 2001 ex
1965 1962 2054 2014 ejus

1094 2022 1446 2063 Constitutionibus
1467 2022 1775 2073 Ecclesz'astieis,
1801 2024 1837 2073 h)
1863 2036 1966 2075 quas
2005 2024 2054 2063 ab

1092 2085 1308 2130 HUCARO,
1327 2086 1405 2124 fani
1426 2086 1614 2124 Germani
1635 2087 1672 2124 in
1693 2087 1850 2126 Corinia
1865 2088 2050 2134 DiaconQ

1094 2146 1272 2186 studiose
1289 2148 1326 2184 in
1344 2146 1639 2197 compemdium
1650 2147 1833 2186 redactas
1849 2152 2052 2186 testantur

1092 2208 1290 2247 Lelandus
1305 2219 1389 2258 cap.
1403 2209 1500 2246 85et
1515 2209 1673 2247 Pitseus
1688 2220 1726 2259 p.
1749 2210 1836 2248 454.
1853 2210 1885 2257 c)
1903 2209 2050 2248 CXLV.

1095 2269 1282 2322 Capitula
1303 2282 1322 2309 e
1342 2269 1458 2308 dictis
1474 2273 1513 2308 et
1531 2268 1761 2310 Canonibus
1784 2272 1855 2310 SS.
1872 2271 2050 2309 Petram.

1095 2331 1284 2384 Capitula
1307 2333 1442 2372 XXXV
1475 2344 1526 2371 ex
1563 2333 1723 2372 Eeberti
1750 2332 2050 2382 Poem'tentiali,

1094 2394 1200 2444 quod
1220 2405 1321 2444 opus
1342 2395 1380 2432 in
1401 2398 1574 2444 quatuor
1609 2394 1731 2432 libros
1765 2395 1961 2435 tributum
1977 2426 1988 2444 ,
2014 2396 2050 2432 in

1094 2457 1216 2494 variis
1236 2456 1400 2506 Angliae
1423 2456 1678 2494 Bibliothecis
1701 2457 1779 2495 MS.
1799 2458 1951 2495 servari
1977 2458 2049 2496 Ca-

1095 2528 1198 2556 veus
1238 2518 1415 2555 notavit:
1456 2519 1634 2567 Utraque
1667 2519 1822 2568 primus
1858 2519 2052 2569 vulgave-

1097 2583 1158 2617 rat
1180 2580 1376 2617 Henricus
1395 2579 1688 2628 Speelmannus
1724 2584 1820 2618 tom.
1846 2582 1880 2619 4.
1912 2581 2052 2619 Conci-

1098 2642 1240 2679 liorum
1263 2640 1429 2690 Angliae
1446 2671 1456 2688 ,
1483 2639 1604 2678 Lond.
1632 2641 1734 2679 4639
1753 2670 1760 2688 ,
1783 2641 1845 2679 fol.
1869 2653 1956 2692 pag.
1972 2642 2050 2681 258

1100 2702 1190 2741 276.
1210 2701 1384 2741 Exhibet
1414 2702 1544 2751 priora
1567 2703 1687 2740 etiam
1708 2703 1912 2742 johannes
1938 2705 2052 2743 Mori-

1097 2774 1175 2802 nus
1192 2764 1230 2800 in
1253 2762 1388 2812 silloge
1410 2764 1752 2813 poenitentialium
1774 2770 1956 2804 veterum
1975 2795 1983 2813 ,
2001 2765 2049 2803 ad

1094 2825 1244 2863 calcem
1265 2825 1396 2875 operis
1420 2824 1469 2863 de
1491 2827 1748 2875 poenitentia,
1769 2832 1858 2877 post
1878 2828 2046 2878 primam

1095 2887 1357 2925 Parisiensem
1399 2886 1615 2926 editionem
1656 2889 1730 2927 An.
1770 2890 1885 2928 4631.
1918 2892 2046 2929 recusi

1148 3027 1182 3066 a)
1204 3030 1413 3066 Fortgesetze
1436 3028 1628 3069 sammlung
1652 3037 1717 3062 von
1743 3030 1837 3062 Alten
1861 3033 1929 3063 und
1943 3033 2053 3064 Neuen

13 3078 17 3085 '
65 3072 635 3124 Confessoris‚Archiepiseopi
650 3072 900 3110 Trevirensis
915 3071 1019 3109 eirca
1084 3079 1121 3108 Α.
1147 3076 1228 3107 1752
1250 3084 1326 3116 pag.
1347 3076 1421 3108 264.

65 3134 229 3174 Annum
246 3136 336 3175 596.
353 3146 455 3186 quae
471 3146 563 3174 cum
582 3135 687 3173 notis
709 3134 875 3171 Joannis
889 3133 1021 3183 Bapti-

35 3227 39 3230 .
68 3199 154 3234 stae
179 3196 318 3236 Solerii
347 3196 453 3236 edita
473 3200 535 3235 est
560 3197 598 3234 in
632 3194 744 3234 Actis
781 3194 1019 3233 Sanctorum

1147 3126 1182 3164 b)
1207 3125 1296 3157 Adde
1319 3127 1490 3158 oudinum
1514 3131 1595 3159 tom.
1621 3127 1634 3158 1
1662 3137 1737 3169 pag.
1763 3128 1856 3161 1794.
1879 3139 1949 3171 seq.

1148 3175 1180 3214 c)
1203 3178 1273 3206 Non
1297 3175 1356 3206 soli
1380 3175 1522 3207 Ecberto
1547 3180 1660 3209 omniu
1683 3179 1861 3211 tribuenda
1879 3189 1972 3219 esse,
1999 3181 2053 3213 di-

1089 3228 1201 3265 sputat
1237 3224 1450 3256 Clarissimus
1475 3227 1698 3268 Gundlingius
1724 3230 1759 3259 in
1789 3231 2047 3272 Gunulingianis

71 3259 164 3296 tom.
183 3258 218 3297 6.
244 3259 335 3300 Julii
359 3260 410 3300 25
432 3270 518 3311 pag.
556 3258 630 3298 483
666 3256 792 3296 Vitam
827 3255 1020 3296 Simeonis
1087 3276 1252 3305 xxxviii.
1275 3281 1350 3314 pag.
1374 3275 1447 3306 ⁶258.
1470 3283 1540 3315 seq.

1661 3321 1710 3356 (32
