2500 4009
361 208 438 246 262

410 277 724 325 BROCARDUS,
748 278 833 315 sive
858 270 1193 315 BURCHARDUS
1221 277 1323 316 Teu-

356 341 513 379 tonicus
532 341 735 379 lieincccio
760 337 1037 389 Westphalus,
1062 338 1149 377 aliis
1169 338 1322 390 Argen-

356 404 588 449 toratensis,
634 400 792 440 Ordinis
830 399 1148 440 Praedicatorum
1167 432 1176 451 ,
1204 400 1320 441 Anno

358 464 459 502 1222
482 466 627 501 missus
649 463 685 499 in
711 466 859 500 terram
889 466 1071 502 sanctam
1090 468 1132 502 et
1154 476 1225 515 per
1252 464 1320 504 de-

354 536 440 563 cem
465 529 589 562 annps
611 524 646 560 in
673 535 719 561 ea
742 529 1039 564 commoratus:
1072 525 1164 565 hinc
1193 527 1320 567 redux

354 586 443 623 inde
461 586 670 635 descripsit
686 587 790 625 circa
799 586 962 626 Annum
975 589 988 626 1
999 588 1076 627 240
1089 587 1320 641 descriptio-

350 658 436 684 nem
459 650 592 685 terrae
611 651 773 687 sanetae
795 648 916 699 (unde
938 661 1084 689 nomen
1104 652 1138 690 ei
1160 653 1321 692 Brocar-

350 709 398 747 do
422 707 468 747 cle
493 713 618 748 monte
637 710 752 760 Sion)
778 711 828 750 ad
859 712 1021 751 fratrem
1041 714 1318 755 Burchardum

348 773 551 811 Lectorem
569 772 729 812 Ordinis
743 774 1063 814 Praedicatorum
1085 777 1122 814 in
1132 778 1321 828 Mayden-

349 835 486 873 burch.
513 836 640 874 Locus
663 837 805 886 capitis
824 836 907 875 VII.
931 838 969 875 in
993 849 1072 888 quo
1085 838 1190 878 Anni
1213 842 1315 880 1283

347 898 512 946 mentio,
539 899 576 935 in
601 898 687 936 aliis
717 900 879 938 excusis
902 904 943 939 et
965 902 1086 940 MStis
1111 914 1189 941 non
1223 904 1318 954 legi-

347 965 432 1008 tur,
457 965 501 999 ut
525 971 547 999 a
571 961 613 999 Β.
639 961 886 1012 Staphorstio
908 968 1043 1002 nostro
1067 964 1318 1005 demonstra-

345 1027 432 1061 tum
457 1027 564 1062 tomo
585 1024 701 1061 tertio
724 1024 917 1063 Historiae
941 1026 1095 1065 Eccles.
1121 1028 1316 1067 {lambur-

348 1095 459 1130 gens.
486 1096 572 1136 pag.
597 1085 685 1124 353.
707 1087 811 1125 sicut
835 1097 908 1125 nec
932 1087 1042 1126 locus
1069 1089 1151 1138 ille,
1176 1090 1214 1127 in
1239 1102 1321 1141 quo,

345 1152 585 1197 provocatur
613 1147 663 1186 ad
686 1149 911 1189 Concilium
941 1151 1210 1202 Lugdunense
1238 1154 1313 1192 An.

347 1209 462 1248 1273.
487 1210 643 1260 Allcgat
665 1215 802 1250 autem
826 1212 918 1262 plus
933 1214 1102 1264 simplici
1126 1216 1213 1253 vice
1230 1219 1317 1254 tan-

347 1283 467 1321 quam
493 1273 668 1310 viventis
707 1273 837 1313 adhuc
875 1278 916 1312 et
951 1276 1142 1326 spirantis
1169 1277 1314 1317 librum

349 1332 594 1373 Venerabilis
618 1335 777 1373 Domini
792 1334 934 1375 Jacobi
950 1341 988 1375 et
1008 1338 1145 1378 Patris
1173 1338 1220 1378 de
1253 1340 1315 1378 Vi-

346 1396 492 1445 triaco,
521 1396 847 1449 Jerosolymz'tam·
864 1399 1130 1439 Patriarclzae
1150 1401 1196 1440 de
1225 1413 1314 1441 con-

346 1462 482 1509 questo
505 1462 640 1498 terrae
654 1464 834 1509 sanctae,
853 1472 974 1511 quem
994 1467 1153 1502 constat
1171 1463 1313 1504 defun-

345 1525 457 1559 ctum
472 1520 517 1559 A.
538 1522 652 1559 1244.
675 1524 769 1560 Mira
785 1527 848 1560 est
867 1534 943 1561 non
962 1524 1077 1562 modo
1092 1525 1311 1566 editionum

347 1582 451 1619 inter
475 1593 537 1630 se,
563 1582 584 1604 *
610 1594 751 1621 verum
778 1585 899 1622 etiam
924 1585 1114 1624 Codicum
1134 1589 1241 1627 MSS.
1268 1594 1312 1628 ut

346 1644 452 1682 illius
476 1655 596 1694 quem
622 1645 659 1681 in
686 1645 923 1684 Bibliotheca
963 1647 1165 1687 Ecclesiae
1190 1651 1314 1688 Petri-

348 1716 421 1742 nae
468 1705 589 1756 hujus
643 1707 757 1745 L'rbis
799 1708 985 1747 laudatus
1033 1710 1310 1760 Staphorstius

346 1768 520 1812 evolvit,
545 1768 784 1817 diversitas,
809 1770 911 1816 aliis,
938 1774 982 1808 ut
1007 1770 1075 1818 tit,
1100 1772 1173 1810 alia
1194 1772 1316 1811 adno—

347 1831 548 1878 tantibus,
571 1842 673 1880 quae
697 1831 840 1869 deinde
866 1822 1009 1870 librarii
1025 1837 1217 1883 tanquam
1234 1836 1312 1885 pri-

345 1893 398 1929 mi
422 1893 596 1930 auctoris
626 1892 885 1943 descripsere.
926 1894 1072 1932 Prodiit
1114 1895 1211 1935 haec
1240 1895 1311 1936 de-

344 1956 503 2004 scriptio
527 1956 699 2005 primum
723 1956 898 1994 Venetiis
924 1956 1042 2007 1519,
1069 1959 1092 1996 8
1113 1969 1135 1996 a
1154 1960 1308 1999 Joanne

346 2017 441 2053 llost
463 2016 512 2055 de
541 2017 778 2065 Romberch,
809 2019 1030 2069 Kyrspe-nsi
1068 2021 1309 2071 Wesphaloz

344 2077 493 2115 Deinde
514 2079 552 2115 in
569 2079 741 2116 Simonis
757 2079 930 2128 Grynaei
948 2092 1050 2118 novo
1069 2081 1162 2120 orbe
1187 2084 1312 2132 regio-

346 2150 443 2176 num
465 2150 508 2176 ac
534 2139 772 2188 insularum,
795 2142 971 2179 Basilcae
1001 2143 1103 2182 1532
1129 2144 1191 2181 fol.
1223 2156 1308 2194 pag.

347 2200 424 2237 298
445 2205 564 2249 atque
581 2203 723 2239 iterum
746 2201 847 2240 1537
862 2206 902 2240 et
919 2203 1020 2242 1557
1041 2209 1080 2243 et
1096 2207 1310 2256 separatim

348 2262 606 2312 Antwerpiae
628 2264 747 2311 1536,
771 2265 806 2301 8.
827 2276 947 2314 quam
968 2266 1181 2305 editionem
1199 2279 1313 2307 secu-

349 2328 434 2361 tum
461 2334 503 2361 se
525 2328 697 2363 testatur
721 2326 923 2377 Philippus
941 2330 1200 2379 Bosquierius
1217 2332 1314 2371 Cac-

348 2386 644 2424 sarimontanus
660 2388 926 2439 Minorita,qui
941 2392 1061 2429 etiam
1083 2393 1119 2428 in
1139 2394 1314 2443 capitum

348 2457 537 2484 numeros
560 2447 759 2498 distinxit3
785 2450 866 2489 Col.
893 2452 995 2490 1624
1021 2452 1090 2501 8“’,
1116 2454 1220 2492 sicut
1247 2466 1316 2506 ap-

347 2512 458 2557 paret
499 2520 548 2547 ex
583 2509 723 2548 eadem
761 2511 1061 2564 Antwerpiensi
1099 2526 1314 2566 expressas

347 2571 610 2609 Parisiensem
636 2573 750 2610 1544.
786 2573 1152 2627 Wittebergensem
1183 2579 1313 2627 1554,

349 2634 372 2669 8
395 2642 485 2670 cum
507 2633 622 2684 Casp.
649 2635 808 2673 Pcuceri
833 2635 881 2674 de
905 2637 1153 2678 dimensione
1171 2645 1312 2690 terrac,

349 2698 388 2730 et
420 2694 536 2742 1579,
579 2697 614 2733 8.
656 2696 734 2735 Sed
773 2700 999 2738 accuratius
1037 2702 1311 2753 integriusquc

349 2755 529 2806 vulgavit
553 2759 745 2798 Reinerus
768 2761 1018 2810 Reineccius,
1035 2774 1127 2802 cum
1153 2766 1313 2805 itinera-

350 2818 405 2855 rio
428 2819 615 2858 Hierosol.
649 2822 937 2861 bartholomaei
974 2824 1023 2863 de
1063 2826 1309 2877 Saligniaeo:

351 2880 601 2932 Magdeburgi
634 2884 752 2931 1587,
785 2886 909 2934 1593,
938 2887 971 2924 4.
998 2891 1038 2925 et
1074 2888 1124 2927 ad
1161 2891 1311 2929 calcem

353 2942 509 2980 liusebii
531 2948 651 2994 atque
670 2947 894 2996 hieronymi
911 2948 959 2987 de
981 2949 1076 2988 locis
1100 2952 1312 3003 Hebraicis,

355 3004 532 3051 Lugduni
551 3008 789 3047 Batavorum
813 3009 914 3048 1707
937 3011 1003 3050 fol.
1019 3013 1213 3053 Johannis
1227 3016 1316 3054 Cle-

356 3065 470 3102 ricus.
497 3068 555 3106 Ex
579 3069 654 3108 alio
685 3069 826 3109 Codice
853 3072 922 3110 sed
950 3075 1082 3113 minus
1112 3077 1313 3127 integrum

358 3125 545 3166 llenricus
570 3131 753 3170 Canisius
779 3138 872 3171 tom.
896 3135 943 3174 Vl
960 3134 1227 3188 Antiquarum
1246 3142 1317 3179 Le-

414 3263 425 3273 ·
451 3266 530 3297 Vide
557 3272 713 3303 laconum
737 3274 924 3307 achardum
949 3280 1031 3310 tom.
1056 3281 1066 3310 Ι
1090 3281 1320 3316 Bibliothecae

357 3311 488 3344 Ordinis
513 3317 779 3353 prat-dicatorum
805 3332 835 3362 p.
860 3325 917 3356 501
944 3335 1037 3367 seqq.

1132 206 1160 244 l}
1194 203 1593 245 ROCARDUS

1395 277 1573 316 etionum
1615 287 1701 328 pag.
1744 275 1834 316 295.
1868 275 2082 329 ingolstad.
2121 277 2241 328 1604,
2273 281 2294 319 4
2324 284 2364 320 et

1395 342 1490 377 tom.
1505 339 1555 379 IV
1579 336 1763 378 editionis
1788 350 1915 379 novae
1929 342 2200 392 Basnagianac
2221 353 2307 394 pag.
2325 343 2363 380 9.

1393 399 1680 441 Amstelodami
1706 400 1809 441 1727
1847 399 1909 441 fol.
1953 403 2035 441 Non
2066 403 2362 451 omittendum,

1391 463 1496 513 quod
1520 463 1756 503 Germanica
1788 465 1921 503 versio
1950 476 2000 504 ex
2024 466 2163 505 Latina
2187 466 2363 506 Simonis

1393 515 1572 575 Grynaei
1592 525 1765 564 editione
1785 523 1869 575 jam
1892 525 1968 565 An.
1990 527 2092 566 1534
2111 527 2211 566 vidit
2231 528 2363 567 lucem

1392 585 1641 638 Argentorati
1683 587 1745 625 fol.
1772 588 1810 625 in
1834 588 2066 627 collectione
2095 590 2335 640 scriptorum
2353 619 2362 636 ,

1391 660 1494 698 quae
1515 649 1658 700 prodiit
1681 649 1756 687 sub
1778 650 1913 688 titulo:
1939 649 2011 688 Die
2033 661 2133 689 neue
2161 650 2266 692 Welt
2291 650 2364 690 der

1391 709 1683 762 Lanclschaften
1706 709 1789 748 und
1804 710 1957 749 Insula.

1446 773 1502 810 De
1527 771 1815 820 BROCARDO,
1847 784 1869 811 a
1903 784 1982 823 quo
2010 771 2260 811 Brocardica
2292 774 2363 811 Ju-

1390 832 1475 882 ris,
1519 834 1618 872 infra
1659 838 1699 872 et
1742 834 1780 872 in
1820 833 2127 874 BURCHARDO
2165 834 2364 874 Wormat.

1390 896 1446 933 De
1471 894 1741 935 BROCARDO
1761 894 1919 935 Persico
1939 897 2095 936 Comite
2114 895 2271 935 erudito
2287 897 2363 935 cir-

1389 967 1435 995 ca
1459 956 1503 996 A.
1528 957 1631 996 1408
1652 956 1791 997 Franc.
1817 956 1975 997 Arisius
2007 958 2043 1006 in
2075 957 2272 997 Cremona
2297 957 2363 996 lit-

1389 1022 1515 1057 terata
1539 1023 1633 1058 tom.
1659 1021 1674 1058 1
1699 1031 1786 1072 pag.
1811 1020 1889 1060 286
1927 1030 2039 1070 seqq.
2068 1016 2263 1057 Jacobum
2290 1029 2361 1057 au-

1391 1084 1473 1118 tem
1498 1081 1805 1122 BROCARDUM
1829 1081 2174 1121 Pedemontanum
2202 1081 2359 1129 omitto,

1389 1147 1452 1180 est
1468 1144 1574 1181 enim
1596 1146 1808 1194 recentior,
1828 1145 1897 1195 qui
1915 1145 2041 1183 multa
2060 1143 2269 1183 vaticinari
2289 1154 2360 1182 au-

1390 1216 1477 1254 sus,
1492 1206 1541 1244 ab
1556 1210 1706 1245 eventu
1716 1207 1907 1246 refutata:
1925 1210 2084 1258 praeter
2097 1204 2356 1256 paraphrasin

1388 1266 1640 1305 Rhetoricam
1658 1267 1901 1317 Aristotelis,
1927 1269 2243 1318 partitionesque
2263 1266 2361 1305 Ora-

1388 1330 1526 1377 toriaS,
1551 1330 1710 1368 Parisiis
1753 1331 1869 1369 1549.
1903 1330 2079 1369 Venetiis
2120 1330 2239 1378 1558,
2264 1330 2288 1368 8
2318 1334 2359 1368 ct

1388 1392 1582 1441 scriptum
1606 1390 1652 1429 de
1675 1389 1956 1442 anabaptismo
1971 1390 2204 1441 jurantium
2227 1391 2268 1430 in
2284 1392 2362 1430 Pa-

1380 1463 1501 1502 pam,
1527 1456 1565 1490 ec
1586 1452 1625 1490 in
1648 1451 1869 1492 Ecclesiam
1889 1455 2128 1503 Romanam,
2153 1453 2278 1505 deque
2294 1465 2357 1491 eo-

1387 1526 1479 1552 ram
1503 1513 1603 1552 idolo
1626 1514 1707 1553 zeli
1720 1545 1728 1563 ,
1754 1517 1967 1566 mysticam
2002 1527 2162 1566 quoque
2197 1520 2239 1553 et
2267 1526 2357 1565 pro-

1386 1576 1585 1626 pheticam
1612 1576 1804 1615 Geneseos
1834 1578 2204 1627 interpretationem
2235 1575 2358 1615 edidit

1388 1636 1569 1687 Lugduni
1595 1639 1838 1678 Batavorum
1861 1639 1980 1689 1580,
1996 1640 2046 1689 8,
2076 1648 2260 1677 recusam
2285 1637 2356 1676 ibi-

1387 1698 1479 1736 dem
1516 1698 1639 1744 1584,
1682 1700 1702 1737 4
1741 1704 1782 1738 et
1811 1701 1977 1739 Bremae
2018 1701 2140 1750 1585,
2182 1699 2301 1749 1593,
2335 1699 2357 1737 4

1390 1759 1595 1808 (damnata
1615 1761 1653 1798 in
1670 1760 1831 1810 Synodo
1844 1761 2023 1800 secunda
2038 1762 2356 1800 Reformatorum

1388 1821 1618 1871 liupellensi
1636 1822 1682 1860 A.
1701 1823 1797 1862 1581
1828 1826 1869 1861 et
1887 1824 1926 1860 in
1942 1824 2020 1862 alia
2039 1822 2357 1873 Medioburgensi

1384 1882 1567 1932 ejusdem
1603 1885 1696 1922 anni
1716 1885 1753 1932 .·)
1793 1896 1844 1923 ne
1869 1896 1946 1923 non
1979 1883 2162 1934 Levc'tici,
2201 1882 2362 1924 Cantici

1385 1944 1660 1995 Canticoram,
1685 1945 1878 1997 Hayqaei,
1904 1945 2133 1985 Zachariae
2162 1949 2202 1985 et
2225 1945 2355 1985 Mala-

1384 2006 1515 2057 chiae,
1560 2007 1744 2058 Lugduni
1784 2010 2026 2047 Batavorum
2066 2008 2188 2057 1580,
2227 2009 2252 2046 8
2268 2010 2291 2057 ,”
2314 2013 2356 2047 et

1383 2070 1750 2119 interpretationem
1775 2080 1820 2107 ac
1854 2069 2113 2120 paraphrasin
2138 2069 2178 2108 in
2200 2068 2353 2122 Apoca-

1385 2128 1515 2180 lypsin
1534 2130 1624 2168 ibid.
1652 2131 1753 2170 1580
1781 2134 1822 2168 et
1843 2131 1962 2179 1610,
1987 2132 2011 2169 8
2035 2135 2076 2169 et
2099 2131 2265 2182 Anglice
2287 2132 2353 2170 Ja-

1384 2191 1481 2229 cobo
1501 2192 1678 2230 Stanfort
1711 2193 1943 2243 interprete,
1969 2192 2135 2231 Londini
2165 2194 2269 2233 1582
2285 2225 2294 2243 ,
2320 2195 2356 2233 4.

1386 2252 1484 2291 Vide
1514 2254 1633 2292 Baelii
1658 2255 1829 2293 Lexicon
1861 2256 1900 2293 in
1929 2254 2113 2294 Brocard
2129 2286 2140 2305 ,
2171 2256 2356 2295 Voetium

1388 2318 1494 2352 tomo
1519 2316 1550 2354 ll
1576 2315 1778 2355 dissertat.
1801 2317 1938 2356 select.
1961 2329 2047 2368 pag.
2078 2318 2191 2358 1075.
2219 2318 2356 2357 Jacobi

1389 2376 1423 2414 le
1449 2378 1556 2428 Long
1571 2378 1853 2417 Bibliothecam
1878 2380 2137 2431 Exegeticam
2158 2392 2193 2431 p.
2221 2381 2298 2420 652
2315 2385 2356 2419 et

1387 2438 1488 2477 Acta
1512 2439 1771 2480 Eruditorum
1795 2441 1869 2480 An.
1896 2442 1998 2481 1693
2022 2454 2109 2494 pag.
2136 2443 2185 2481 30
2210 2446 2251 2487 et
2279 2442 2355 2482 An.
2429 2436 2431 2438 ’

1392 2500 1486 2541 1711
1513 2513 1599 2553 pag.
1612 2503 1701 2541 280.
1721 2504 1867 2543 Exstat
1882 2505 2003 2543 etiam
2028 2504 2151 2555 hujus
2170 2504 2357 2544 Brocardi

1388 2562 1487 2601 liber
1502 2562 1558 2601 ad
1570 2563 1822 2605 Christianos
1838 2565 1884 2605 de
1891 2565 2105 2619 prophetia
2127 2565 2356 2619 complenda

1388 2627 1426 2663 in
1451 2626 1513 2665 his
1536 2639 1638 2677 quae
1663 2632 1760 2666 sunt
1783 2628 1950 2668 secundi
1969 2629 2172 2669 adventus
2185 2629 2356 2676 Domini,

1385 2692 1425 2726 et
1447 2688 1501 2726 ad
1518 2688 1721 2729 Hebraeos
1736 2689 1783 2729 de
1793 2690 1927 2742 primo
1947 2694 1986 2730 et
1999 2690 2170 2730 secundo
2187 2689 2357 2732 CHristi

1385 2751 1583 2800 adventu,
1608 2752 1764 2792 dicatus
1788 2753 2061 2804 Elisabethae,
2085 2755 2258 2804 Reginae
2273 2752 2356 2792 An—

1385 2815 1496 2864 gliae.
1521 2814 1634 2854 Alius
1658 2815 1842 2855 Marinus
1870 2814 2199 2867 BROCARDUS,
2224 2815 2353 2855 Vene-

1387 2882 1476 2927 tuS,
1500 2877 1616 2928 cujus
1641 2880 1836 2930 scriptum
1860 2878 1908 2917 de
1930 2879 1994 2918 lue.
2018 2879 2198 2919 Venerea
2220 2881 2355 2917 exstat

1388 2941 1426 2978 in
1443 2940 1593 2991 Aloysii
1611 2942 1761 2980 Luisini
1774 2941 2071 2992 Aphrodisiaco,
2085 2942 2172 2979 sive
2189 2950 2356 2991 magnac

1387 3003 1561 3054 sylloges
1585 3005 1652 3042 LX
1676 3005 1915 3054 scriptorum
1938 3002 1987 3041 de
2011 3003 2076 3041 illo
2100 3005 2349 3053 argumento,

1390 3069 1494 3104 tomo
1528 3067 1760 3118 posteriore,
1785 3070 1875 3116 post
1913 3064 2128 3103 editionem
2159 3064 2353 3103 Venetam

1391 3129 1491 3167 1616
1511 3129 1572 3167 fol.
1589 3139 1716 3179 nuper
1732 3138 1896 3166 recusae
1913 3126 2095 3176 Lugduni
2110 3127 2353 3164 Batavorum

1393 3190 1493 3229 1729
1528 3192 1590 3230 fol.
1615 3195 1782 3230 curante
1816 3191 1902 3227 viro
1925 3189 2063 3240 paucis
2098 3185 2354 3238 comparabili

1391 3254 1616 3292 Hermanno
1639 3253 1854 3292 Boerhavc.
2250 3288 2258 3297 ,
2344 3305 2347 3308 ¹

1445 3316 1558 3357 Alius
1570 3320 1696 3361 BROC
1703 3313 1866 3360 ARDUS
1877 3312 2058 3364 ejusdem
2076 3320 2231 3365 aetatis,
2241 3312 2355 3356 Vice-
