2500 3841
925 224 1195 264 FATIUS

75 311 143 351 pro
171 300 326 338 Victore
344 299 408 338 111.
425 297 640 349 Antipapa:
672 302 805 337 exstat
838 299 876 336 in
905 298 1023 338 tomis

75 362 366 410 Conciliorum,
391 365 436 400 ut
465 360 756 400 Harduinianae
784 361 967 400 editionis
997 364 1024 399 t.

72 425 137 463 VI.
165 429 275 476 parte
303 424 340 462 2.
369 435 455 474 pag.
488 423 590 463 4585
619 427 660 462 01
689 425 725 462 10
757 429 863 462 tomo
908 425 1024 463 tertio

71 485 336 525 Bibliothecae
365 487 527 525 Petrum
570 486 895 526 Cisterciensium
933 488 1026 525 Ber-

74 547 203 586 trandi
234 547 422 586 Tissierii.
451 548 548 587 Vide
591 549 753 600 Pagium
783 548 833 588 ad
861 548 1024 587 Annum

75 612 191 652 4459.
216 623 327 650 num.
354 612 417 651 40.
438 610 515 651 An.
537 613 652 652 4460.
674 624 786 652 num.
816 614 850 652 4.
881 616 922 651 01
949 611 1024 651 An.

79 674 193 713 4464.
224 685 335 713 num.
366 675 402 713 9.
433 685 516 725 seq.

127 734 309 775 FATIUS
337 735 384 775 de
417 735 594 786 Ubertis,
625 748 764 788 supra,
795 736 987 777 FACIUS.

125 799 270 838 Remus
306 798 523 839 FAVINUS
567 801 606 838 in
650 800 793 841 Codice
836 799 1025 839 Abbatiae

74 861 340 901 Morbacensis
371 864 404 912 a)
437 867 558 914 atque
588 864 628 902 iu
658 862 897 902 editionibus
941 863 1027 913 qui-

74 923 258 974 busdam,
287 929 334 964 ut
353 926 571 977 Lipsiensis
597 925 736 964 AEolici
761 924 835 964 An.
867 925 969 964 4494
989 925 1026 972 b)

77 992 214 1028 auctor
228 988 459 1039 perhibetur
475 989 673 1028 Carminis
691 989 924 1039 saepissime
949 988 1032 1027 edi-

77 1050 108 1087 ti
131 1049 180 1088 de
219 1050 460 1101 ponderibus
490 1054 530 1089 et
572 1051 788 1098 mensuris,
818 1050 923 1100 quod
965 1051 1029 1089 alii

78 1111 244 1152 Codices
265 1112 316 1151 ad
338 1113 651 1162 PRISCIANUM,
676 1113 739 1152 alii
765 1113 814 1152 ad
842 1113 885 1159 Q.
912 1114 1031 1152 RHE-

77 1176 239 1215 MNIUM
275 1174 495 1215 FANNIUM
526 1176 852 1216 PALAEMONEM
873 1207 882 1226 ,
906 1177 1029 1215 Plinio

77 1237 212 1288 Majori
232 1248 278 1277 ac
293 1237 698 1278 Svetoniolaudatum
715 1239 1029 1277 Grammaticum

78 1301 287 1349 referunt,
319 1300 368 1339 de
408 1301 554 1351 quibus
591 1300 672 1339 dixi
710 1302 748 1338 in
789 1301 1029 1340 Bibliotheca

79 1365 235 1403 Latina.
262 1364 421 1415 Incipit:
442 1363 624 1403 Pondera
649 1363 828 1403 Poeoniae's
855 1366 1031 1403 veterum

79 1429 300 1466 memorata
323 1425 476 1466 libellis.

130 1489 438 1540 FAUSTlNUS‚
478 1490 694 1541 Presbyter
725 1491 1030 1540 Luciferianus,

81 1557 184 1593 teste
207 1553 411 1593 Gennadio
434 1565 519 1605 cap.
539 1555 629 1593 XVI
648 1584 656 1598 ,
682 1555 842 1605 scripsit
864 1553 919 1592 acl
943 1552 1034 1592 Fla-

79 1614 237 1665 cillam,
257 1615 290 1666 c)
311 1617 479 1667 primam
505 1616 715 1656 Theodosii
740 1617 868 1667 Magni
892 1615 1029 1666 conju-

79 1691 196 1730 gem,
217 1692 319 1731 quae
348 1678 423 1719 An.
450 1681 526 1719 385
558 1679 683 1724 obiit7
724 1679 843 1717 libros
875 1683 1030 1730 septem

80 1742 297 1782 adversum
319 1742 493 1782 Arzanos
507 1775 518 1791 ,
544 1746 583 1781 et
603 1740 919 1790 Macedonianos,
945 1743 1031 1779 sive

79 1805 224 1845 librum
247 1807 288 1844 in
319 1810 473 1857 septem
504 1806 631 1856 capita
665 1804 866 1850 divisum,
897 1805 964 1853 qui
994 1805 1031 1841 in

80 1868 290 1908 Codicibus
307 1867 546 1919 quibusdam
564 1871 698 1906 exstat
715 1866 751 1916 d>
769 1871 809 1905 et
824 1867 915 1917 plus
936 1867 1030 1904 sim-

81 1931 173 1983 plici
202 1932 288 1970 vice
317 1930 460 1982 prodiit
505 1931 542 1967 in
572 1928 826 1969 Bibliothecis
871 1930 1031 1967 Patrum

83 1998 178 2032 tom.
202 1994 304 2033 VIII.
329 1995 450 2033 Paris.
477 1991 582 2032 4575
611 1996 651 2030 01
680 1996 774 2030 tom.
814 1991 876 2030 IV.
915 1990 1031 2029 Anno

83 2057 186 2096 4589
211 2056 286 2096 sub
310 2057 424 2095 titulo
443 2055 684 2095 GREGORII
717 2055 864 2093 Baetici
895 2054 1033 2104 Hispa—

81 2119 244 2167 niensis,
260 2119 445 2170 Episcopi
468 2118 713 2165 Eliberitani,
739 2128 831 2155 cum
854 2115 1033 2167 Epistola

82 2180 132 2220 ad
160 2181 412 2234 Flaccillam,
439 2182 569 2232 priore
597 2183 709 2231 parte
739 2189 880 2218 manca
905 2208 913 2227 ,
939 2188 1035 2229 qua-

141 2329 174 2367 a)
199 2332 332 2369 voyage
354 2328 514 2361 litteraiie
549 2327 590 2359 de
624 2327 712 2359 deux
744 2327 917 2368 Religieux
939 2331 1044 2360 Bene-

84 2379 210 2413 dictins
234 2383 316 2410 tom.
342 2377 357 2408 1
381 2382 475 2419 parte
497 2378 529 2411 2,
554 2387 628 2418 pag.
660 2378 732 2413 159.

142 2430 179 2469 b)
203 2428 403 2469 polycarpus
429 2431 587 2468 Leyserus
622 2437 697 2468 pag.
737 2427 831 2460 1057.
859 2428 938 2460 hist.
961 2429 1044 2468 poe-

80 2485 194 2513 tarum
216 2479 317 2511 medii
342 2480 429 2512 aevi.

141 2529 174 2569 c)
197 2531 247 2560 lta
267 2531 358 2560 recte
377 2528 570 2561 Gennadius
588 2553 598 2568 ‚
623 2533 661 2561 ut
681 2527 829 2561 ostendit
846 2528 1044 2560 Paschasius

81 2578 278 2620 Que-nellus
313 2580 549 2612 dissertatione
584 2581 653 2610 XIV
675 2580 717 2611 ad
741 2582 884 2610 Leonem
919 2580 960 2610 M.
983 2580 1044 2610 etsi

82 2632 120 2662 in
141 2629 352 2663 editionibus
379 2631 529 2661 Faustini
565 2633 598 2661 et
631 2629 812 2661 codicibus
847 2627 1047 2667 quibusdam

81 2687 143 2720 pro
172 2679 334 2717 Flacilla,
361 2679 489 2711 Gallae
525 2678 717 2711 Placidiae
746 2686 866 2709 nomen
896 2677 1017 2716 legitur
1035 2701 1045 2715 ‚

30 2753 31 2757 ,
81 2737 149 2769 quo
186 2729 388 2770 appellatam
426 2736 497 2761 esse
534 2733 665 2762 constat
700 2736 838 2760 uxorem
868 2727 1045 2758 Theodosii

85 2781 198 2819 Magni
221 2778 415 2811 secundam.
438 2780 477 2810 ln
501 2780 613 2810 numis
647 2780 739 2818 prior
762 2779 884 2817 conjux
907 2780 1047 2808 vocatur

84 2828 184 2861 AElia
207 2828 378 2861 Flacilla.
406 2829 487 2861 Vide
516 2828 767 2861 mediobarbum
790 2834 866 2866 pag.
890 2825 951 2856 519
977 2827 1049 2857 edi-

85 2881 188 2912 tionis
212 2887 332 2912 novae.

148 2929 185 2968 d)
209 2930 291 2961 Vide
310 2928 535 2961 montfaucon}
552 2930 702 2960 Diarium
726 2925 877 2957 Italicum
900 2932 975 2964 pag.
997 2924 1048 2956 85.

88 2978 151 3011 Sed
180 2980 340 3011 Faustino
375 2980 502 3010 rectius
537 2979 729 3010 vindicatur
765 2976 826 3006 hoc
863 2976 1048 3014 scriptum:

30 3061 34 3067 ,
87 3037 166 3062 nam
189 3029 381 3060 GREGORII
405 3030 532 3061 Baetici
558 3029 642 3060 liber
666 3027 707 3058 de
730 3025 815 3057 Fide
852 3029 1049 3056 memoratus

92 3081 293 3118 Hieronymo
318 3086 392 3118 cap.
435 3078 507 3110 105.
547 3078 586 3110 de
624 3081 654 3110 S.
676 3079 713 3107 E.
737 3079 785 3106 est
806 3076 916 3114 potius
942 3074 1046 3112 alter,

68 3165 71 3169 ,
92 3131 150 3170 qui
178 3131 268 3161 inter
291 3131 323 3160 S.
349 3129 519 3160 Ambrosii
545 3131 669 3169 scripta
691 3127 811 3165 legitur
830 3124 870 3154 de
888 3124 972 3155 Fide
991 3125 1052 3155 Or-

90 3179 249 3211 thodooea
276 3183 402 3210 contra
428 3179 610 3217 Arianos,
635 3179 735 3207 etium
760 3179 839 3205 tom.
866 3173 878 3203 1
906 3176 1049 3212 Operum

90 3222 242 3262 Gregorii
259 3222 331 3253 Naz.
353 3229 425 3260 pag.
445 3221 519 3252 7⁶27.
539 3220 617 3250 Vide
635 3216 872 3248 Bibliothecam
891 3216 1050 3246 Graecam

91 3274 172 3302 tom.
194 3270 214 3301 7
235 3279 310 3310 pag.
333 3269 410 3302 521.
430 3279 499 3310 seq.
522 3268 768 3300 Tillemontium
791 3270 871 3296 tom.
897 3266 951 3294 vll
984 3266 1050 3295 Me-

94 3322 276 3353 moriarum
299 3329 375 3361 pag.
413 3320 487 3353 707,
522 3323 600 3350 tom.
639 3319 679 3346 lx
709 3323 783 3355 pag.
810 3315 881 3347 727.
906 3319 939 3347 et
965 3319 1048 3346 tom.

88 3373 158 3402 XVI
181 3379 254 3411 pag.
279 3369 352 3402 801.

1973 218 2050 258 555

1097 297 1144 335 115
1171 295 1291 335 etiam
1321 297 1454 333 exstat
1480 293 1517 331 in
1543 291 1714 332 editione
1742 301 1907 342 operum
1950 291 2048 328 Fau-

1098 360 1190 398 stini
1215 357 1430 398 Oxoniensi
1456 354 1572 403 4678,
1598 355 1633 392 8.
1659 365 1748 405 pag.
1772 353 1834 392 65.
1860 351 1930 391 sed
1955 353 2047 403 Epi-

1099 422 1198 460 stola
1237 422 1390 471 integra
1423 418 1652 470 praefigitur
1689 415 1817 455 eidem
1848 414 1944 454 libro
1974 414 2047 453 sub

1098 482 1284 522 Faustini
1305 483 1466 533 vulgato
1492 481 1651 519 nomine
1676 480 1716 517 iu
1731 477 2050 528 Orthodoxogra-

1097 546 1186 597 phis
1211 546 1420 595 utriusque
1444 543 1563 582 Basil.
1588 543 1691 581 4555
1715 546 1755 580 et
1780 541 1896 590 4569,
1920 540 1983 578 fol.
2005 544 2046 578 01

1099 610 1137 646 10
1167 607 1420 647 Bibliothecis
1449 608 1610 644 Patrum
1649 605 1769 642 Paris.
1809 602 1912 642 4575
1955 606 2049 640 1001.

1098 670 1130 708 V
1156 701 1164 720 ,
1193 673 1234 708 01
1270 667 1346 707 Α11.
1372 669 1472 707 4589
1493 699 1504 716 ,
1532 667 1661 715 4621,
1687 666 1802 705 4614.
1843 670 1938 703 tom.
1968 665 2049 712 lv,

1099 737 1139 771 et
1162 732 1296 772 Colon.
1323 731 1425 770 46018
1450 735 1546 768 tom.
1570 729 1646 777 IV,
1672 733 1712 767 01
1738 727 1860 779 Lugd.
1885 733 1981 766 tom.
2005 728 2050 775 V,

1102 806 1187 845 pag.
1213 792 1304 832 637.
1329 793 1500 843 Scripsit
1523 792 1644 830 etiam
1673 790 1812 829 eodem
1850 789 2052 828 Gennadio

1101 861 1206 895 teste
1229 856 1447 894 Faustinus
1480 851 1653 892 libellum
1672 863 1839 904 precum
1860 852 1909 891 ad
1926 853 2053 903 Impe-

1104 922 1255 958 ratores
1276 917 1545 962 Valentinum,
1571 914 1837 953 Theodosium
1866 918 1906 952 et
1933 913 2053 953 Arca-

1104 981 1214 1020 dium
1234 981 1335 1019 circa
1358 978 1521 1017 Annum
1549 977 1703 1017 CHristi
1726 973 1801 1014 384
1826 986 1895 1026 pro
1919 975 2054 1014 defen-

1103 1045 1214 1083 sione
1239 1053 1402 1081 suorum
1425 1039 1789 1093 (Luciferianorum)
1815 1049 1935 1089 quern
1958 1049 2050 1076 cum

1102 1105 1424 1146 MARCELLINO
1449 1102 1620 1154 quodam
1645 1099 1883 1153 Presbytero
1913 1101 1970 1139 eis
1991 1100 2039 1138 ob

1104 1169 1207 1207 tulit.
1232 1169 1346 1207 Hunc
1370 1166 1573 1213 libellum,
1605 1165 1734 1204 multa
1757 1175 1859 1214 quae
1883 1163 1974 1202 alibi
1999 1164 2057 1201 in-

1104 1242 1264 1270 cassum
1301 1240 1496 1280 quaeras,
1537 1239 1609 1267 nos
1647 1227 1857 1265 docentem
1901 1226 2055 1276 primus

1104 1293 1226 1332 edidit
1249 1291 1419 1330 Jacobus
1445 1290 1682 1330 Sirmondus
1705 1289 1863 1327 Parisiis
1888 1288 2003 1335 4650,
2018 1287 2054 1324 8.

1105 1366 1291 1394 recusum
1331 1354 1369 1391 in
1411 1352 1498 1404 ejus
1539 1352 1734 1404 Operibus
1771 1356 1866 1389 tom.
1896 1351 1932 1389 ⁶2.
1966 1361 2053 1400 pag.

1105 1417 1198 1457 0229.
1218 1421 1258 1455 et
1278 1428 1371 1455 cum
1400 1416 1499 1455 libro
1523 1415 1720 1455 adversus
1740 1413 1908 1453 Arianos
1932 1411 2056 1451 10Βί-

1106 1479 1302 1519 bliotheca
1344 1480 1505 1518 Patrum
1544 1477 1801 1528 Lugdunensi
1836 1475 1910 1514 An.
1943 1474 2058 1514 4677.

1107 1548 1202 1581 tom.
1226 1543 1269 1581 V.
1294 1553 1380 1592 pag.
1407 1541 1484 1580 652
1508 1544 1548 1579 et
1573 1551 1665 1578 cum
1691 1539 1795 1577 notis
1825 1541 1979 1588 partem
2007 1547 2057 1575 ex

1106 1605 1306 1644 Paschasii
1330 1603 1534 1650 Quesnelli
1562 1602 1841 1640 dissertatione
1869 1599 1984 1647 XIV,
2008 1598 2057 1637 ad

1107 1669 1279 1708 Leonem
1315 1668 1502 1717 Magnum
1541 1664 1791 1715 depromtis‚
1827 1662 2001 1701 Oxoniae
2037 1673 2059 1699 e

1107 1731 1278 1769 Theatro
1317 1728 1506 1768 Sheldon.
1549 1727 1676 1773 46787
1716 1727 1752 1764 8.
1792 1725 1879 1764 snb.
1919 1724 2058 1763 titulo:

1106 1791 1293 1831 Faustini
1302 1789 1543 1842 Presbyteri.
1562 1788 1780 1841 scriptoris
1795 1786 1921 1827 seculi
1935 1797 2060 1838 quar-

1108 1855 1139 1894 ti
1149 1887 1159 1905 Ι,
1197 1858 1235 1893 et
1252 1854 1349 1906 fidei,
1383 1852 1640 1892 Ortlzodooeae
1664 1850 1862 1890 aclwrsus
1886 1848 2060 1887 Arianos

1106 1917 1273 1957 vindicis
1297 1915 1492 1955 acerrimi
1513 1926 1651 1966 opera.
1677 1915 1721 1952 ln
1759 1912 1901 1952 Codice
1937 1912 2063 1951 Cano-

1105 1992 1201 2020 num
1226 1984 1266 2018 et
1289 1981 1605 2020 Constitutorum
1629 1976 1830 2016 Ecclesiae
1855 1976 2052 2012 Romanae

1107 2055 1230 2093 quem
1257 2041 1442 2081 laudatus
1467 2040 1708 2087 Quesnellus
1745 2042 1853 2076 tomo
1885 2034 2060 2074 secundo

1109 2171 1242 2207 exstat
1272 2166 1481 2217 Eoeposz'tio
1513 2163 1627 2203 Fidei
1666 2160 1892 2202 Catholicae
1930 2158 2063 2209 (MAR-

1111 2230 1310 2271 CELLIM
1343 2229 1521 2275 fortasse)
1553 2229 1691 2265 contra
1728 2222 1906 2262 haeresis
1944 2220 2066 2259 Aria-

1111 2303 1229 2331 nam:
1254 2296 1294 2330 et
1317 2292 1444 2342 capite
1465 2289 1683 2329 XXXVIII.
1703 2287 1879 2325 Faustini
1900 2283 2066 2333 Presby—

1112 2357 1186 2395 teri
1211 2355 1243 2393 F
1246 2354 1328 2393 ides
1344 2353 1468 2392 missa
1492 2350 1698 2391 Theodosio
1723 2346 1964 2401 Imperatori
1982 2360 1989 2384 ε
2016 2345 2064 2383 de

1113 2419 1257 2469 quibus
1295 2417 1450 2456 duobus
1491 2415 1651 2465 scriptis
1690 2413 1793 2451 idem
1824 2409 2064 2457 Quesnellus

1113 2480 1391 2519 dissertat-ione
1422 2477 1526 2516 XIV.
1555 2488 1642 2526 pag.
1669 2474 1758 2514 378.
1797 2471 1941 2511 Libello
1976 2481 2064 2520 prc—

1113 2554 1205 2581 cum
1227 2539 1463 2580 Sirmondus
1480 2539 1682 2590 praemisit
1698 2533 1990 2587 praefationem
2013 2531 2062 2569 de

1115 2605 1330 2644 schismate
1356 2602 1486 2641 Ursini
1510 2605 1550 2639 et
1573 2600 1641 2650 qui
1666 2579 1769 2637 illud
1791 2595 1961 2634 extinxit
1992 2594 2067 2632 Da-

1116 2668 1215 2707 masi
1235 2696 1242 2715 ,
1265 2665 1450 2716 Episcopi
1476 2662 1640 2701 Romani
1662 2674 1669 2698 :
1697 2658 1765 2697 sed
1788 2656 2064 2696 Tillemontius

1116 2734 1226 2768 notat
1250 2729 1355 2767 illam
1377 2727 1579 2765 nihilcum
1605 2723 1733 2762 libello
1755 2730 1914 2772 precum
1942 2717 2060 2754 habe-

1115 2805 1157 2831 re
1181 2801 1404 2831 commune.
1431 2788 1525 2827 Vide
1542 2792 1637 2825 tom.
1663 2784 1762 2830 Ylll⁷
1784 2781 2064 2820 memoriarum

1116 2867 1200 2907 pag.
1223 2853 1311 2901 766,
1331 2864 1413 2902 seq.
1432 2849 1679 2900 Rescriptum
1699 2851 1832 2885 autem
1864 2840 2064 2880 Theodosii?

1116 2919 1242 2969 Magni
1266 2915 1320 2954 ad
1344 2913 1580 2965 Cyneyium,
1612 2909 1715 2960 quod
1746 2906 1873 2946 libello
1899 2914 2062 2954 precum

1119 2979 1342 3029 subjectum
1363 2977 1519 3027 legitur,
1538 2974 1697 3011 omnino
1719 2968 1891 3009 Faustini
1914 2966 2065 3002 0111111-

1118 3043 1246 3081 cellini
1273 3039 1451 3090 petitioni
1482 3034 1661 3075 concedit
1686 3033 1813 3070 locum
1834 3059 1841 3076 ,
1865 3038 1964 3077 quos
1983 3024 2065 3077 ple-

1118 3103 1302 3143 nissimos
1319 3100 1414 3152 sidet?
1437 3097 1668 3138 Sacerdotes
1695 3096 1909 3142 Imperator
1933 3088 2065 3138 appel—

1119 3168 1183 3213 lat.
1195 3164 1264 3216 qui
1273 3175 1392 3201 comm
1401 3174 1450 3199 ιιη
1459 3161 1604 3198 icantes
1615 3153 1804 3205 Grefsorio
1813 3152 1933 3201 Hispa
1942 3149 2068 3188 aiensi

1118 3232 1155 3267 ct
1191 3224 1426 3266 Heraclidae
1454 3218 1672 3266 Orientali,
1713 3214 1859 3254 sanctis
1896 3223 1991 3251 sane
2028 3215 2066 3249 ct

1119 3285 1386 3328 [amabilibus
1407 3282 1620 3336 Episcopi&
1643 3281 1775 3331 optant
1793 3276 1828 3314 1'12
1856 3273 1948 3312 Fide
1972 3273 2063 3312 Cut-

1118 3353 1242 3391 lioli'ca
1266 3350 1348 3388 sine
1372 3346 1653 3400 oppuynatione
1674 3341 1845 3392 alicujus
1869 3350 1916 3376 uc
1948 3335 2063 3375 molc-
