2500 3841
904 216 1247 259 CAROLUS
1294 222 1347 262 M.

187 283 300 322 Joan.
321 282 522 323 isenricus
539 281 585 323 de
600 283 758 336 Bzcnau,
776 284 825 326 de
839 299 917 338 quo
939 301 1072 341 supra.

187 344 347 385 Nicolai
360 345 547 386 Courtz‘ni
558 346 701 387 Charle
724 349 875 400 Magne,
897 362 947 391 ou
965 353 1000 391 le
1017 365 1078 392 re-

106 408 386 448 tablissement
409 408 459 447 de
483 409 683 460 l'Empirc
712 411 904 462 Romaiu,
935 419 1075 465 poeme

106 470 308 521 heroique.
334 472 442 510 Paris
464 473 579 511 4666.
607 473 669 513 42.

183 532 404 572 Har-devici
428 545 454 572 α
483 533 628 573 Dassel
652 538 881 587 panegyrici
911 542 1003 577 tres·
1025 539 1073 579 de

102 594 231 634 tribus
246 596 409 645 Magnis.
428 596 705 645 Constantino,
723 598 876 649 Carolo,
893 605 933 640 et
950 602 1073 640 Otho-

100 667 170 705 ne,
195 656 401 706 Augustae
421 657 575 697 Vindel.
593 660 695 698 4589
716 661 793 709 410,
811 661 902 700 ν1(10
918 663 1069 702 Alberti

99 719 287 758 Friderici
306 720 558 759 Mellemanni
587 726 770 771 poemata
792 725 838 762 R.
863 727 897 764 4.
922 726 958 764 b.

178 781 344 820 Joanm's
360 781 559 821 Joachz'mz'
572 783 760 823 Frantzii
772 785 934 825 historia
949 789 1068 828 Caro-

98 842 124 881 li
147 844 195 882 M.
217 843 502 895 A1·gent.4644
522 875 529 893 ,
549 846 651 884 4656
668 847 703 885 4.
721 858 813 886 cum
826 849 1064 899 Eginhardo.

177 905 425 958 Marquardi
453 906 626 946 Freheri
660 908 709 948 de
747 914 904 950 statura
936 912 1063 951 Caroli

94 970 222 1020 Magni
248 969 531 1020 Heidelbergae
557 971 684 1016 4642,
711 973 814 1011 4622
837 974 1062 1012 Norimber-

94 1042 165 1081 gae
191 1030 295 1070 4657
316 1032 350 1069 4.
375 1035 416 1070 et
439 1043 531 1071 cum
555 1033 697 1072 florum
723 1035 927 1084 sparsione
956 1036 1061 1073 Hen-

93 1091 376 1132 rz'ciGuntherz‘
386 1092 640 1143 Thulemarii,
658 1095 939 1146 Heidelbergae
955 1098 1049 1136 4681

94 1155 158 1194 42.
186 1160 227 1194 01
250 1155 297 1194 ad
324 1156 473 1195 calcem
504 1157 720 1207 Eginhardi
745 1157 931 1196 illustrati
961 1169 983 1197 a
1012 1159 1057 1197 V.

92 1217 135 1256 C.
156 1217 214 1255 Jo.
245 1219 471 1257 Hermanno
492 1219 728 1258 Schmincke
752 1231 840 1271 pag.
865 1221 941 1260 220
966 1221 1060 1259 Tra-

86 1277 320 1328 100114744.
352 1281 388 1318 4.

169 1341 341 1380 Joannes
358 1341 635 1394 Cryphz‘ander
659 1343 757 1382 libro
771 1343 820 1382 de
844 1344 1059 1383 Weichbil-

89 1403 152 1442 dis
175 1405 394 1452 Saxonicis,
420 1406 505 1443 sive
529 1405 703 1444 Colossis
725 1405 961 1454 Rolandicis,
986 1406 1059 1445 Ur—

87 1465 196 1505 bium
213 1466 465 1518 quarundam
483 1467 781 1506 Saxonicarum.
803 1466 1054 1518 Argentorati

89 1528 206 1567 4666.
232 1529 266 1566 4.
292 1528 341 1566 de
363 1529 510 1578 quibus
531 1529 761 1568 Rolandinis
777 1531 922 1568 statuis
938 1530 1055 1580 juva-

83 1589 142 1628 bit
163 1602 323 1641 quoque
342 1591 551 1630 consulere
581 1593 776 1630 Joannem
805 1591 1051 1632 Fridericum

82 1652 283 1692 Rhetium.
308 1653 556 1692 Francofurti
582 1654 684 1693 4678
708 1655 743 1692 4.

161 1714 334 1754 Joannes
361 1713 552 1754 Nicotaus
575 1715 742 1755 Herte'us
767 1717 805 1754 in
826 1718 966 1756 notitia
989 1729 1050 1756 re-

82 1777 148 1827 gni
170 1778 413 1816 Francorum
428 1779 579 1816 veteris
602 1789 623 1816 a
649 1779 775 1828 prima
795 1777 883 1828 ejus
898 1780 1048 1829 origine

81 1838 131 1878 ad
154 1850 368 1878 excessum
386 1850 513 1889 usque
530 1839 720 1878 Ludovici
740 1841 814 1887 Pii,
841 1841 944 1878 inter
960 1839 1048 1890 ejus

82 1901 286 1952 Opuscula
306 1906 413 1939 tomo
434 1903 585 1951 primo,
607 1902 785 1940 Francos.
808 1903 922 1941 4660.
947 1903 982 1940 4.

162 1961 336 2003 Carolus
354 1961 505 2001 Gotllob
521 1963 736 2013 Hoffmann
749 1964 798 2003 de
814 1965 960 2015 pietate
977 1965 1051 2003 Ca-

80 2025 1050 2076 roliMagniinconvertendisSaxonibus.Schnee-

79 2089 223 2140 bergae
249 2086 366 2127 4728.
394 2088 483 2125 8νο.
509 2087 611 2126 adde
638 2099 740 2138 quae
773 2088 852 2127 dixi
879 2090 916 2126 in
949 2088 1046 2126 libro

78 2150 128 2189 de
151 2150 431 2201 propagatione
452 2150 659 2201 Evangelii
682 2162 769 2202 pag.
795 2151 883 2190 425.

132 2210 341 2251 Abraham
363 2212 607 2251 Hosemanm·
625 2213 886 2265 Ertzehlung.
908 2213 1048 2252 Budis-

80 2276 142 2314 sin
165 2274 282 2315 4647.
303 2275 338 2313 4.

132 2336 301 2378 Martini
312 2336 359 2376 de
374 2335 525 2376 [barra
540 2337 768 2378 Caroleidos
784 2338 871 2378 libri
886 2339 948 2378 IV.
963 2350 1050 2377 car-

81 2400 188 2439 mine
201 2399 370 2449 heroico,
385 2400 605 2438 Barcinone
623 2401 737 2440 4546.
753 2401 787 2438 4.
797 2399 1046 2451 Argumenta

79 2461 269 2500 librorum
290 2461 363 2499 hoc
386 2461 621 2512 complexus
651 2461 909 2511 tetrasticho,
939 2461 1044 2511 quod

79 2528 143 2563 est
165 2524 286 2563 etiam
305 2522 410 2574 apud
431 2524 636 2562 Nicolaum
658 2522 876 2562 Antonium
898 2528 992 2561 tom.
1011 2525 1044 2562 11

79 2585 178 2625 Bibl.
198 2585 359 2634 Hispan.
383 2595 470 2635 pag.
496 2586 558 2623 83.

114 2673 245 2704 Primus
268 2674 381 2703 sanct-‘¹
410 2672 501 2703 canit
529 2671 638 2702 Caroli
661 2670 864 2703 incunabula
886 2673 983 2711 Regis
999 2697 1009 2711 ,

116 2723 311 2761 Quaesitum
335 2724 455 2752 Arctoo
478 2723 600 2760 Regem
617 2720 658 2752 de
675 2724 768 2761 patre
790 2722 968 2753 secundus.

115 2773 247 2803 Tertius
272 2772 450 2810 Hesperiae
471 2770 658 2801 sulcantem
682 2770 813 2802 caerula
837 2771 976 2801 classem
991 2795 1001 2809 ,

117 2823 300 2863 Imperium
322 2819 439 2852 fratres
465 2824 633 2851 mutantes
657 2821 794 2850 numine
819 2824 970 2859 quartus.

132 2895 300 2936 Joannis
324 2895 490 2935 Danielis
507 2895 668 2934 Koeleri
681 2896 730 2935 dc
747 2897 893 2935 familia
913 2896 1050 2947 Augu-

84 2964 147 3000 sta
179 2959 453 3009 Carolingica,
477 2961 733 3008 antiquorum
770 2964 1049 2997 monumento-

81 3034 172 3062 rum
195 3022 431 3061 auctoritate
457 3022 592 3059 innixa
621 3020 787 3060 Altdorf.
821 3020 935 3060 4725.
969 3021 1045 3059 410.

84 3084 229 3125 Confer
248 3084 303 3122 10.
319 3083 430 3122 Fre'd.
450 3082 730 3137 Pfeffinyerum
751 3083 799 3122 ad
819 3083 1048 3121 Vitriarium

83 3152 191 3186 tomo
214 3147 229 3185 I
255 3159 294 3198 p.
319 3147 408 3185 438.
441 3158 529 3196 seq.

133 3207 329 3258 Ejusdem
344 3209 499 3247 Koelcri
517 3208 745 3247 dissertatio
765 3207 813 3246 dc
836 3207 1049 3246 Bibliothe-

84 3281 130 3311 ca
152 3270 280 3309 Caroli
299 3271 426 3321 Magni
448 3270 495 3310 ad
520 3270 734 3322 Eginhardi
753 3274 872 3321 caput
894 3270 955 3309 33.
982 3269 1049 3309 Al-

87 3332 203 3372 tdorf.
231 3331 345 3374 4727.
371 3333 405 3372 4.

2045 231 2124 271 323

1201 294 1366 336 Ioannis
1382 295 1549 336 Henrz'ci
1568 297 1606 336 K
1607 307 1729 337 rause
1745 296 1862 338 dubia
1878 304 2024 339 vexata
2043 303 2119 340 cir—

1150 366 1194 394 ca
1206 358 1332 397 Caroli
1352 360 1480 410 Magni
1498 360 1704 400 historiam
1727 362 1881 412 Lipsiae
1900 362 2016 402 4706.
2040 364 2120 402 410.

1203 419 1318 459 Levis
1343 420 1376 459 le
1401 420 1657 473 Labozcreur,
1679 423 1821 463 Charle
1844 425 2003 476 Magne,
2028 431 2120 478 ροῦ-

1149 492 1212 519 me
1251 482 1486 534 historique,
1518 485 1604 523 libri
1642 490 1724 524 tres
1759 488 1966 537 primores.
2004 489 2114 527 Paris

1149 544 1263 582 4664.
1286 546 1322 583 8.
1347 552 1386 584 01
1412 547 1536 595 4666,
1559 547 1674 586 4687.
1702 549 1763 587 42.

1198 605 1388 646 Jolzanne's
1410 608 1599 646 Letznert'
1618 609 1651 657 a)
1677 609 1851 648 Hz‘storie
1874 623 1950 649 von
1969 611 2113 651 Carolo

1143 667 1195 705 M.
1227 668 1464 707 Hildeslzeim
1490 671 1503 708 4
1517 671 1605 709 602.
1632 671 1668 708 4.
1697 676 1738 709 et
1762 673 1798 710 in
1830 674 1995 724 Philippi
2019 676 2113 714 Julii

1140 730 1381 769 Rethmcieri
1424 731 1619 770 Chronico
1662 734 2112 776 Brunsvico-Luncbur·

1139 793 1275 842 gensi,
1296 792 1401 831 edito
1414 793 1662 843 Germanice,
1679 797 1888 835 Brunsvici
1911 798 2025 837 4722.
2043 800 2107 838 fol.

1190 852 1632 904 ErpoldiLz'ndenbroclt
1642 858 1970 897 neu—vermehrte
1982 861 2105 899 Chro-

1137 916 1225 954 nica
1247 915 1319 954 des
1342 917 1668 969 grosmuchtigen
1693 919 1869 969 Keysers
1899 921 2024 960 Caroli
2054 925 2102 962 M.

1134 988 1213 1015 von
1247 979 1399 1017 scinem
1432 980 1679 1018 innerlichcn
1708 981 1879 1020 Wandel
1911 983 1993 1021 und
2024 986 2106 1023 Pri-

1134 1040 1368 1089 vat-Leben,
1378 1041 1544 1091 Thaten,
1553 1043 1945 1096 Kriegen.Damburg
1956 1046 1969 1083 ¹1
1980 1047 2055 1085 593
2068 1047 2102 1085 4.

1186 1102 1411 1141 Hermanm·
1425 1102 1577 1156 Adolpb
1596 1104 1794 1145 Mez‘nders
1819 1106 1867 1144 de
1897 1111 2006 1146 statu
2028 1109 2103 1146 Re-

1132 1163 1287 1213 ligionis
1303 1169 1343 1203 et
1356 1167 1607 1216 Reipublicae
1629 1168 1667 1205 in
1692 1170 1820 1206 veteri
1838 1169 2009 1208 saxonia
2025 1170 2101 1209 sub

1133 1226 1271 1265 Carolo
1283 1229 1330 1266 M.
1349 1232 1388 1266 et
1406 1228 1604 1267 Ludovico
1619 1230 1698 1267 Pio.
1714 1230 1901 1280 Lemgov.
1919 1231 2036 1271 4714.
2062 1233 2097 1270 4.

1186 1289 1232 1327 D.
1257 1289 1481 1329 Christiani
1498 1290 1656 1343 Ne'fcmie'
1675 1294 1871 1342 ostensio,
1896 1293 2001 1343 quod
2026 1294 2100 1333 Ca-

1131 1352 1240 1390 rolus
1254 1354 1385 1391 M.non
1404 1353 1522 1392 fuerit
1540 1355 1964 1403 Papista.Francofurti
1980 1355 2093 1394 4670.

1132 1414 1169 1451 8.
1191 1412 1384 1464 Ejusdem
1409 1416 1574 1454 Carolus
1594 1416 1640 1453 M.
1665 1416 1805 1455 iterata
1830 1417 1916 1455 vice
1941 1417 2094 1456 exhibi-

1131 1480 1198 1514 tus
1220 1476 1436 1515 Confessor
1463 1478 1652 1517 Veritatis
1676 1478 1952 1528 Evangelicae.
1978 1480 2098 1518 Fran-

1128 1539 1202 1576 cof.
1229 1537 1343 1578 4679.
1368 1540 1404 1577 8.

1179 1599 1323 1652 Anyelt'
1348 1600 1452 1640 della
1481 1601 1609 1650 Noce,
1635 1599 1930 1653 Archiepiscopi
1949 1605 2094 1643 Rossa-

1125 1665 1288 1714 nensis,
1319 1664 1546 1703 dissertatio
1571 1664 1619 1702 de
1644 1664 1772 1704 Caroli
1796 1666 1844 1703 M.
1869 1666 1997 1716 effigie
2028 1678 2097 1705 ex-

1124 1730 1257 1764 stante
1283 1727 1321 1763 in
1346 1726 1489 1766 Codice
1512 1726 1729 1764 Bibliorum
1745 1731 1953 1766 asservato
1978 1729 2016 1766 in
2035 1739 2097 1766 ar-

1122 1787 1239 1825 chivo
1264 1788 1304 1826 S.
1329 1788 1437 1826 Pauli
1465 1789 1624 1826 Romae.
1662 1787 1750 1826 Alia
1772 1789 1879 1839 apud
1913 1790 2097 1829 Clarissi-

1126 1861 1236 1888 mum
1263 1850 1563 1889 Schminckium
1589 1850 1637 1889 ad
1661 1850 1936 1900 Eginhardum
1960 1865 2008 1891 ex
2034 1854 2093 1891 Jo.

1124 1912 1295 1950 Tristani
1320 1913 1606 1951 commentario
1630 1912 1678 1950 de
1703 1912 1794 1950 liliis
1814 1913 1963 1952 Gallice
1983 1914 2090 1953 edito

1124 1974 1283 2012 Parisiis
1307 1974 1420 2013 4656.
1458 1975 1493 2013 4.
1515 1974 1624 2013 Α1130
1646 1975 1685 2012 10
1709 1972 1822 2012 Actis
1851 1974 2091 2014 Sanctorum

1124 2038 1219 2073 tom.
1241 2037 1275 2074 II
1295 2037 1402 2074 Junii
1420 2037 1479 2076 12.
1496 2048 1583 2087 pag.
1611 2036 1686 2074 582
1707 2039 1748 2074 01
1771 2037 1809 2072 10
1832 2037 1998 2075 1030015
2022 2039 2093 2075 Ρο-

1122 2097 1172 2133 tri
1196 2098 1378 2136 Puricelli
1402 2099 1676 2137 monumentis
1698 2097 2058 2137 Mediolanensibus
2076 2128 2085 2146 ,

1120 2158 1327 2198 Mediolani
1355 2161 1468 2200 4645.
1495 2161 1560 2198 410
1579 2190 1588 2207 ,
1616 2165 1656 2199 et
1689 2164 1796 2198 tomo
1818 2161 1869 2199 lV
1892 2160 2087 2199 Thesauri

1123 2221 1258 2260 ltaliae
1273 2224 1559 2261 Burmanniani
1578 2224 1738 2274 pag 35.
1755 2222 1865 2262 Aliae
1874 2222 1980 2273 apud
1991 2224 2090 2262 Pau÷

1123 2282 1207 2321 lum
1232 2285 1439 2323 Petavium
1465 2286 1502 2323 in
1526 2286 1782 2335 gnorismate,
1807 2288 1904 2322 tom.
1928 2285 1963 2323 11
1988 2284 2091 2323 The-

1123 2346 1229 2384 sauri
1246 2347 1507 2398 Sallengriani
1522 2359 1609 2398 pag.
1629 2346 1744 2386 4037.
1769 2348 1787 2384 J
1794 2358 1964 2386 oannem
1978 2348 2090 2385 Jaco-

1120 2406 1215 2445 bum
1237 2408 1466 2449 Chissetium
1487 2411 1526 2447 in
1551 2409 1751 2448 Anastasii
1767 2409 1979 2448 Childerici
2001 2419 2086 2458 pag.

1121 2469 1156 2506 3.
1183 2470 1246 2507 34.
1272 2472 1359 2509 430.
1396 2475 1471 2509 010.
1496 2471 1594 2509 Vide
1619 2472 1674 2509 sis
1695 2475 1737 2510 et
1760 2471 1963 2509 Nicolaum
1998 2469 2090 2507 Ale-

1120 2541 1314 2569 mannum
1334 2532 1383 2570 de
1407 2532 1623 2582 parietibus
1640 2531 1974 2570 Lateranensibus
1996 2560 2004 2580 ,
2024 2531 2090 2569 Ja-

1119 2593 1205 2630 0001
1223 2593 1357 2643 Sponii
1372 2594 1622 2632 Miscellanea
1638 2593 1996 2644 pag 284..loannis
2012 2593 2090 2630 Ma-

1120 2654 1268 2692 billonii
1295 2656 1368 2693 iter
1391 2655 1572 2693 Italicum
1592 2666 1677 2704 pag.
1702 2653 1766 2692 70.
1792 2658 1832 2691 et
1856 2653 1948 2691 231.
1971 2654 2090 2691 1030-

1122 2728 1214 2754 nem
1238 2716 1467 2754 Michaiilem
1490 2716 1743 2754 Heineccium
1761 2714 1809 2752 dc
1834 2714 1973 2763 sigillis
1998 2725 2084 2764 pag.

1122 2780 1185 2817 81.
1211 2778 1276 2817 ubi
1301 2779 1420 2816 etiam
1453 2777 1501 2816 de
1525 2788 1570 2815 eo
1586 2808 1596 2824 ,
1627 2776 1732 2827 quod
1767 2776 1929 2814 barbata
1953 2775 2086 2814 Caroli

1124 2842 1277 2890 imago,
1303 2845 1347 2879 ut
1385 2842 1422 2878 in
1448 2841 1593 2880 statuis
1627 2844 1666 2878 01
1691 2839 1879 2890 picturis,
1906 2839 1958 2875 ita
1982 2842 2023 2876 et.
2047 2838 2087 2875 in

1122 2903 1286 2953 sigillis,
1312 2904 1525 2952 numisque
1550 2907 1626 2940 etc.

1178 2964 1458 3015 Clzrisloplzori
1481 2964 1560 3002 Otct'
1581 2964 1718 3002 laurus
1743 2961 1923 3001 Carolina
1949 2961 1996 2999 de
2021 2972 2088 3011 ge-

1124 3028 1198 3065 stis
1222 3027 1348 3065 Caroli
1375 3028 1420 3064 M.
1451 3031 1491 3064 ct
1520 3028 1738 3066 Caesarum
1768 3023 2085 3073 Carolingorum.

1124 3089 1337 3138 lngolstad.
1362 3088 1477 3128 46:34.

1176 3150 1375 3189 Joaclzizm'
1394 3151 1566 3202 Auqusti
1593 3148 1772 3188 Pastore'c'
1799 3149 1960 3187 Tacitus
1990 3147 2087 3187 Ger-

1178 3293 1210 3331 a)
1228 3296 1404 3334 perperam
1426 3294 1585 3326 Tetzneri
1602 3295 1637 3326 in
1654 3291 1860 3324 Bibliotheca
1879 3292 2085 3330 Lippeniana

1118 3351 1195 3385 pag.
1213 3344 1290 3379 5³54.
