2500 3841
954 216 1314 258 COLUMNA
2084 216 2137 254 73

132 290 256 334 lombo
277 291 419 330 scritta
443 288 495 328 da
518 287 637 337 Luiyi
661 288 788 326 Bossi.
814 289 954 327 Milano
980 289 1096 337 4848,

127 357 164 394 8.
179 355 241 404 fig.
253 355 444 404 Spotorno
462 350 555 391 Cod.
571 348 1007 391 Colombo'Americano
1024 351 1094 398 ec.)

179 415 430 454 Franciscus
455 413 696 453 COLUMNA
711 444 719 461 ,
736 415 785 452 ab
804 414 1006 453 amoribus
1027 415 1097 451 Po-

126 480 227 527 liae,
250 478 417 528 virginis
443 475 584 514 nobilis
608 477 858 526 Tarvisinae‚
883 475 1098 514 POLIPHI-

126 542 174 580 LI
198 541 359 579 nomine
387 537 565 588 adscito,
591 543 682 589 post
702 537 905 588 juveniles
940 549 1096 576 amores

125 604 275 643 Milesia
293 601 424 641 fabula
438 601 574 639 Italice
598 601 842 650 descriptos⁷
859 600 991 650 paullo
1010 611 1099 650 pro-

125 666 278 705 vectior
318 667 450 702 aetate
478 662 552 702 An.
587 662 691 702 4467
730 663 898 701 Tarvisii
940 663 1099 712 scripsit

127 724 555 780 Hypnerotomachiam
592 725 740 764 editam
780 724 870 763 ibid.
912 724 1013 763 4499
1057 725 1096 762 in

126 801 210 841 qua
245 789 493 840 propositum
527 789 563 826 ei
586 792 649 826 est
678 787 915 837 ostendere,
953 790 1098 825 cuncta

128 863 300 903 quorum
329 862 464 889 amore
503 850 728 901 depereunt
756 849 964 895 homines,
998 848 1096 886 nihil

127 914 233 954 aliud
258 924 380 964 quam
405 913 607 951 somnium
631 911 757 950 videri
778 942 785 961 ,
816 915 861 949 ut
880 910 963 961 jam
985 914 1096 949 nota-

128 981 215 1016 tum
237 975 378 1015 Vossio
408 986 496 1026 pag.
521 975 598 1012 803
625 975 692 1024 qui
717 977 879 1024 propter
902 973 976 1011 hoc
1000 973 1097 1010 scri-

125 1042 241 1090 ptum
261 1039 297 1077 ei
320 1039 452 1077 locum
477 1038 581 1076 inter
599 1038 817 1075 Historicos
842 1036 1003 1073 Latinos
1028 1033 1097 1072 da-

128 1113 170 1140 re
191 1112 269 1139 non
294 1100 508 1139 dubitavit.
524 1099 622 1139 Vide
638 1099 833 1137 Johannis
846 1095 1094 1136 Hallervordi

127 1163 416 1202 Bibliothecam
433 1162 632 1201 curiosam
653 1172 738 1211 pag.
759 1160 836 1198 344
853 1163 894 1198 et
916 1159 1095 1197 Diarium

126 1224 389 1264 Eruditorum
406 1223 559 1271 Italiae,
576 1227 670 1260 tom.
689 1222 807 1260 tertio
825 1221 1096 1272 supplementi

127 1298 215 1338 pag.
243 1287 312 1326 464
339 1315 347 1334 ,
369 1297 453 1335 seq.

180 1347 202 1371 ³⁸⁶
225 1346 474 1386 Franciscus
510 1343 721 1386 Columna.
757 1344 976 1384 Monachus
1011 1345 1098 1383 sive

129 1409 224 1450 Ord.
250 1410 289 1448 S.
313 1409 509 1448 Dominici
534 1408 620 1446 sive
643 1408 870 1446 Canonicus
893 1407 1099 1458 Regularis

132 1472 284 1511 nullam
308 1471 550 1510 Milesiacam
575 1469 758 1508 fabellam
782 1469 830 1507 de
851 1468 1099 1519 juvenilibus

132 1534 337 1573 amoribus
357 1533 443 1572 suis
465 1531 540 1571 sub
559 1533 753 1570 ementito
774 1531 952 1581 Poliphili
973 1532 1100 1569 nomi-

128 1597 170 1635 ni
204 1596 366 1646 scripsit
395 1595 554 1633 Italice:
579 1594 645 1632 vel
676 1593 820 1632 saltem
851 1604 953 1644 opus
990 1593 1098 1637 istud

127 1658 233 1697 idem
275 1658 393 1708 plane
423 1661 486 1695 est
515 1667 560 1695 ac
590 1656 676 1695 eius
711 1655 1099 1706 Hypnerotomachia

134 1720 242 1759 edita
265 1721 439 1770 primum
460 1729 539 1756 non
560 1717 722 1767 quidem
740 1718 921 1764 Tarvisii,
940 1716 1011 1755 sed
1026 1717 1102 1755 Ve-

130 1782 249 1820 netiis
273 1792 335 1819 an.
363 1781 479 1820 4499.
503 1780 591 1830 (80.
621 1778 735 1830 Typis
761 1777 856 1817 Aldi
879 1779 942 1829 fig.
969 1778 1032 1816 fol.
1059 1782 1098 1816 et

131 1845 278 1882 iterum
301 1842 377 1881 An.
403 1842 547 1889 4545.)
572 1842 775 1880 Immerito
798 1852 895 1879 vero
915 1852 938 1879 a
956 1841 1096 1879 Vossio

130 1907 234 1944 inter
268 1905 429 1944 Latinos
467 1904 678 1942 historicos
713 1907 970 1951 accensetur3
1003 1913 1096 1941 nam

130 1968 205 2007 sub
233 1967 410 2015 Graeco,
439 1967 631 2005 Latinove
662 1966 735 2004 hoc
765 1965 882 2003 titulo
913 1964 1095 2003 fabellam

129 2030 248 2081 plane
271 2029 450 2068 Italicam
475 2028 596 2067 dedit.
625 2029 706 2067 Nec
737 2028 835 2065 satis
864 2029 1023 2065 constat
1046 2037 1096 2064 an

130 2103 226 2131 suos
255 2093 295 2129 in
327 2091 563 2141 sapientiam
602 2100 760 2128 amores
798 2089 874 2127 sub
901 2088 1029 2127 Poliae
1058 2092 1099 2125 et

126 2153 305 2204 Poliphili
331 2153 517 2201 nomine,
544 2163 617 2191 seu
645 2152 780 2202 potius
806 2149 1001 2201 juvenilia
1025 2162 1099 2189 sua

134 2216 374 2267 depinxerit.
397 2214 497 2254 Vide
519 2215 729 2253 Fontanini
758 2214 990 2264 Eloquenza
1013 2213 1098 2251 Ital.

127 2289 216 2329 pag.
242 2278 331 2317 562.
357 2276 418 2315 ed.
443 2277 541 2315 Ven.
569 2275 686 2316 4737.

183 2338 310 2378 Guido
333 2338 380 2377 de
404 2337 665 2387 COLUMNA,
698 2338 829 2377 Judex
865 2339 1096 2378 Messanen-

128 2401 184 2439 sis
201 2430 210 2448 ,
234 2401 391 2439 Siculus
421 2402 526 2439 circa
548 2399 713 2439 Annum
734 2400 839 2440 4287
863 2401 900 2438 in
927 2402 1095 2450 gratiam

126 2463 313 2501 Matthaei
329 2462 378 2501 de
394 2465 533 2511 Porta,
557 2461 856 2513 Archiepiscopi
881 2462 1095 2500 Salernita-

127 2525 167 2562 ni
190 2535 241 2562 ex
257 2524 402 2563 Darete
417 2528 458 2562 et
472 2525 615 2574 Dictye
631 2525 856 2575 composuit
871 2523 1094 2563 Historiam

133 2585 344 2636 Trojanam
364 2586 403 2623 in
427 2586 549 2625 variis
572 2587 725 2625 MStam
750 2586 1024 2634 Bibliotheeis‚
1050 2591 1094 2625 ut

128 2648 282 2686 notavit
305 2646 489 2686 Oudinus
507 2651 602 2685 tom.
626 2648 705 2694 ΙΙΙ,
730 2659 815 2698 pag.
842 2648 911 2686 584
937 2647 1016 2686 Sed
1032 2652 1095 2696 ty-

129 2711 190 2761 pis
207 2710 408 2760 exscripta
427 2710 548 2748 etiam
562 2709 706 2759 prodiit
722 2708 964 2759 Argentinae
990 2711 1092 2748 4486

128 2775 169 2810 et
193 2771 295 2810 4489
315 2800 323 2819 ,
347 2771 410 2809 fol.
437 2771 656 2821 Utramque
681 2771 896 2809 editionem
922 2772 1092 2821 inspexi.

128 2834 408 2873 Germanicam
428 2833 656 2871 versionem
674 2834 893 2883 prosariam
910 2837 1091 2872 veterem

128 2897 167 2934 in
191 2895 433 2934 Bibliotheca
450 2895 641 2935 Caesarea
660 2894 737 2933 MS.
761 2898 956 2932 memorat
976 2895 1091 2933 Lam-

127 2957 265 2996 becius
290 2961 383 2995 tom.
409 2957 469 3006 II⁷
508 2968 594 3008 pag.
628 2957 705 2994 948
743 2967 823 2995 una
845 2967 938 2995 cum
963 2957 1087 2996 altera

127 3031 249 3070 quam
285 3019 470 3058 versibus
494 3019 744 3058 Germanicis
782 3019 886 3057 circa
923 3018 1087 3058 Annum

128 3081 230 3121 4240
247 3082 471 3132 composuit
486 3082 680 3120 Henricus
704 3081 752 3119 de
776 3080 966 3128 Veldeck⁷
983 3082 1088 3120 Thu-

127 3144 278 3194 ringus.
298 3143 354 3182 De
370 3144 579 3194 Hispanica
599 3144 783 3181 versione
803 3143 906 3181 Petri
921 3143 1086 3182 Nunnez

125 3204 317 3255 Delgado,
338 3205 522 3244 Nicolaus
541 3204 741 3244 Antonius
766 3209 860 3242 tom.
877 3205 929 3249 ΙΙ,
947 3205 1089 3243 Biblio-

128 3265 268 3305 thecae
292 3268 487 3318 Hispanae
511 3279 598 3318 pag.
626 3266 711 3306 479.
737 3268 792 3305 De
818 3267 950 3305 Italica
966 3267 1089 3305 Anto-

128 3329 250 3366 ninus
269 3330 487 3380 Mongitor7
513 3331 580 3379 qui
605 3329 834 3378 diligentius
854 3328 902 3368 dc
927 3329 1088 3370 Colum-

1173 300 1223 328 na
1248 294 1383 328 nostro
1421 293 1461 327 ct
1498 288 1546 327 de
1584 288 1672 327 aliis
1695 285 1784 337 ejus
1818 286 1978 337 scriptis
2001 286 2137 324 Italice

1172 351 1289 391 editis
1311 352 1471 391 disserit
1500 355 1595 389 tom.
1622 351 1664 397 Ι,
1689 348 1956 388 Bibliothecae
1982 348 2137 387 Siculae

1171 425 1257 464 pag.
1287 413 1375 453 267.
1422 415 1508 463 (84.
1547 412 1694 452 Prodiit
1730 412 1865 450 Italica
1901 410 1942 448 in
1979 409 2139 449 Venetia

1173 476 1288 514 4484.
1315 476 1376 514 fol.
1402 480 1442 514 et
1466 477 1611 514 ¹Iterum
1632 473 1749 524 juxta
1773 472 1905 513 Codic.
1930 472 2009 511 MS.
2034 471 2134 510 Med.

1174 539 1361 576 Laurent.
1388 537 1429 575 in
1453 535 1602 587 Napoli
1624 537 1740 575 4665.
1767 536 1815 584 4.)

1226 600 1426 638 ΙοΙιαηηθε
1460 597 1722 647 COLUMNA,
1746 597 1907 636 Ordinis
1935 596 2140 636 Praedica-

1172 667 1331 710 torum,
1367 665 1407 699 et
1443 671 1494 698 ex
1530 661 1778 698 Messanensi
1799 659 2137 710 Archiepiscopus

1172 724 1248 763 An.
1275 723 1392 763 4262.
1413 722 1656 760 Nicosiensis
1677 722 1715 759 in
1739 723 1870 772 Cypro
1892 722 2047 770 Insula,
2072 733 2143 760 au-

1171 791 1258 826 ctor
1291 784 1423 825 Maris
1447 783 1728 823 Historiarum
1763 784 1812 821 ab
1848 783 1951 822 Orbe
1981 784 2140 822 condito

1172 859 1302 898 usque
1322 846 1370 885 ad
1387 845 1552 884 Annum
1572 845 1688 884 4250.
1703 845 1780 883 MS.
1799 846 1838 881 in
1856 847 1976 883 variis
2000 846 2142 884 Biblio-

1170 910 1303 948 thecis
1321 939 1331 956 ‚
1357 909 1462 948 sicut
1485 907 1573 958 ejus
1612 906 1847 957 Pontificum
1872 908 2142 945 Romanorum

1168 971 1353 1011 Historia
1369 1001 1378 1018 ‚
1410 982 1485 1009 nec
1510 982 1587 1009 non
1620 971 1720 1008 liber
1743 969 1788 1009 de
1814 967 2044 1021 infelicitate
2074 982 2142 1008 cu-

1168 1033 1358 1083 rialium,
1384 1039 1424 1072 et
1447 1034 1548 1072 alter
1564 1032 1611 1072 (le
1632 1031 1766 1083 ιᾳῖονία
1790 1031 2010 1070 Paradisi:
2035 1037 2075 1070 et
2091 1032 2140 1070 ad

1170 1096 1352 1136 diversos
1375 1094 1594 1147 Epistolae.
1620 1095 1719 1134 Vide
1739 1094 1944 1133 Oudinum
1971 1097 2066 1133 tom.
2090 1096 2141 1133 III

1170 1171 1257 1210 pag.
1285 1159 1388 1209 485,
1414 1169 1498 1208 seq.
1523 1157 1593 1196 sed
1620 1158 1801 1208 inprimis
1821 1157 2015 1196 Jacobum
2039 1157 2144 1202 Que-

1171 1222 1221 1259 tis
1233 1226 1327 1259 tom.
1347 1222 1382 1270 Ι,
1403 1220 1668 1259 Bibliothecae
1684 1220 2037 1258 Dominicanorum
2052 1230 2140 1269 pag.

1173 1284 1247 1322 449
1267 1312 1274 1331 ,
1300 1294 1384 1333 seq.
1407 1284 1474 1333 qui
1498 1284 1620 1321 etiam
1641 1285 1753 1320 notat
1768 1281 1884 1331 longe
1908 1280 2015 1319 aliud
2039 1291 2141 1331 opus

1172 1357 1283 1394 esse⁷
1301 1345 1406 1395 quod
1423 1345 1572 1383 Gallice
1590 1345 1721 1383 lucem
1738 1343 1839 1381 vidit
1856 1343 2016 1381 Parisiis
2035 1343 2138 1381 4488

1174 1408 1237 1445 fol.
1262 1406 1299 1446 la
1316 1418 1400 1445 mer
1423 1406 1491 1445 des
1515 1406 1699 1444 liistoires
1715 1416 1883 1444 versum
1908 1417 1958 1443 ex
1983 1406 2141 1445 Latino,

1172 1468 1278 1519 quod
1298 1468 1633 1508 BROCHARTUS
1647 1467 1809 1517 quidam
1827 1467 2052 1517 Theologus
2071 1468 2143 1504 La-

1175 1533 1255 1570 tine
1279 1531 1354 1570 An.
1381 1531 1485 1570 4475
1510 1530 1691 1568 ediderat
1729 1530 1804 1567 sub
1839 1529 1983 1568 titulo:
2023 1528 2146 1568 Rudi-

1173 1592 1296 1632 menti
1315 1591 1580 1631 Novitiorum.
1604 1591 1715 1630 Idem
1741 1591 1927 1637 Quetifus
1955 1597 2051 1630 tom.
2084 1592 2117 1629 Il
2137 1622 2145 1639 ,

1172 1668 1259 1707 pag.
1285 1657 1379 1704 829,
1403 1659 1444 1693 et
1468 1655 1545 1692 996
1571 1657 1682 1692 notat
1705 1653 1899 1692 Johannis
1924 1653 2047 1703 hujus
2070 1654 2144 1692 Co-

1172 1718 1334 1757 lumnae
1359 1718 1505 1756 librum
1530 1716 1576 1755 cle
1604 1715 1711 1756 Viris
1748 1714 1975 1754 illustribus
2004 1715 2143 1754 Ethai·-

1172 1780 1230 1819 cis
1259 1783 1297 1818 et
1325 1779 1569 1819 Christianis
1605 1779 1778 1818 editione
1803 1779 1969 1830 dignum
1991 1777 2144 1827 judica—

1173 1846 1263 1881 tum
1288 1854 1375 1892 pag.
1409 1843 1471 1880 50.
1507 1842 1626 1879 Diarii
1656 1841 1779 1878 Italici
1819 1852 1842 1878 a
1878 1841 2144 1879 Celeberrimo

1170 1904 1470 1951 Montfaucono,
1508 1904 1629 1941 etiam
1667 1901 1742 1940 An.
1782 1901 1883 1942 4720
1922 1901 1972 1939 ad
2001 1902 2135 1951 praela

1171 1970 1355 2016 paratum
1375 1970 1415 2004 et
1434 1966 1540 2003 notis
1560 1965 1808 2003 illustratum
1833 1964 1957 2002 fuisse
1977 1974 2000 2000 a
2024 1963 2069 2001 V.
2090 1963 2132 2001 C.

1172 2028 1386 2067 Benedicto
1411 2027 1607 2076 Zannelli7
1631 2027 1830 2064 Romanae
1855 2026 2140 2064 Casanatensis

1172 2090 1437 2129 Bibliothecae
1460 2090 1672 2140 praefecto.
1697 2089 1814 2126 Illum
1845 2087 2018 2125 necdum
2044 2086 2144 2123 vidi-

1174 2164 1282 2201 mus,
1304 2153 1397 2191 licet
1419 2152 1552 2202 praelo
1577 2151 1841 2189 commissum
1865 2150 2046 2187 referunt
2065 2149 2122 2187 No

1173 2226 1223 2253 va
1248 2216 1456 2253 Litteraria
1478 2215 1584 2264 Lips.
1608 2213 1682 2251 An.
1711 2211 1806 2250 4721
1833 2242 1841 2261 ,
1863 2222 1951 2262 pag.
1977 2211 2038 2248 49.

1223 2276 1483 2329 Landulphus
1511 2275 1558 2314 de
1589 2273 1857 2322 COLUMNA,
1888 2285 2009 2324 quem
2040 2273 2142 2312 Can-

1169 2342 1259 2392 gius
1288 2352 1498 2391 perperam
1521 2338 1733 2389 distinguit
1757 2348 1780 2376 a
1804 2336 2040 2387 Landulpho
2073 2336 2142 2374 Sa-

1169 2415 1264 2454 gace
1287 2407 1448 2442 auctore
1470 2402 1660 2440 librorum
1683 2404 1978 2450 postremorum
2004 2398 2138 2437 Histo-

1169 2464 1257 2503 riae
1286 2463 1498 2504 Miscellae.
1523 2463 1622 2503 Vide
1647 2462 1748 2500 infra
1764 2492 1774 2509 ‚
1805 2461 2139 2500 LAMJULPHUS

1168 2527 1327 2576 Saqaoe.

1223 2588 1367 2625 Petrus
1377 2588 1611 2637 cognomine
1629 2585 1911 2632 COMESTOR.
1928 2584 2137 2621 siveMan-

1168 2649 1357 2698 ducator,
1384 2651 1626 2698 (Mangeur‚
1651 2647 1803 2694 Gallis)
1829 2647 1920 2684 inde
1945 2645 2077 2684 dictus
2102 2649 2135 2684 si

1169 2711 1386 2749 Trithemio
1402 2715 1435 2758 a)
1451 2710 1674 2756 credimus7
1700 2709 1805 2758 quod
1826 2707 2137 2758 Scripturarum

1166 2772 1427 2811 auctoritates
1452 2772 1492 2810 in
1515 2771 1600 2810 suis
1630 2768 1882 2809 sermonibus
1907 2772 1945 2807 et
1966 2780 2135 2821 opuscu-

1167 2834 1214 2874 lis
1237 2834 1420 2874 crebrius
1445 2832 1653 2884 alleqamlo
1670 2831 1842 2884 quasiin.
1858 2835 2039 2870 ventrem
2054 2843 2134 2870 me-

1164 2897 1316 2935 moriae
1338 2896 1608 2935 manducarit.
1642 2896 1856 2933 Trecensis
1885 2906 1935 2933 ex
1964 2895 2132 2943 Presby-

1164 2965 1248 2999 tero
1272 2972 1316 2999 ac
1340 2962 1498 2998 Decano
1521 2959 1725 2998 Ecclesiae
1752 2958 1903 2995 Patriae
1928 2957 2132 2995 Cancella-

1163 3024 1247 3061 rius
1272 3023 1525 3069 Parisiensis,
1551 3021 1722 3070 denique
1746 3021 1782 3057 in
1805 3029 1968 3057 secessu
1984 3018 2033 3057 ad
2057 3019 2131 3058 Ca-

1163 3086 1324 3123 nonicos
1346 3086 1384 3123 S.
1409 3085 1580 3123 Victoris
1603 3082 1863 3128 Parisiensiffi
1888 3081 1994 3119 diem
2033 3080 2128 3119 obiit

1162 3147 1235 3185 An.
1278 3145 1407 3194 4478,
1444 3146 1506 3184 42.
1540 3146 1623 3184 Kal.
1654 3144 1856 3184 Novembr
1894 3143 1960 3181 ubi
1987 3143 2059 3182 hoe
2089 3145 2125 3182 ei

1215 3241 1248 3280 a)
1274 3241 1353 3280 Cap.
1377 3240 1440 3271 580
1463 3242 1504 3272 dc
1520 3242 1549 3271 S.
1569 3242 1605 3270 E.
1623 3239 1815 3272 Ridiculum
1835 3239 1869 3271 id
1892 3240 2025 3271 videtur
2047 3239 2127 3270 Lab-

1155 3292 1216 3322 beo
1240 3295 1264 3322 t.
1283 3293 1335 3328 11,
1354 3299 1428 3330 pag.
1454 3289 1523 3321 199.
1551 3289 1611 3321 scd
1636 3291 1808 3321 verissima
1832 3289 2001 3322 interdurn
2025 3290 2126 3320 ctiam

1156 3341 1308 3373 videmus
1333 3348 1401 3373 esse
1426 3348 1512 3380 quae
1538 3343 1616 3372 sunt
1643 3339 1798 3372 ridicula.
