2500 3841
933 224 1331 265 CATALDUS

2041 227 2118 266 333

129 300 232 339 ctius
247 299 385 336 Lector
398 296 522 347 possit
544 292 594 333 de
608 295 689 344 his,
713 295 807 345 quid
823 295 1075 335 sentiendum
1144 296 1277 348 patris
1300 295 1446 336 obitum
1468 297 1543 336 vic
1562 308 1680 348 reqno
1703 298 1970 347 assumptum,
1995 308 2117 347 reqno

127 362 202 410 sit,
225 357 443 409 conjicere,
467 357 544 397 duo
567 357 788 396 adscribam
818 358 866 398 de
895 358 957 398 his
986 371 1078 398 con-

126 424 246 462 traria
267 421 508 470 testimonia,
533 432 659 459 unum
681 419 896 460 Alexandri
918 422 966 460 ab
987 421 1078 461 Ale-

128 485 279 525 xandro
301 484 481 535 plurimis
517 485 708 534 stIpatum
731 484 1076 536 suffragatoribus,

127 548 295 587 alt-erum
314 546 505 586 Johannis
527 547 680 584 Joviani
703 547 880 585 Pontani.
903 547 963 585 Ita
985 559 1079 585 vero

124 608 350 648 Alexander
369 608 466 647 libro
485 609 537 648 III
553 609 765 658 genialium
781 609 934 648 dierum
954 611 1080 660 capite

131 673 194 711 45.
217 673 348 720 Quum
366 670 529 722 florente
551 669 714 723 fortuna
736 670 983 709 Ferdinandi
995 671 1082 723 pri-

125 733 182 773 mi
209 733 325 785 Reqis
357 733 602 785 Arraqonii,
627 731 726 772 urbs
756 732 1016 784 Neapolitana
1045 737 1080 772 et

123 806 314 847 reqnum,
347 794 466 834 nullis
489 795 617 834 adhue
658 793 749 833 belli
784 794 1079 834 calamitatibus

118 861 415 910 premerentur,
441 858 540 896 sat-is
564 861 733 906 constat,
757 857 968 897 Cataldum
990 869 1081 896 san-

125 925 230 960 ctum
248 921 382 960 virum
396 953 407 970 ,
432 920 503 972 qui
518 919 660 960 abhinc
684 920 799 959 annis
822 919 927 959 mille
948 919 1083 958 Ponti-

125 981 199 1035 feoe
222 981 319 1022 urbi
336 982 569 1022 Tarentinae
579 981 777 1035 praefuit,
802 994 994 1034 quemque
1009 993 1084 1033 pa-

128 1049 285 1084 tronum
305 1045 507 1097 Tarentini
518 1045 622 1085 cives
631 1048 873 1084 venerantur
892 1048 928 1083 et
941 1043 1082 1093 colunt,

125 1111 233 1146 nocte
250 1107 490 1158 intempesta,
502 1106 681 1146 ministro
691 1118 902 1146 sacrorum
911 1105 1083 1158 cuipiam

127 1173 217 1208 tunc
246 1168 376 1208 sacris
410 1169 584 1218 initiate,
616 1173 654 1207 et
681 1169 722 1207 in
750 1172 862 1207 casta
897 1167 1084 1219 religione

125 1230 301 1279 educato,
326 1230 446 1269 semel
465 1234 586 1282 atque
609 1231 754 1269 iterum
777 1231 817 1270 in
839 1231 1000 1270 somniis
1014 1242 1083 1281 ap-

119 1292 322 1345 paruisse,
344 1304 390 1331 ae
405 1293 614 1343 monuisse,
635 1297 681 1332 ut
702 1292 874 1332 libellum
890 1306 917 1332 a
936 1305 978 1332 se
997 1304 1085 1331 con-

123 1355 334 1407 scriptum,
360 1367 477 1406 quem
496 1355 536 1393 in
557 1354 688 1394 abdito
706 1355 787 1395 loco
811 1356 948 1395 vivens
971 1354 1085 1393 abdi-

125 1418 264 1469 demt,
282 1418 322 1457 in
343 1430 420 1470 quo
440 1418 586 1457 Divina
604 1430 761 1457 arcana
782 1418 934 1469 scripta
957 1420 1082 1467 erant,

123 1481 316 1532 effodere,
341 1484 380 1519 et
393 1479 580 1531 protinus
603 1481 658 1519 ad
675 1483 815 1531 Reqem
839 1479 995 1532 deferri
1016 1492 1085 1519 cu-

119 1547 243 1582 raret.
263 1543 342 1593 Qui
357 1554 482 1594 quum
498 1555 648 1594 parum
668 1542 763 1595 fidei
785 1542 934 1581 somnio
957 1541 1086 1581 dedis-

121 1610 205 1656 set,
230 1605 365 1645 eadem
384 1604 464 1645 sibi
478 1617 552 1657 per
576 1604 744 1656 quietem
767 1603 928 1656 saepius
949 1603 1086 1643 obver—

121 1672 213 1708 sata
235 1667 382 1720 specie,
407 1680 532 1720 quum
550 1667 683 1719 primo
699 1667 870 1707 diluculo
886 1667 993 1706 solus
1007 1679 1087 1705 mo-

121 1734 288 1769 raretur
311 1731 352 1769 in
376 1729 531 1782 templo,
558 1729 686 1782 ipsum
704 1730 934 1780 Cataldum,
957 1728 1087 1781 qualis

123 1796 213 1830 erat
226 1791 317 1830 olim
337 1791 429 1830 dum
447 1792 488 1830 in
505 1792 590 1831 vita
604 1796 758 1843 asseret,
769 1792 972 1844 pontificia
986 1794 1090 1830 veste

122 1857 160 1892 et
180 1853 308 1906 infula
327 1853 532 1902 amictum,
550 1853 672 1893 eidem
687 1854 867 1892 ministro
884 1853 1002 1905 plane
1025 1853 1084 1892 vi-

117 1914 262 1967 9ilanti
281 1915 521 1968 apparuisse
535 1947 546 1965 ,
582 1919 617 1954 et
635 1915 917 1967 praedioez'sse,
943 1919 988 1954 ut
1014 1927 1084 1967 po-

120 1981 229 2016 stera
249 1977 334 2016 luce
357 1989 480 2029 quum
496 1978 674 2030 primum
688 1982 837 2029 posset,
865 1977 1035 2016 libellum
1059 1990 1085 2015 a

119 2052 160 2079 se
183 2040 475 2091 conscriptum,
498 2040 538 2078 in
560 2040 691 2079 abdito
713 2039 792 2079 loco
816 2052 930 2092 quem
955 2039 996 2078 in
1024 2051 1085 2078 so-

118 2102 237 2142 mniis
253 2101 546 2154 praedioeerat,
572 2101 770 2141 conditum
784 2134 795 2151 ,
827 2101 995 2153 effodere
1011 2134 1020 2151 ‚
1048 2106 1083 2140 et

119 2164 217 2216 Reqi
230 2163 387 2217 deferre
409 2176 457 2203 ne
479 2168 738 2204 cunctaretur
753 2197 763 2214 ‚
783 2176 952 2216 poenam
970 2196 980 2213 ‚
1005 2164 1084 2203 nist

113 2226 248 2279 fieret,
281 2226 463 2278 qraviter
490 2227 760 2267 comminatus.
797 2229 963 2265 Postera
993 2225 1078 2265 luce

117 2289 282 2329 solemni
290 2301 434 2342 pompa
457 2289 684 2329 ministrum
704 2301 793 2329 cum
809 2288 949 2342 populi
966 2300 1083 2327 comi-

118 2355 204 2390 tatu
226 2351 281 2390 ad
302 2351 496 2390 latebram
510 2383 521 2401 ,
543 2351 583 2390 in
619 2363 699 2404 qua
736 2351 959 2401 lonyissimo
984 2363 1080 2390 aevo

119 2411 272 2452 libellus
288 2412 475 2463 latuerat,
493 2414 758 2465 processisse:
774 2425 938 2465 eumque
951 2413 1082 2464 plum-

127 2473 208 2514 beis
232 2473 384 2514 tabellis
408 2474 680 2527 obsiqnatum,
711 2481 749 2515 et
770 2475 895 2515 clavis
924 2474 1083 2514 obsera-

118 2541 199 2576 tum
222 2536 438 2587 invenisse,
468 2541 567 2576 satis
596 2541 760 2576 constat.
785 2538 832 2575 In
855 2549 897 2576 eo
927 2540 1081 2575 certum

119 2602 191 2648 est,
215 2597 400 2651 futurum
422 2599 536 2650 reqni
549 2599 771 2649 eaccidium,
792 2599 998 2648 miserias,
1017 2611 1082 2637 ca-

120 2660 327 2709 lamitates,
344 2663 382 2698 et
395 2659 574 2698 luctuosa
594 2664 782 2711 tempora,
797 2664 915 2712 atque
934 2661 1082 2699 instan-

116 2723 172 2761 tia
193 2721 326 2771 mala,
351 2733 452 2774 quae
471 2725 608 2773 postea
641 2727 810 2774 sequuta
838 2727 954 2771 sunt,
986 2723 1083 2773 Reqi

111 2783 382 2836 praedixisse.
403 2783 451 2823 Id
464 2783 567 2836 quod
580 2784 847 2835 eaepertmento
862 2784 974 2834 (loeti,
994 2797 1077 2823 ma-

114 2858 196 2898 yna
211 2845 387 2885 mercede
404 2845 653 2896 persolutum
674 2845 856 2884 vidimus.
877 2845 1079 2897 Siquidem

118 2912 230 2948 tanta
248 2907 309 2947 vis
325 2907 490 2946 Divinae
504 2907 788 2959 praedictionis
801 2907 895 2959 fait,
918 2911 961 2946 ut
975 2907 1083 2947 haud

115 2970 236 3010 multo
255 2973 364 3021 post,
391 2969 519 3020 ipsum
542 2968 859 3018 Ferdinandum,
880 2981 950 3008 seu
967 2969 1080 3009 deum

118 3033 198 3082 ira,
224 3044 296 3072 seu
317 3030 399 3084 fato
423 3030 706 3083 insuperabili,
732 3031 835 3083 quod
856 3030 984 3070 vitari
1005 3044 1081 3071 non

113 3094 265 3146 potuit,
291 3093 331 3132 in
348 3093 481 3145 primo
507 3092 599 3132 belli
619 3097 820 3146 apparatu
843 3105 862 3131 e
885 3093 967 3132 vita
995 3105 1082 3132 con-

119 3160 195 3196 stet
215 3156 459 3208 eaecessz·sse,
488 3156 751 3209 Carolumque
779 3155 983 3194 Gallorum
1011 3158 1082 3195 Re-

124 3230 212 3270 qem
236 3218 383 3270 inqenti
400 3223 534 3258 coacta
557 3231 698 3267 manu,
724 3218 939 3257 innumeris
964 3218 1082 3270 copiis

129 3280 432 3332 Neapolitanum
455 3293 564 3320 omne
587 3293 750 3332 requam
776 3280 995 3320 invasisse:
1018 3280 1084 3319 ΛΙ-

129 3341 362 3395 fonsu‘mque
385 3344 632 3383 Ferdinancli
647 3343 949 3394 primogenitum
962 3377 972 3394 ,
997 3349 1088 3396 post

1149 358 1356 408 orbatum,
1383 359 1493 410 turpi
1510 358 1609 412 [uqa
1638 357 1747 398 velut
1780 358 1821 396 in
1856 357 1979 397 eaeilio
2014 359 2116 398 diem

1149 432 1266 460 suum
1281 420 1432 461 obiisse.
1452 422 1548 461 Mox
1572 420 1698 472 ipsius
1720 419 1869 459 Filium
1889 421 1922 459 F
1924 420 2113 460 erdinan-

1149 483 1242 523 dum
1247 483 1450 536 juniorem
1464 488 1537 523 etc.
1556 485 1660 524 Haec
1676 483 1924 531 Alexander,
1939 485 2001 523 cui
2016 494 2109 522 con-

1153 550 1372 586 sentientes
1395 547 1529 586 laudat
1551 548 1724 585 Joannes
1751 546 2020 585 Bernardinus
2044 548 2118 585 Ta-

1155 610 1267 649 furus
1290 610 1323 659 a)
1346 611 1538 648 Joannem
1561 610 1760 647 Juvenem
1790 608 1886 646 libro
1924 607 1973 647 de
2011 609 2117 647 varia

1154 672 1313 711 Tarenti
1347 671 1529 717 fortuna,
1560 671 1845 720 Hieronymum
1874 671 2116 709 Marcianum

1154 736 1194 772 in
1216 734 1324 773 MSta
1343 732 1605 782 descriptione
1634 732 1862 770 Provinciae
1899 732 2116 782 Hydrunti-

1151 808 1244 845 nae,
1269 798 1428 834 Petrum
1451 794 1678 833 Galatinum
1703 793 1751 832 de
1785 794 1964 833 Ecclesia
1989 795 2112 833 desti-

1154 862 1241 897 tuta
1264 857 1328 895 lib.
1353 856 1452 895 VIII.
1475 867 1558 906 cap.
1583 856 1620 895 2.
1639 856 1832 893 Joannem
1854 857 2021 895 Paulum
2041 859 2119 896 Mo-

1154 920 1296 959 rellum
1307 920 1345 956 in
1362 918 1626 969 descriptione
1635 918 1870 956 Tarentinae
1880 918 2007 965 Urbis,
2018 920 2119 958 Tho—

1157 994 1263 1021 mam
1299 980 1544 1030 Arcudium,
1573 979 1732 1018 Ordinis
1769 979 2115 1029 Praedicatorum,

1155 1046 1193 1083 in
1219 1045 1315 1083 libro
1332 1045 1395 1083 cui
1411 1044 1577 1082 titulus:
1602 1043 1783 1082 Galatina
1799 1043 2004 1091 letterata,
2026 1043 2118 1081 Am-

1154 1108 1311 1146 brosius
1331 1106 1527 1146 Merodius
1557 1108 1595 1144 in
1618 1107 1727 1144 MSta
1751 1105 1913 1143 historia
1944 1106 2122 1144 Tarenti-

1162 1181 1233 1219 na,
1254 1170 1509 1208 Franciscum
1525 1167 1743 1207 Antonium
1759 1166 1987 1206 Andradam
2003 1168 2042 1204 in
2056 1179 2125 1205 ex-

1155 1233 1347 1282 positione
1370 1231 1668 1282 prophetiarum
1692 1230 1731 1269 S.
1753 1229 1928 1278 Cataldi,
1950 1233 1990 1268 et
2014 1231 2118 1268 vitae

1157 1292 1244 1343 ejus
1274 1294 1486 1344 scriptores
1511 1292 1723 1332 Cataldum
1747 1292 1966 1331 Antonium
1991 1292 2122 1331 Cassi-

1157 1356 1308 1394 nellum
1327 1384 1334 1404 ,
1358 1355 1705 1393 Bartholomaeum
1725 1356 1929 1394 Moronum
1953 1353 2121 1404 ejusque

1158 1418 1319 1456 fratrem
1349 1419 1671 1455 Bonaventuram
1699 1418 1932 1467 Moronum,
1963 1417 2122 1456 Ordinis

1158 1482 1352 1519 Minorum
1372 1509 1380 1528 ,
1403 1478 1519 1529 cujus
1543 1479 1630 1517 libri
1655 1489 1726 1517 sex
1758 1478 2013 1518 Cataldiados
2036 1491 2127 1518 ver-

1159 1543 1270 1581 sibus
1285 1543 1422 1593 scripti
1445 1542 1614 1580 heroicis
1634 1552 1728 1580 cum
1744 1543 1843 1590 vita,
1865 1553 1985 1592 quam
2007 1542 2127 1581 frater

1163 1605 1338 1655 prosario
1363 1614 1545 1642 sermone
1567 1602 1753 1651 tradidit,
1778 1604 1956 1654 prodiere
1980 1605 2125 1643 Romae

1161 1665 1276 1706 leit.
1301 1667 1372 1704 Tot
1396 1670 1435 1704 et
1459 1665 1663 1716 pluribus,
1688 1668 1752 1716 qui
1778 1667 1932 1716 possint
1960 1665 2123 1713 adduci,

1165 1729 1319 1767 fabulae
1343 1728 1633 1779 hyperaspistis
1648 1739 1692 1766 ac
1709 1728 2029 1773 affirmatoribus,
2052 1740 2123 1779 age

1161 1802 1284 1829 unum
1307 1801 1503 1841 opponere
1527 1790 1644 1828 datur
1665 1790 1888 1829 Johannem
1911 1791 2124 1829 Jovianum

1161 1854 1400 1903 Pontanum,
1421 1851 1538 1902 cujus
1558 1852 1655 1891 haec
1673 1857 1768 1891 sunt
1791 1852 1888 1890 libro
1911 1854 1947 1892 2.
1973 1852 2021 1890 de
2045 1863 2128 1891 ser-

1157 1927 1272 1953 mone
1296 1916 1422 1965 capite
1442 1916 1455 1954 4
1467 1914 1501 1953 7.
1524 1919 1618 1953 tom.
1642 1916 1675 1953 II
1699 1914 1874 1965 Operum
1894 1926 1979 1965 pag.
2004 1914 2118 1953 4623.

1165 1976 1243 2015 Vix
1265 1976 1405 2028 aliqua
1427 1976 1532 2015 vitae
1556 1976 1702 2029 species
1726 1979 1800 2025 est,
1826 1976 1880 2014 ad
1900 1987 2020 2028 quam
2044 1987 2127 2014 sese

1159 2038 1423 2077 dissimulatio
1439 2050 1514 2076 non
1535 2039 1728 2077 insinuet:
1750 2038 1856 2090 quod
1868 2050 1944 2076 non
1958 2038 2013 2076 ita
2028 2037 2127 2076 mul-

1158 2100 1207 2139 tis
1226 2104 1319 2151 post
1339 2100 1456 2139 amiis
1482 2100 1631 2138 Frater
1655 2101 1898 2139 Franeiseus
1918 2101 2120 2152 Hispanus

1161 2162 1303 2202 docuit.
1342 2162 1383 2201 Is
1419 2162 1604 2214 quamvis
1633 2162 1750 2201 rudis
1779 2166 1893 2214 atque
1924 2163 2126 2206 indoctus,

1156 2229 1284 2265 tactus
1300 2229 1428 2264 tamen
1444 2224 1634 2274 audacia,
1650 2229 1767 2277 atque
1783 2224 2013 2274 ambitione,
2033 2225 2125 2276 pul-

1155 2289 1284 2341 pitum
1307 2288 1521 2327 ascendere
1560 2292 1619 2327 est
1640 2299 1790 2337 ausus,
1830 2292 2010 2340 tantoque
2042 2289 2124 2327 sive

1153 2350 1286 2403 fastu,
1312 2349 1396 2389 sive
1418 2350 1634 2389 temeritate
1648 2382 1659 2400 ,
1678 2350 1819 2401 palam
1842 2354 1887 2388 ut
1908 2362 2120 2389 assevera-

1153 2416 1236 2462 ret,
1255 2412 1498 2464 praedicare
1517 2424 1559 2451 se
1582 2412 1628 2451 de
1652 2410 1857 2463 reliqi'one,
1886 2412 2122 2452 Christiani-

1154 2486 1250 2525 sque
1272 2472 1318 2511 de
1342 2472 1463 2512 rebus
1478 2505 1488 2522 ,
1514 2473 1670 2512 docente
1695 2485 1742 2512 ac
1767 2473 1938 2512 dictante
1966 2473 2123 2523 anquO.

1153 2536 1266 2587 cujus
1287 2534 1490 2573 admonitu
1511 2539 1546 2574 et
1567 2534 1710 2587 fictura
1733 2535 1930 2586 quaedam
1955 2536 2121 2585 praecli-

1154 2601 1282 2646 ceret,
1314 2601 1351 2635 et
1385 2598 1456 2648 qui
1473 2608 1563 2635 eum
1586 2596 1688 2636 divis
1724 2598 1763 2635 in
1786 2597 1887 2635 coelo
1907 2610 1926 2635 e
1952 2599 2118 2638 mortuis

1154 2663 1340 2709 aqerent,
1379 2658 1450 2709 qui
1471 2669 1619 2696 rursus
1650 2658 1759 2708 apud
1789 2657 1934 2710 inferos
1964 2661 2121 2698 crucia-

1155 2725 1321 2769 rentur,
1353 2720 1475 2758 sciret
1507 2731 1554 2758 ac
1587 2718 1801 2771 proferret.
1832 2721 2005 2772 Denique
2035 2733 2121 2760 cum

1156 2781 1406 2821 Ferdinando
1425 2782 1672 2833 persuadere
1701 2786 1790 2820 arte
1814 2782 1924 2821 nulla
1957 2787 2029 2822 aut
2055 2797 2123 2822 ra-

1157 2844 1255 2882 tione
1266 2847 1410 2895 posset,
1426 2848 1471 2882 ut
1486 2846 1711 2883 universam
1728 2846 1747 2883 J
1755 2845 2007 2886 Upi-EORUM
2023 2859 2118 2898 gen-

1156 2911 1234 2946 iem
1259 2908 1418 2944 omnino
1442 2909 1724 2946 exterminaret
1753 2920 1774 2947 ο
1804 2910 1914 2958 regni
1944 2909 2088 2948 linibus
2105 2941 2113 2952 ,

1155 2968 1334 3019 eacemplo
1359 2969 1391 3006 F
1393 2968 1604 3007 erdinandi
1615 2969 1813 3021 patruelis
1835 2970 2119 3022 Hispaniarum

1156 3030 1261 3081 reqis
1277 3062 1287 3078 Δ,
1317 3030 1476 3069 Tarenti
1495 3043 1582 3070 cum
1607 3031 1686 3084 ipse
1705 3036 1841 3083 aqeret
1860 3038 2115 3073 commentum

1211 3208 1245 3247 a)
1267 3211 1357 3241 Notis
1385 3209 1425 3240 ad
1449 3212 1585 3242 Antonii
1605 3210 1645 3242 dc
1663 3213 1826 3242 Feri-ariis
1850 3212 1978 3244 Galatei
2002 3213 2122 3246 librum

1152 3257 1191 3288 ‹le
1214 3261 1281 3290 situ
1314 3261 1469 3299 ,Iapygiae
1506 3268 1580 3300 pag.
1604 3261 1656 3291 δί).
1680 3265 1758 3292 ῐοηι.
1785 3263 1855 3293 vll.
1879 3263 2018 3304 sylloges
2035 3291 2044 3303 ,
2068 3268 2120 3297 cui

1153 3308 1294 3340 titulus:
1318 3309 1460 3341 raccolta
1484 3310 1678 3350 d'opuscoli
1700 3312 1885 3345 scientifici
1908 3322 1926 3346 e
1949 3315 2119 3355 filologici.

1155 3360 1267 3390 venet.
1294 3359 1394 3398 1752,
1419 3360 1469 3394 12².
