<?xml version="1.0" encoding="UTF-8"?>
<!DOCTYPE html PUBLIC "-//W3C//DTD XHTML 1.0 Transitional//EN"
    "http://www.w3.org/TR/xhtml1/DTD/xhtml1-transitional.dtd">
<html xmlns="http://www.w3.org/1999/xhtml" xml:lang="en" lang="en">
 <head>
  <title>
</title>
<meta http-equiv="Content-Type" content="text/html;charset=utf-8" />
  <meta name='ocr-system' content='tesseract 3.04.00' />
  <meta name='ocr-capabilities' content='ocr_page ocr_carea ocr_par ocr_line ocrx_word'/>
</head>
<body>
  <div class='ocr_page' id='page_1' title='image "./bibliothecalatin01fabruoft_0145.png"; bbox 0 0 2500 3841; ppageno 0'>
   <div class='ocr_carea' id='block_1_1' title="bbox 886 208 1283 250">
    <p class='ocr_par' dir='ltr' id='par_1_1' title="bbox 886 208 1283 250">
     <span class='ocr_line' id='line_1_1' title="bbox 886 208 1283 250; baseline -0.005 -1"><span class='ocrx_word' id='word_1_1' title='bbox 886 208 1283 250; x_wconf 84' lang='lat' dir='ltr'>ANSELMUS</span> 
     </span>
    </p>
   </div>
   <div class='ocr_carea' id='block_1_2' title="bbox 13 279 1042 3372">
    <p class='ocr_par' dir='ltr' id='par_1_2' title="bbox 66 279 1042 768">
     <span class='ocr_line' id='line_1_2' title="bbox 76 279 1042 336; baseline -0.006 -11"><span class='ocrx_word' id='word_1_2' title='bbox 76 286 218 336; x_wconf 88' lang='lat' dir='ltr'>quibus</span> <span class='ocrx_word' id='word_1_3' title='bbox 236 284 355 322; x_wconf 89' lang='lat' dir='ltr'>etiam</span> <span class='ocrx_word' id='word_1_4' title='bbox 370 281 567 332; x_wconf 82' lang='lat' dir='ltr'>quaedam</span> <span class='ocrx_word' id='word_1_5' title='bbox 587 279 817 331; x_wconf 83' lang='lat' dir='ltr'>diriguntur</span> <span class='ocrx_word' id='word_1_6' title='bbox 829 279 877 319; x_wconf 90' lang='lat' dir='ltr'>ad</span> <span class='ocrx_word' id='word_1_7' title='bbox 897 282 938 320; x_wconf 90' lang='lat' dir='ltr'>B.</span> <span class='ocrx_word' id='word_1_8' title='bbox 955 282 1042 320; x_wconf 89' lang='lat' dir='ltr'>Vir—</span> 
     </span>
     <span class='ocr_line' id='line_1_3' title="bbox 75 341 1039 398; baseline -0.004 -13"><span class='ocrx_word' id='word_1_9' title='bbox 75 348 205 398; x_wconf 90' lang='lat' dir='ltr'>ginem</span> <span class='ocrx_word' id='word_1_10' title='bbox 224 345 401 392; x_wconf 89' lang='lat' dir='ltr'>Mariam,</span> <span class='ocrx_word' id='word_1_11' title='bbox 424 343 474 382; x_wconf 91' lang='lat' dir='ltr'>ad</span> <span class='ocrx_word' id='word_1_12' title='bbox 499 343 689 390; x_wconf 81' lang='lat' dir='ltr'>Crucem,</span> <span class='ocrx_word' id='word_1_13' title='bbox 710 341 759 380; x_wconf 88' lang='lat' dir='ltr'>ad</span> <span class='ocrx_word' id='word_1_14' title='bbox 776 342 942 381; x_wconf 86' lang='lat' dir='ltr'>Sanctos</span> <span class='ocrx_word' id='word_1_15' title='bbox 965 347 1039 381; x_wconf 89' lang='lat' dir='ltr'>etc.</span> 
     </span>
     <span class='ocr_line' id='line_1_4' title="bbox 69 405 1040 457; baseline -0.004 -10"><span class='ocrx_word' id='word_1_16' title='bbox 69 410 244 448; x_wconf 88' lang='lat' dir='ltr'>Recusae</span> <span class='ocrx_word' id='word_1_17' title='bbox 274 406 409 445; x_wconf 87' lang='lat' dir='ltr'>itidem</span> <span class='ocrx_word' id='word_1_18' title='bbox 445 405 665 457; x_wconf 88' lang='lat' dir='ltr'>separatim</span> <span class='ocrx_word' id='word_1_19' title='bbox 702 405 848 443; x_wconf 87' lang='lat' dir='ltr'>Romae</span> <span class='ocrx_word' id='word_1_20' title='bbox 877 410 1040 444; x_wconf 80' lang='lat' dir='ltr'>curante</span> 
     </span>
     <span class='ocr_line' id='line_1_5' title="bbox 67 466 1041 521; baseline -0.003 -13"><span class='ocrx_word' id='word_1_21' title='bbox 67 469 272 521; x_wconf 89' lang='lat' dir='ltr'>Agvirrio,</span> <span class='ocrx_word' id='word_1_22' title='bbox 295 472 336 508; x_wconf 88' lang='lat' dir='ltr'>et</span> <span class='ocrx_word' id='word_1_23' title='bbox 359 469 538 508; x_wconf 80' lang='lat' dir='ltr'>Veronae</span> <span class='ocrx_word' id='word_1_24' title='bbox 570 466 675 507; x_wconf 91' lang='grc'>4726</span> <span class='ocrx_word' id='word_1_25' title='bbox 700 467 762 506; x_wconf 90' lang='grc'>42.</span> <span class='ocrx_word' id='word_1_26' title='bbox 789 468 868 506; x_wconf 88' lang='lat' dir='ltr'>Hoc</span> <span class='ocrx_word' id='word_1_27' title='bbox 891 467 1041 505; x_wconf 89' lang='lat' dir='ltr'>Oratio—</span> 
     </span>
     <span class='ocr_line' id='line_1_6' title="bbox 70 529 1040 578; baseline -0.004 -7"><span class='ocrx_word' id='word_1_28' title='bbox 70 533 224 571; x_wconf 91' lang='lat' dir='ltr'>narium</span> <span class='ocrx_word' id='word_1_29' title='bbox 261 542 340 570; x_wconf 93' lang='lat' dir='ltr'>non</span> <span class='ocrx_word' id='word_1_30' title='bbox 377 529 561 569; x_wconf 90' lang='lat' dir='ltr'>Anselmi</span> <span class='ocrx_word' id='word_1_31' title='bbox 591 541 680 568; x_wconf 86' lang='lat' dir='ltr'>esse</span> <span class='ocrx_word' id='word_1_32' title='bbox 703 559 710 578; x_wconf 92' lang='lat'>,</span> <span class='ocrx_word' id='word_1_33' title='bbox 738 529 808 568; x_wconf 88' lang='lat' dir='ltr'>sed</span> <span class='ocrx_word' id='word_1_34' title='bbox 827 529 1040 568; x_wconf 90' lang='lat' dir='ltr'>Coelestmi</span> 
     </span>
     <span class='ocr_line' id='line_1_7' title="bbox 66 591 1039 644; baseline -0.003 -11"><span class='ocrx_word' id='word_1_35' title='bbox 66 591 275 644; x_wconf 88' lang='lat' dir='ltr'>cujusdam</span> <span class='ocrx_word' id='word_1_36' title='bbox 297 592 499 640; x_wconf 90' lang='lat' dir='ltr'>Monachi,</span> <span class='ocrx_word' id='word_1_37' title='bbox 519 592 584 642; x_wconf 89' lang='lat' dir='ltr'>qui</span> <span class='ocrx_word' id='word_1_38' title='bbox 610 596 700 643; x_wconf 89' lang='lat' dir='ltr'>post</span> <span class='ocrx_word' id='word_1_39' title='bbox 725 592 975 631; x_wconf 89' lang='lat' dir='ltr'>Dominicum</span> <span class='ocrx_word' id='word_1_40' title='bbox 999 596 1039 631; x_wconf 85' lang='lat' dir='ltr'>et</span> 
     </span>
     <span class='ocr_line' id='line_1_8' title="bbox 67 654 1035 706; baseline -0.002 -12"><span class='ocrx_word' id='word_1_41' title='bbox 67 656 322 694; x_wconf 87' lang='lat' dir='ltr'>Franciscum</span> <span class='ocrx_word' id='word_1_42' title='bbox 352 655 535 706; x_wconf 76' lang='lat' dir='ltr'>scripsit,</span> <span class='ocrx_word' id='word_1_43' title='bbox 557 654 696 705; x_wconf 88' lang='lat' dir='ltr'>probat</span> <span class='ocrx_word' id='word_1_44' title='bbox 728 654 974 705; x_wconf 81' lang='lat' dir='ltr'>Raynaudus</span> <span class='ocrx_word' id='word_1_45' title='bbox 997 655 1035 693; x_wconf 92' lang='lat' dir='ltr'>in</span> 
     </span>
     <span class='ocr_line' id='line_1_9' title="bbox 66 715 799 768; baseline -0.003 -12"><span class='ocrx_word' id='word_1_46' title='bbox 66 717 307 756; x_wconf 89' lang='lat' dir='ltr'>heteroclitis</span> <span class='ocrx_word' id='word_1_47' title='bbox 330 717 574 768; x_wconf 79' lang='lat' dir='ltr'>spiritalibus</span> <span class='ocrx_word' id='word_1_48' title='bbox 596 728 683 768; x_wconf 87' lang='lat' dir='ltr'>pag.</span> <span class='ocrx_word' id='word_1_49' title='bbox 710 715 799 756; x_wconf 89' lang='grc'>247.</span> 
     </span>
    </p>

    <p class='ocr_par' dir='ltr' id='par_1_3' title="bbox 68 777 1037 895">
     <span class='ocr_line' id='line_1_10' title="bbox 120 777 1037 831; baseline -0.003 -11"><span class='ocrx_word' id='word_1_50' title='bbox 120 779 184 821; x_wconf 86' lang='grc'>22.</span> <span class='ocrx_word' id='word_1_51' title='bbox 208 778 357 831; x_wconf 77' lang='lat' dir='ltr'>Hymni</span> <span class='ocrx_word' id='word_1_52' title='bbox 391 782 429 819; x_wconf 89' lang='lat' dir='ltr'>et</span> <span class='ocrx_word' id='word_1_53' title='bbox 462 777 705 818; x_wconf 84' lang='lat' dir='ltr'>Psalterium</span> <span class='ocrx_word' id='word_1_54' title='bbox 727 778 774 817; x_wconf 86' lang='lat' dir='ltr'>de</span> <span class='ocrx_word' id='word_1_55' title='bbox 802 780 842 818; x_wconf 91' lang='lat' dir='ltr'>S.</span> <span class='ocrx_word' id='word_1_56' title='bbox 882 778 1037 830; x_wconf 82' lang='lat' dir='ltr'>Vir9ine</span> 
     </span>
     <span class='ocr_line' id='line_1_11' title="bbox 68 843 272 895; baseline -0.01 -13"><span class='ocrx_word' id='word_1_57' title='bbox 68 854 156 895; x_wconf 86' lang='lat' dir='ltr'><strong>pag.</strong></span> <span class='ocrx_word' id='word_1_58' title='bbox 181 843 272 882; x_wconf 90' lang='lat'>303.</span> 
     </span>
    </p>

    <p class='ocr_par' dir='ltr' id='par_1_4' title="bbox 13 902 1037 2453">
     <span class='ocr_line' id='line_1_12' title="bbox 118 902 1033 956; baseline -0.002 -11"><span class='ocrx_word' id='word_1_59' title='bbox 118 906 181 946; x_wconf 87' lang='grc'>23.</span> <span class='ocrx_word' id='word_1_60' title='bbox 207 903 483 956; x_wconf 83' lang='lat' dir='ltr'>Epistolarum</span> <span class='ocrx_word' id='word_1_61' title='bbox 519 902 616 942; x_wconf 84' lang='lat' dir='ltr'>libri</span> <span class='ocrx_word' id='word_1_62' title='bbox 634 904 696 944; x_wconf 92' lang='lat' dir='ltr'>IV</span> <span class='ocrx_word' id='word_1_63' title='bbox 719 904 872 955; x_wconf 89' lang='lat' dir='ltr'>primus</span> <span class='ocrx_word' id='word_1_64' title='bbox 896 915 1033 943; x_wconf 90' lang='lat' dir='ltr'>earum</span> 
     </span>
     <span class='ocr_line' id='line_1_13' title="bbox 65 965 1036 1019; baseline -0.003 -12"><span class='ocrx_word' id='word_1_65' title='bbox 65 967 116 1007; x_wconf 89' lang='lat'>77</span> <span class='ocrx_word' id='word_1_66' title='bbox 140 978 241 1019; x_wconf 85' lang='lat' dir='ltr'>quas</span> <span class='ocrx_word' id='word_1_67' title='bbox 259 967 497 1016; x_wconf 76' lang='lat' dir='ltr'>Monachus,</span> <span class='ocrx_word' id='word_1_68' title='bbox 522 966 724 1006; x_wconf 90' lang='lat' dir='ltr'>secundus</span> <span class='ocrx_word' id='word_1_69' title='bbox 745 967 807 1013; x_wconf 82' lang='lat'>53,</span> <span class='ocrx_word' id='word_1_70' title='bbox 829 977 929 1016; x_wconf 89' lang='lat' dir='ltr'>quas</span> <span class='ocrx_word' id='word_1_71' title='bbox 957 965 1036 1005; x_wconf 91' lang='lat' dir='ltr'>Ab-</span> 
     </span>
     <span class='ocr_line' id='line_1_14' title="bbox 62 1028 1035 1080; baseline -0.005 -10"><span class='ocrx_word' id='word_1_72' title='bbox 62 1031 134 1070; x_wconf 85' lang='lat' dir='ltr'>bas</span> <span class='ocrx_word' id='word_1_73' title='bbox 161 1031 391 1079; x_wconf 87' lang='lat' dir='ltr'>Beccensis,</span> <span class='ocrx_word' id='word_1_74' title='bbox 421 1030 566 1069; x_wconf 85' lang='lat' dir='ltr'>tertius</span> <span class='ocrx_word' id='word_1_75' title='bbox 592 1030 679 1078; x_wconf 94' lang='grc'>488,</span> <span class='ocrx_word' id='word_1_76' title='bbox 704 1040 804 1080; x_wconf 91' lang='lat' dir='ltr'>quas</span> <span class='ocrx_word' id='word_1_77' title='bbox 827 1028 1035 1079; x_wconf 91' lang='lat' dir='ltr'>Archiepi-</span> 
     </span>
     <span class='ocr_line' id='line_1_15' title="bbox 61 1091 1028 1145; baseline -0.003 -13"><span class='ocrx_word' id='word_1_78' title='bbox 61 1104 205 1145; x_wconf 89' lang='lat' dir='ltr'>scopus</span> <span class='ocrx_word' id='word_1_79' title='bbox 229 1093 529 1133; x_wconf 88' lang='lat' dir='ltr'>Cantuariensis</span> <span class='ocrx_word' id='word_1_80' title='bbox 549 1093 732 1143; x_wconf 80' lang='lat' dir='ltr'>scripsit,</span> <span class='ocrx_word' id='word_1_81' title='bbox 753 1096 923 1142; x_wconf 87' lang='lat' dir='ltr'>quartus</span> <span class='ocrx_word' id='word_1_82' title='bbox 951 1091 1028 1130; x_wconf 93' lang='grc'>408</span> 
     </span>
     <span class='ocr_line' id='line_1_16' title="bbox 62 1153 1033 1205; baseline -0.003 -10"><span class='ocrx_word' id='word_1_83' title='bbox 62 1160 179 1195; x_wconf 88' lang='lat' dir='ltr'>antea</span> <span class='ocrx_word' id='word_1_84' title='bbox 215 1155 385 1194; x_wconf 88' lang='lat' dir='ltr'>ineditas</span> <span class='ocrx_word' id='word_1_85' title='bbox 419 1155 708 1205; x_wconf 79' lang='lat' dir='ltr'>complectitur.</span> <span class='ocrx_word' id='word_1_86' title='bbox 747 1155 816 1192; x_wconf 91' lang='lat' dir='ltr'>His</span> <span class='ocrx_word' id='word_1_87' title='bbox 852 1153 1033 1203; x_wconf 86' lang='lat' dir='ltr'>Epistola</span> 
     </span>
     <span class='ocr_line' id='line_1_17' title="bbox 61 1215 1037 1270; baseline -0.005 -13"><span class='ocrx_word' id='word_1_88' title='bbox 61 1229 148 1270; x_wconf 88' lang='lat' dir='ltr'>pag.</span> <span class='ocrx_word' id='word_1_89' title='bbox 168 1217 245 1256; x_wconf 87' lang='grc'>704</span> <span class='ocrx_word' id='word_1_90' title='bbox 265 1221 305 1256; x_wconf 92' lang='lat' dir='ltr'>et</span> <span class='ocrx_word' id='word_1_91' title='bbox 323 1217 420 1256; x_wconf 91' lang='lat' dir='ltr'>aliae</span> <span class='ocrx_word' id='word_1_92' title='bbox 441 1217 640 1268; x_wconf 91' lang='lat' dir='ltr'>Epistolae</span> <span class='ocrx_word' id='word_1_93' title='bbox 656 1220 739 1254; x_wconf 90' lang='lat' dir='ltr'>tres</span> <span class='ocrx_word' id='word_1_94' title='bbox 754 1215 844 1254; x_wconf 92' lang='lat' dir='ltr'>addi</span> <span class='ocrx_word' id='word_1_95' title='bbox 866 1219 1037 1266; x_wconf 87' lang='lat' dir='ltr'>possunt</span> 
     </span>
     <span class='ocr_line' id='line_1_18' title="bbox 62 1276 1029 1320; baseline -0.004 -1"><span class='ocrx_word' id='word_1_96' title='bbox 62 1292 112 1319; x_wconf 83' lang='lat' dir='ltr'>ex</span> <span class='ocrx_word' id='word_1_97' title='bbox 126 1279 338 1320; x_wconf 90' lang='lat' dir='ltr'>Edmundo</span> <span class='ocrx_word' id='word_1_98' title='bbox 353 1280 528 1318; x_wconf 85' lang='lat' dir='ltr'>Martene</span> <span class='ocrx_word' id='word_1_99' title='bbox 543 1283 637 1317; x_wconf 88' lang='lat' dir='ltr'>tom.</span> <span class='ocrx_word' id='word_1_100' title='bbox 653 1278 718 1316; x_wconf 89' lang='lat'>111.</span> <span class='ocrx_word' id='word_1_101' title='bbox 735 1276 1029 1316; x_wconf 89' lang='lat' dir='ltr'>Anecdotorum</span> 
     </span>
     <span class='ocr_line' id='line_1_19' title="bbox 60 1339 1029 1394; baseline -0.005 -12"><span class='ocrx_word' id='word_1_102' title='bbox 60 1354 147 1394; x_wconf 90' lang='lat' dir='ltr'>pag.</span> <span class='ocrx_word' id='word_1_103' title='bbox 173 1343 250 1382; x_wconf 91' lang='grc'>283</span> <span class='ocrx_word' id='word_1_104' title='bbox 288 1353 398 1393; x_wconf 86' lang='lat' dir='ltr'>seqq.</span> <span class='ocrx_word' id='word_1_105' title='bbox 436 1352 529 1380; x_wconf 90' lang='lat' dir='ltr'>nam</span> <span class='ocrx_word' id='word_1_106' title='bbox 552 1352 673 1392; x_wconf 89' lang='lat' dir='ltr'>quam</span> <span class='ocrx_word' id='word_1_107' title='bbox 708 1339 757 1379; x_wconf 92' lang='lat' dir='ltr'>ad</span> <span class='ocrx_word' id='word_1_108' title='bbox 796 1339 1029 1378; x_wconf 88' lang='lat' dir='ltr'>Paschalem</span> 
     </span>
     <span class='ocr_line' id='line_1_20' title="bbox 61 1400 1033 1454; baseline -0.003 -12"><span class='ocrx_word' id='word_1_109' title='bbox 61 1404 307 1444; x_wconf 88' lang='lat' dir='ltr'>Warthonus</span> <span class='ocrx_word' id='word_1_110' title='bbox 321 1408 428 1442; x_wconf 86' lang='lat' dir='ltr'>tomo</span> <span class='ocrx_word' id='word_1_111' title='bbox 444 1404 489 1442; x_wconf 94' lang='lat' dir='ltr'>II.</span> <span class='ocrx_word' id='word_1_112' title='bbox 507 1401 672 1454; x_wconf 88' lang='lat' dir='ltr'>Angliae</span> <span class='ocrx_word' id='word_1_113' title='bbox 689 1402 831 1441; x_wconf 85' lang='lat' dir='ltr'>Sacrae</span> <span class='ocrx_word' id='word_1_114' title='bbox 848 1412 935 1452; x_wconf 91' lang='lat' dir='ltr'>pag.</span> <span class='ocrx_word' id='word_1_115' title='bbox 957 1400 1033 1441; x_wconf 93' lang='grc'>478</span> 
     </span>
     <span class='ocr_line' id='line_1_21' title="bbox 61 1463 1032 1518; baseline -0.003 -14"><span class='ocrx_word' id='word_1_116' title='bbox 61 1467 268 1518; x_wconf 88' lang='lat' dir='ltr'>vulgavit,</span> <span class='ocrx_word' id='word_1_117' title='bbox 287 1464 370 1516; x_wconf 90' lang='lat' dir='ltr'>jam</span> <span class='ocrx_word' id='word_1_118' title='bbox 398 1467 438 1503; x_wconf 92' lang='lat' dir='ltr'>in</span> <span class='ocrx_word' id='word_1_119' title='bbox 478 1464 637 1505; x_wconf 90' lang='lat' dir='ltr'>Seldeni</span> <span class='ocrx_word' id='word_1_120' title='bbox 667 1465 830 1503; x_wconf 81' lang='lat' dir='ltr'>historia</span> <span class='ocrx_word' id='word_1_121' title='bbox 859 1463 1032 1502; x_wconf 89' lang='lat' dir='ltr'>decima-</span> 
     </span>
     <span class='ocr_line' id='line_1_22' title="bbox 69 1526 1035 1580; baseline -0.003 -13"><span class='ocrx_word' id='word_1_122' title='bbox 69 1540 158 1568; x_wconf 92' lang='lat' dir='ltr'>rum</span> <span class='ocrx_word' id='word_1_123' title='bbox 177 1529 251 1567; x_wconf 93' lang='lat' dir='ltr'>XII</span> <span class='ocrx_word' id='word_1_124' title='bbox 267 1528 291 1567; x_wconf 90' lang='grc'>2</span> <span class='ocrx_word' id='word_1_125' title='bbox 305 1539 392 1580; x_wconf 88' lang='lat' dir='ltr'>pag.</span> <span class='ocrx_word' id='word_1_126' title='bbox 409 1527 486 1567; x_wconf 83' lang='lat'>376</span> <span class='ocrx_word' id='word_1_127' title='bbox 503 1532 543 1567; x_wconf 89' lang='lat' dir='ltr'>et</span> <span class='ocrx_word' id='word_1_128' title='bbox 559 1526 664 1579; x_wconf 88' lang='lat' dir='ltr'>apud</span> <span class='ocrx_word' id='word_1_129' title='bbox 682 1526 954 1566; x_wconf 88' lang='lat' dir='ltr'>Gerberonum</span> <span class='ocrx_word' id='word_1_130' title='bbox 979 1526 1035 1565; x_wconf 92' lang='lat' dir='ltr'>le-</span> 
     </span>
     <span class='ocr_line' id='line_1_23' title="bbox 66 1588 1036 1642; baseline -0.002 -14"><span class='ocrx_word' id='word_1_131' title='bbox 66 1591 173 1642; x_wconf 85' lang='lat' dir='ltr'>gitur</span> <span class='ocrx_word' id='word_1_132' title='bbox 188 1591 239 1630; x_wconf 91' lang='lat' dir='ltr'>IV</span> <span class='ocrx_word' id='word_1_133' title='bbox 249 1591 492 1641; x_wconf 75' lang='lat' dir='ltr'>4.Epistolas</span> <span class='ocrx_word' id='word_1_134' title='bbox 512 1593 599 1628; x_wconf 90' lang='lat' dir='ltr'>octo</span> <span class='ocrx_word' id='word_1_135' title='bbox 616 1589 730 1628; x_wconf 85' lang='lat' dir='ltr'>offert</span> <span class='ocrx_word' id='word_1_136' title='bbox 745 1588 962 1627; x_wconf 87' lang='lat' dir='ltr'>Dacherius</span> <span class='ocrx_word' id='word_1_137' title='bbox 977 1592 1036 1627; x_wconf 90' lang='lat' dir='ltr'>to-</span> 
     </span>
     <span class='ocr_line' id='line_1_24' title="bbox 68 1650 1035 1704; baseline -0.003 -13"><span class='ocrx_word' id='word_1_138' title='bbox 68 1663 137 1691; x_wconf 89' lang='lat' dir='ltr'>mo</span> <span class='ocrx_word' id='word_1_139' title='bbox 150 1653 207 1692; x_wconf 91' lang='lat' dir='ltr'>IX</span> <span class='ocrx_word' id='word_1_140' title='bbox 230 1653 432 1704; x_wconf 89' lang='lat' dir='ltr'>spicilegii,</span> <span class='ocrx_word' id='word_1_141' title='bbox 449 1653 517 1703; x_wconf 88' lang='lat' dir='ltr'>qui</span> <span class='ocrx_word' id='word_1_142' title='bbox 531 1651 646 1691; x_wconf 92' lang='lat' dir='ltr'>Anno</span> <span class='ocrx_word' id='word_1_143' title='bbox 665 1652 767 1691; x_wconf 89' lang='grc'>4669</span> <span class='ocrx_word' id='word_1_144' title='bbox 784 1651 915 1690; x_wconf 91' lang='lat' dir='ltr'>lucem</span> <span class='ocrx_word' id='word_1_145' title='bbox 934 1650 1035 1689; x_wconf 90' lang='lat' dir='ltr'>vidit</span> 
     </span>
     <span class='ocr_line' id='line_1_25' title="bbox 65 1712 1033 1765; baseline -0.003 -12"><span class='ocrx_word' id='word_1_146' title='bbox 65 1716 185 1764; x_wconf 89' lang='lat' dir='ltr'>(tom.</span> <span class='ocrx_word' id='word_1_147' title='bbox 215 1715 268 1753; x_wconf 88' lang='lat'>111</span> <span class='ocrx_word' id='word_1_148' title='bbox 297 1713 482 1753; x_wconf 86' lang='lat' dir='ltr'>editionis</span> <span class='ocrx_word' id='word_1_149' title='bbox 512 1725 638 1752; x_wconf 90' lang='lat' dir='ltr'>novae</span> <span class='ocrx_word' id='word_1_150' title='bbox 665 1725 752 1765; x_wconf 92' lang='lat' dir='ltr'>pag.</span> <span class='ocrx_word' id='word_1_151' title='bbox 784 1714 899 1762; x_wconf 86' lang='grc'>433.)</span> <span class='ocrx_word' id='word_1_152' title='bbox 923 1712 1033 1751; x_wconf 91' lang='lat' dir='ltr'>Alias</span> 
     </span>
     <span class='ocr_line' id='line_1_26' title="bbox 61 1776 1034 1828; baseline -0.003 -12"><span class='ocrx_word' id='word_1_153' title='bbox 61 1777 261 1828; x_wconf 79' lang='lat' dir='ltr'>Epistulas</span> <span class='ocrx_word' id='word_1_154' title='bbox 284 1788 430 1815; x_wconf 91' lang='lat' dir='ltr'>novem</span> <span class='ocrx_word' id='word_1_155' title='bbox 452 1776 656 1815; x_wconf 83' lang='lat' dir='ltr'>Baluzius.</span> <span class='ocrx_word' id='word_1_156' title='bbox 665 1779 773 1814; x_wconf 90' lang='lat' dir='ltr'>tomo</span> <span class='ocrx_word' id='word_1_157' title='bbox 804 1779 946 1826; x_wconf 91' lang='lat' dir='ltr'>quarto</span> <span class='ocrx_word' id='word_1_158' title='bbox 965 1776 1034 1813; x_wconf 85' lang='lat' dir='ltr'>Mi-</span> 
     </span>
     <span class='ocr_line' id='line_1_27' title="bbox 64 1837 1031 1889; baseline -0.003 -11"><span class='ocrx_word' id='word_1_159' title='bbox 64 1839 350 1878; x_wconf 86' lang='lat' dir='ltr'>scellaneorum</span> <span class='ocrx_word' id='word_1_160' title='bbox 373 1849 459 1889; x_wconf 89' lang='lat' dir='ltr'>pag.</span> <span class='ocrx_word' id='word_1_161' title='bbox 486 1837 554 1878; x_wconf 87' lang='grc'>474</span> <span class='ocrx_word' id='word_1_162' title='bbox 600 1849 682 1888; x_wconf 91' lang='lat' dir='ltr'>seq.</span> <span class='ocrx_word' id='word_1_163' title='bbox 718 1839 876 1876; x_wconf 86' lang='lat' dir='ltr'>Parisiis</span> <span class='ocrx_word' id='word_1_164' title='bbox 905 1837 1031 1886; x_wconf 90' lang='grc'>4683,</span> 
     </span>
     <span class='ocr_line' id='line_1_28' title="bbox 64 1899 1033 1952; baseline 0 -13"><span class='ocrx_word' id='word_1_165' title='bbox 64 1902 114 1950; x_wconf 91' lang='lat'>8,</span> <span class='ocrx_word' id='word_1_166' title='bbox 140 1906 180 1940; x_wconf 91' lang='lat' dir='ltr'>et</span> <span class='ocrx_word' id='word_1_167' title='bbox 221 1902 261 1939; x_wconf 92' lang='lat' dir='ltr'>in</span> <span class='ocrx_word' id='word_1_168' title='bbox 299 1905 406 1940; x_wconf 89' lang='lat' dir='ltr'>tomo</span> <span class='ocrx_word' id='word_1_169' title='bbox 444 1902 476 1940; x_wconf 93' lang='lat' dir='ltr'>V</span> <span class='ocrx_word' id='word_1_170' title='bbox 513 1912 600 1952; x_wconf 87' lang='lat' dir='ltr'>pag.</span> <span class='ocrx_word' id='word_1_171' title='bbox 627 1900 729 1949; x_wconf 88' lang='grc'>306,</span> <span class='ocrx_word' id='word_1_172' title='bbox 766 1900 843 1939; x_wconf 89' lang='grc'>342</span> <span class='ocrx_word' id='word_1_173' title='bbox 883 1899 1033 1950; x_wconf 88' lang='lat' dir='ltr'>quibus</span> 
     </span>
     <span class='ocr_line' id='line_1_29' title="bbox 59 1962 1032 2013; baseline -0.001 -11"><span class='ocrx_word' id='word_1_174' title='bbox 59 1963 244 2002; x_wconf 90' lang='lat' dir='ltr'>omnibus</span> <span class='ocrx_word' id='word_1_175' title='bbox 276 1964 374 2002; x_wconf 88' lang='lat' dir='ltr'>aliae</span> <span class='ocrx_word' id='word_1_176' title='bbox 406 1965 525 2002; x_wconf 83' lang='lat' dir='ltr'>etiam</span> <span class='ocrx_word' id='word_1_177' title='bbox 565 1962 767 2002; x_wconf 87' lang='lat' dir='ltr'>adduntur</span> <span class='ocrx_word' id='word_1_178' title='bbox 802 1964 841 2000; x_wconf 92' lang='lat' dir='ltr'>in</span> <span class='ocrx_word' id='word_1_179' title='bbox 866 1963 1032 2013; x_wconf 89' lang='lat' dir='ltr'>supple-</span> 
     </span>
     <span class='ocr_line' id='line_1_30' title="bbox 60 2024 1028 2065; baseline -0.003 0"><span class='ocrx_word' id='word_1_180' title='bbox 60 2029 194 2065; x_wconf 85' lang='lat' dir='ltr'>mento</span> <span class='ocrx_word' id='word_1_181' title='bbox 214 2036 317 2065; x_wconf 90' lang='lat' dir='ltr'>novo</span> <span class='ocrx_word' id='word_1_182' title='bbox 340 2025 523 2065; x_wconf 87' lang='lat' dir='ltr'>editionis</span> <span class='ocrx_word' id='word_1_183' title='bbox 541 2024 721 2064; x_wconf 88' lang='lat' dir='ltr'>Anselmi</span> <span class='ocrx_word' id='word_1_184' title='bbox 745 2024 790 2063; x_wconf 91' lang='lat' dir='ltr'>A.</span> <span class='ocrx_word' id='word_1_185' title='bbox 811 2024 906 2064; x_wconf 92' lang='grc'>4724</span> <span class='ocrx_word' id='word_1_186' title='bbox 935 2035 1028 2063; x_wconf 90' lang='lat' dir='ltr'>cum</span> 
     </span>
     <span class='ocr_line' id='line_1_31' title="bbox 61 2086 1026 2138; baseline -0.003 -10"><span class='ocrx_word' id='word_1_187' title='bbox 61 2090 248 2128; x_wconf 83' lang='lat' dir='ltr'>Sermone</span> <span class='ocrx_word' id='word_1_188' title='bbox 258 2087 305 2127; x_wconf 82' lang='lat' dir='ltr'>de</span> <span class='ocrx_word' id='word_1_189' title='bbox 320 2086 509 2127; x_wconf 84' lang='lat' dir='ltr'>Passione</span> <span class='ocrx_word' id='word_1_190' title='bbox 522 2086 735 2135; x_wconf 82' lang='lat' dir='ltr'>DOMINI,</span> <span class='ocrx_word' id='word_1_191' title='bbox 752 2098 773 2125; x_wconf 91' lang='lat' dir='ltr'>e</span> <span class='ocrx_word' id='word_1_192' title='bbox 787 2087 863 2126; x_wconf 89' lang='lat' dir='ltr'>MS.</span> <span class='ocrx_word' id='word_1_193' title='bbox 887 2088 1026 2138; x_wconf 86' lang='lat' dir='ltr'>Regio,</span> 
     </span>
     <span class='ocr_line' id='line_1_32' title="bbox 13 2149 1029 2201; baseline 0 -13"><span class='ocrx_word' id='word_1_194' title='bbox 13 2178 19 2188; x_wconf 90' lang='lat'>.</span> <span class='ocrx_word' id='word_1_195' title='bbox 62 2156 103 2191; x_wconf 90' lang='lat' dir='ltr'>et</span> <span class='ocrx_word' id='word_1_196' title='bbox 125 2152 312 2190; x_wconf 65' lang='lat' dir='ltr'>Tractatio</span> <span class='ocrx_word' id='word_1_197' title='bbox 329 2150 516 2199; x_wconf 85' lang='lat' dir='ltr'>ascetico,</span> <span class='ocrx_word' id='word_1_198' title='bbox 539 2162 659 2201; x_wconf 91' lang='lat' dir='ltr'>quem</span> <span class='ocrx_word' id='word_1_199' title='bbox 680 2149 858 2189; x_wconf 85' lang='lat' dir='ltr'>ediderat</span> <span class='ocrx_word' id='word_1_200' title='bbox 877 2149 1029 2189; x_wconf 89' lang='lat' dir='ltr'>Dache-</span> 
     </span>
     <span class='ocr_line' id='line_1_33' title="bbox 65 2213 1026 2264; baseline -0.004 -11"><span class='ocrx_word' id='word_1_201' title='bbox 65 2215 150 2253; x_wconf 89' lang='lat' dir='ltr'>rius</span> <span class='ocrx_word' id='word_1_202' title='bbox 166 2219 272 2253; x_wconf 89' lang='lat' dir='ltr'>tomo</span> <span class='ocrx_word' id='word_1_203' title='bbox 289 2215 341 2253; x_wconf 91' lang='lat'>111</span> <span class='ocrx_word' id='word_1_204' title='bbox 358 2243 367 2263; x_wconf 92' lang='lat'>,</span> <span class='ocrx_word' id='word_1_205' title='bbox 384 2225 472 2264; x_wconf 88' lang='lat' dir='ltr'>pag.</span> <span class='ocrx_word' id='word_1_206' title='bbox 498 2214 548 2253; x_wconf 91' lang='grc'>24</span> <span class='ocrx_word' id='word_1_207' title='bbox 566 2213 773 2264; x_wconf 89' lang='lat' dir='ltr'>(editionis</span> <span class='ocrx_word' id='word_1_208' title='bbox 790 2223 916 2251; x_wconf 89' lang='lat' dir='ltr'>novae</span> <span class='ocrx_word' id='word_1_209' title='bbox 932 2215 1026 2250; x_wconf 86' lang='lat' dir='ltr'>tom.</span> 
     </span>
     <span class='ocr_line' id='line_1_34' title="bbox 64 2274 1028 2328; baseline -0.004 -12"><span class='ocrx_word' id='word_1_210' title='bbox 64 2278 100 2326; x_wconf 95' lang='lat' dir='ltr'>I,</span> <span class='ocrx_word' id='word_1_211' title='bbox 123 2288 210 2328; x_wconf 87' lang='lat' dir='ltr'>pag.</span> <span class='ocrx_word' id='word_1_212' title='bbox 235 2276 408 2326; x_wconf 29' lang='lat' dir='ltr'>443.).et</span> <span class='ocrx_word' id='word_1_213' title='bbox 431 2275 630 2326; x_wconf 84' lang='lat' dir='ltr'>Anonymi</span> <span class='ocrx_word' id='word_1_214' title='bbox 649 2276 832 2315; x_wconf 89' lang='lat' dir='ltr'>Carmine</span> <span class='ocrx_word' id='word_1_215' title='bbox 855 2274 1028 2325; x_wconf 88' lang='lat' dir='ltr'>elegiaco</span> 
     </span>
     <span class='ocr_line' id='line_1_35' title="bbox 67 2338 1027 2387; baseline -0.003 -9"><span class='ocrx_word' id='word_1_216' title='bbox 67 2341 106 2378; x_wconf 92' lang='lat' dir='ltr'>in</span> <span class='ocrx_word' id='word_1_217' title='bbox 126 2338 306 2379; x_wconf 87' lang='lat' dir='ltr'>Anselmi</span> <span class='ocrx_word' id='word_1_218' title='bbox 328 2338 509 2387; x_wconf 89' lang='lat' dir='ltr'>laudem,</span> <span class='ocrx_word' id='word_1_219' title='bbox 534 2349 584 2378; x_wconf 78' lang='lat' dir='ltr'>ex</span> <span class='ocrx_word' id='word_1_220' title='bbox 608 2338 756 2377; x_wconf 88' lang='lat' dir='ltr'>Baluzii</span> <span class='ocrx_word' id='word_1_221' title='bbox 782 2342 809 2375; x_wconf 88' lang='lat' dir='ltr'>t.</span> <span class='ocrx_word' id='word_1_222' title='bbox 835 2338 899 2376; x_wconf 84' lang='lat' dir='ltr'>IV.</span> <span class='ocrx_word' id='word_1_223' title='bbox 922 2338 1027 2376; x_wconf 77' lang='lat' dir='ltr'>Misc.</span> 
     </span>
     <span class='ocr_line' id='line_1_36' title="bbox 66 2401 355 2453; baseline -0.003 -12"><span class='ocrx_word' id='word_1_224' title='bbox 66 2413 153 2453; x_wconf 91' lang='lat' dir='ltr'>pag.</span> <span class='ocrx_word' id='word_1_225' title='bbox 179 2401 254 2441; x_wconf 79' lang='lat'>557</span> <span class='ocrx_word' id='word_1_226' title='bbox 272 2412 355 2452; x_wconf 89' lang='lat' dir='ltr'>seq.</span> 
     </span>
    </p>

    <p class='ocr_par' dir='ltr' id='par_1_5' title="bbox 72 2460 1029 2563">
     <span class='ocr_line' id='line_1_37' title="bbox 122 2460 1029 2512; baseline -0.004 -10"><span class='ocrx_word' id='word_1_227' title='bbox 122 2464 185 2503; x_wconf 90' lang='grc'>24.</span> <span class='ocrx_word' id='word_1_228' title='bbox 210 2465 419 2502; x_wconf 87' lang='lat' dir='ltr'>Tractatus</span> <span class='ocrx_word' id='word_1_229' title='bbox 443 2463 489 2502; x_wconf 84' lang='lat' dir='ltr'>de</span> <span class='ocrx_word' id='word_1_230' title='bbox 514 2465 616 2502; x_wconf 82' lang='lat' dir='ltr'>Pace</span> <span class='ocrx_word' id='word_1_231' title='bbox 639 2466 677 2502; x_wconf 85' lang='lat' dir='ltr'>et</span> <span class='ocrx_word' id='word_1_232' title='bbox 704 2460 924 2503; x_wconf 76' lang='lat' dir='ltr'>Concordia</span> <span class='ocrx_word' id='word_1_233' title='bbox 944 2472 1029 2512; x_wconf 85' lang='lat' dir='ltr'>pag.</span> 
     </span>
     <span class='ocr_line' id='line_1_38' title="bbox 72 2522 268 2563; baseline 0.01 -2"><span class='ocrx_word' id='word_1_234' title='bbox 72 2522 268 2563; x_wconf 79' lang='lat'>705-707.</span> 
     </span>
    </p>

    <p class='ocr_par' dir='ltr' id='par_1_6' title="bbox 123 2584 1031 2637">
     <span class='ocr_line' id='line_1_39' title="bbox 123 2584 1031 2637; baseline -0.002 -13"><span class='ocrx_word' id='word_1_235' title='bbox 123 2584 443 2637; x_wconf 89' lang='lat' dir='ltr'>InAppendicem</span> <span class='ocrx_word' id='word_1_236' title='bbox 457 2585 602 2636; x_wconf 88' lang='lat' dir='ltr'>rejecta</span> <span class='ocrx_word' id='word_1_237' title='bbox 610 2586 867 2637; x_wconf 89' lang='lat' dir='ltr'>primoDubia</span> <span class='ocrx_word' id='word_1_238' title='bbox 875 2587 1031 2635; x_wconf 85' lang='lat' dir='ltr'>scripta.</span> 
     </span>
    </p>

    <p class='ocr_par' dir='ltr' id='par_1_7' title="bbox 70 2646 1035 2999">
     <span class='ocr_line' id='line_1_40' title="bbox 124 2646 1032 2699; baseline -0.003 -13"><span class='ocrx_word' id='word_1_239' title='bbox 124 2646 430 2699; x_wconf 74' lang='lat' dir='ltr'>Elucidarium,</span> <span class='ocrx_word' id='word_1_240' title='bbox 476 2650 561 2687; x_wconf 91' lang='lat' dir='ltr'>sive</span> <span class='ocrx_word' id='word_1_241' title='bbox 602 2649 780 2699; x_wconf 91' lang='lat' dir='ltr'>dialogus</span> <span class='ocrx_word' id='word_1_242' title='bbox 833 2658 1032 2687; x_wconf 89' lang='lat' dir='ltr'>summam</span> 
     </span>
     <span class='ocr_line' id='line_1_41' title="bbox 71 2709 1032 2761; baseline -0.007 -9"><span class='ocrx_word' id='word_1_243' title='bbox 71 2711 317 2752; x_wconf 87' lang='lat' dir='ltr'>Christianae</span> <span class='ocrx_word' id='word_1_244' title='bbox 332 2710 562 2761; x_wconf 89' lang='lat' dir='ltr'>Theologiae</span> <span class='ocrx_word' id='word_1_245' title='bbox 578 2710 827 2760; x_wconf 83' lang='lat' dir='ltr'>complexus,</span> <span class='ocrx_word' id='word_1_246' title='bbox 843 2709 953 2747; x_wconf 91' lang='lat' dir='ltr'>libris</span> <span class='ocrx_word' id='word_1_247' title='bbox 968 2709 1032 2755; x_wconf 85' lang='grc'>111,</span> 
     </span>
     <span class='ocr_line' id='line_1_42' title="bbox 70 2770 1033 2826; baseline -0.007 -14"><span class='ocrx_word' id='word_1_248' title='bbox 70 2785 156 2826; x_wconf 89' lang='lat' dir='ltr'>pag.</span> <span class='ocrx_word' id='word_1_249' title='bbox 180 2771 255 2812; x_wconf 80' lang='grc'>457</span> <span class='ocrx_word' id='word_1_250' title='bbox 284 2770 389 2822; x_wconf 92' lang='lat' dir='ltr'>quod</span> <span class='ocrx_word' id='word_1_251' title='bbox 415 2782 514 2822; x_wconf 91' lang='lat' dir='ltr'>opus</span> <span class='ocrx_word' id='word_1_252' title='bbox 547 2770 734 2809; x_wconf 90' lang='lat' dir='ltr'>Gviberto</span> <span class='ocrx_word' id='word_1_253' title='bbox 772 2771 1033 2820; x_wconf 80' lang='lat' dir='ltr'>Novigentino</span> 
     </span>
     <span class='ocr_line' id='line_1_43' title="bbox 71 2831 1035 2884; baseline -0.007 -9"><span class='ocrx_word' id='word_1_254' title='bbox 71 2835 212 2875; x_wconf 89' lang='lat' dir='ltr'>Abbati</span> <span class='ocrx_word' id='word_1_255' title='bbox 236 2833 399 2875; x_wconf 88' lang='lat' dir='ltr'>Codices</span> <span class='ocrx_word' id='word_1_256' title='bbox 429 2833 591 2884; x_wconf 88' lang='lat' dir='ltr'>quidam</span> <span class='ocrx_word' id='word_1_257' title='bbox 628 2832 857 2880; x_wconf 88' lang='lat' dir='ltr'>vindicant,</span> <span class='ocrx_word' id='word_1_258' title='bbox 882 2831 1035 2870; x_wconf 86' lang='lat' dir='ltr'>Trithe-</span> 
     </span>
     <span class='ocr_line' id='line_1_44' title="bbox 74 2891 1034 2943; baseline -0.008 -6"><span class='ocrx_word' id='word_1_259' title='bbox 74 2899 177 2937; x_wconf 89' lang='lat' dir='ltr'>mius</span> <span class='ocrx_word' id='word_1_260' title='bbox 212 2897 331 2936; x_wconf 84' lang='lat' dir='ltr'>refert</span> <span class='ocrx_word' id='word_1_261' title='bbox 354 2895 403 2934; x_wconf 89' lang='lat' dir='ltr'>ad</span> <span class='ocrx_word' id='word_1_262' title='bbox 437 2896 650 2934; x_wconf 89' lang='lat' dir='ltr'>Honorium</span> <span class='ocrx_word' id='word_1_263' title='bbox 686 2893 854 2943; x_wconf 84' lang='lat' dir='ltr'>August.</span> <span class='ocrx_word' id='word_1_264' title='bbox 885 2893 948 2931; x_wconf 89' lang='lat' dir='ltr'>alii</span> <span class='ocrx_word' id='word_1_265' title='bbox 985 2891 1034 2930; x_wconf 89' lang='lat' dir='ltr'>ad</span> 
     </span>
     <span class='ocr_line' id='line_1_45' title="bbox 72 2956 958 2999; baseline -0.008 0"><span class='ocrx_word' id='word_1_266' title='bbox 72 2960 314 2999; x_wconf 90' lang='lat' dir='ltr'>Guilelmum</span> <span class='ocrx_word' id='word_1_267' title='bbox 338 2958 666 2998; x_wconf 89' lang='lat' dir='ltr'>Coventriensem</span> <span class='ocrx_word' id='word_1_268' title='bbox 690 2956 958 2995; x_wconf 88' lang='lat' dir='ltr'>Carmelitam.</span> 
     </span>
    </p>

    <p class='ocr_par' dir='ltr' id='par_1_8' title="bbox 76 3016 1037 3197">
     <span class='ocr_line' id='line_1_46' title="bbox 126 3016 1033 3067; baseline -0.008 -6"><span class='ocrx_word' id='word_1_269' title='bbox 126 3021 315 3062; x_wconf 79' lang='lat' dir='ltr'>Planctus</span> <span class='ocrx_word' id='word_1_270' title='bbox 346 3021 391 3059; x_wconf 92' lang='lat' dir='ltr'>B.</span> <span class='ocrx_word' id='word_1_271' title='bbox 425 3019 582 3060; x_wconf 89' lang='lat' dir='ltr'>Mariae</span> <span class='ocrx_word' id='word_1_272' title='bbox 612 3018 667 3057; x_wconf 90' lang='lat' dir='ltr'>ad</span> <span class='ocrx_word' id='word_1_273' title='bbox 697 3016 928 3057; x_wconf 85' lang='lat' dir='ltr'>Anselmum</span> <span class='ocrx_word' id='word_1_274' title='bbox 948 3028 1033 3067; x_wconf 81' lang='lat' dir='ltr'>pag.</span> 
     </span>
     <span class='ocr_line' id='line_1_47' title="bbox 76 3078 1037 3134; baseline -0.008 -10"><span class='ocrx_word' id='word_1_275' title='bbox 76 3086 151 3125; x_wconf 87' lang='grc'>488</span> <span class='ocrx_word' id='word_1_276' title='bbox 171 3086 256 3124; x_wconf 89' lang='lat' dir='ltr'>sive</span> <span class='ocrx_word' id='word_1_277' title='bbox 276 3084 452 3134; x_wconf 86' lang='lat' dir='ltr'>dialogus</span> <span class='ocrx_word' id='word_1_278' title='bbox 476 3084 517 3121; x_wconf 92' lang='lat' dir='ltr'>B.</span> <span class='ocrx_word' id='word_1_279' title='bbox 543 3083 683 3121; x_wconf 86' lang='lat' dir='ltr'>Mariae</span> <span class='ocrx_word' id='word_1_280' title='bbox 706 3081 877 3131; x_wconf 85' lang='lat' dir='ltr'>Virginis</span> <span class='ocrx_word' id='word_1_281' title='bbox 900 3083 940 3117; x_wconf 90' lang='lat' dir='ltr'>et</span> <span class='ocrx_word' id='word_1_282' title='bbox 956 3078 1037 3117; x_wconf 78' lang='lat' dir='ltr'>An-</span> 
     </span>
     <span class='ocr_line' id='line_1_48' title="bbox 76 3145 652 3197; baseline -0.009 -10"><span class='ocrx_word' id='word_1_283' title='bbox 76 3147 189 3187; x_wconf 86' lang='lat' dir='ltr'>selmi</span> <span class='ocrx_word' id='word_1_284' title='bbox 211 3146 260 3184; x_wconf 90' lang='lat' dir='ltr'>de</span> <span class='ocrx_word' id='word_1_285' title='bbox 282 3146 464 3197; x_wconf 85' lang='lat' dir='ltr'>passione</span> <span class='ocrx_word' id='word_1_286' title='bbox 484 3145 652 3183; x_wconf 89' lang='lat' dir='ltr'>Domini.</span> 
     </span>
    </p>

    <p class='ocr_par' dir='ltr' id='par_1_9' title="bbox 78 3203 1036 3372">
     <span class='ocr_line' id='line_1_49' title="bbox 130 3203 1035 3251; baseline -0.007 -4"><span class='ocrx_word' id='word_1_287' title='bbox 130 3210 186 3247; x_wconf 87' lang='lat' dir='ltr'>De</span> <span class='ocrx_word' id='word_1_288' title='bbox 207 3207 498 3246; x_wconf 78' lang='lat' dir='ltr'>mensuratione</span> <span class='ocrx_word' id='word_1_289' title='bbox 524 3205 668 3247; x_wconf 77' lang='lat' dir='ltr'>Crucis</span> <span class='ocrx_word' id='word_1_290' title='bbox 697 3205 745 3245; x_wconf 92' lang='lat' dir='ltr'>ad</span> <span class='ocrx_word' id='word_1_291' title='bbox 772 3207 862 3244; x_wconf 90' lang='lat' dir='ltr'>Luc.</span> <span class='ocrx_word' id='word_1_292' title='bbox 883 3205 935 3242; x_wconf 86' lang='lat' dir='ltr'>IX</span> <span class='ocrx_word' id='word_1_293' title='bbox 961 3203 1035 3251; x_wconf 85' lang='grc'>23,</span> 
     </span>
     <span class='ocr_line' id='line_1_50' title="bbox 78 3267 1036 3322; baseline -0.006 -13"><span class='ocrx_word' id='word_1_294' title='bbox 78 3282 164 3322; x_wconf 86' lang='lat' dir='ltr'>pag.</span> <span class='ocrx_word' id='word_1_295' title='bbox 181 3270 256 3308; x_wconf 89' lang='grc'>494</span> <span class='ocrx_word' id='word_1_296' title='bbox 272 3271 474 3321; x_wconf 89' lang='lat' dir='ltr'>scriptoris</span> <span class='ocrx_word' id='word_1_297' title='bbox 491 3270 530 3309; x_wconf 91' lang='lat' dir='ltr'>S.</span> <span class='ocrx_word' id='word_1_298' title='bbox 555 3268 752 3308; x_wconf 88' lang='lat' dir='ltr'>Bernardo</span> <span class='ocrx_word' id='word_1_299' title='bbox 771 3268 953 3318; x_wconf 74' lang='lat' dir='ltr'>junioris,</span> <span class='ocrx_word' id='word_1_300' title='bbox 969 3267 1036 3316; x_wconf 87' lang='lat' dir='ltr'>qui</span> 
     </span>
     <span class='ocr_line' id='line_1_51' title="bbox 82 3333 362 3372; baseline -0.007 0"><span class='ocrx_word' id='word_1_301' title='bbox 82 3336 120 3372; x_wconf 90' lang='lat' dir='ltr'>in</span> <span class='ocrx_word' id='word_1_302' title='bbox 136 3343 188 3370; x_wconf 88' lang='lat' dir='ltr'>-eo</span> <span class='ocrx_word' id='word_1_303' title='bbox 207 3333 362 3372; x_wconf 89' lang='lat' dir='ltr'>citatur.</span> 
     </span>
    </p>
   </div>
   <div class='ocr_carea' id='block_1_3' title="bbox 1106 205 2086 1833">
    <p class='ocr_par' dir='ltr' id='par_1_10' title="bbox 2006 205 2083 246">
     <span class='ocr_line' id='line_1_52' title="bbox 2006 205 2083 246; baseline 0 -1"><span class='ocrx_word' id='word_1_304' title='bbox 2006 205 2083 246; x_wconf 77' lang='lat'>107</span> 
     </span>
    </p>

    <p class='ocr_par' dir='ltr' id='par_1_11' title="bbox 1115 277 2083 455">
     <span class='ocr_line' id='line_1_53' title="bbox 1175 277 2080 333; baseline -0.003 -14"><span class='ocrx_word' id='word_1_305' title='bbox 1175 281 1232 320; x_wconf 80' lang='lat' dir='ltr'>De</span> <span class='ocrx_word' id='word_1_306' title='bbox 1261 284 1506 333; x_wconf 70' lang='lat' dir='ltr'>conceptione</span> <span class='ocrx_word' id='word_1_307' title='bbox 1539 280 1582 318; x_wconf 88' lang='lat' dir='ltr'>B.</span> <span class='ocrx_word' id='word_1_308' title='bbox 1607 277 1761 319; x_wconf 79' lang='lat' dir='ltr'>Mariae</span> <span class='ocrx_word' id='word_1_309' title='bbox 1800 277 1972 329; x_wconf 67' lang='lat' dir='ltr'>Viryzms</span> <span class='ocrx_word' id='word_1_310' title='bbox 1994 289 2080 329; x_wconf 86' lang='lat' dir='ltr'>pag.</span> 
     </span>
     <span class='ocr_line' id='line_1_54' title="bbox 1117 341 2083 389; baseline -0.004 -8"><span class='ocrx_word' id='word_1_311' title='bbox 1117 344 1193 381; x_wconf 88' lang='grc'>499</span> <span class='ocrx_word' id='word_1_312' title='bbox 1219 347 1258 382; x_wconf 88' lang='lat' dir='ltr'>et</span> <span class='ocrx_word' id='word_1_313' title='bbox 1281 343 1329 382; x_wconf 90' lang='lat' dir='ltr'>de</span> <span class='ocrx_word' id='word_1_314' title='bbox 1354 344 1414 382; x_wconf 87' lang='lat' dir='ltr'>Vl.</span> <span class='ocrx_word' id='word_1_315' title='bbox 1441 343 1536 382; x_wconf 91' lang='lat' dir='ltr'>Idus</span> <span class='ocrx_word' id='word_1_316' title='bbox 1559 342 1788 381; x_wconf 87' lang='lat' dir='ltr'>Decembris</span> <span class='ocrx_word' id='word_1_317' title='bbox 1809 341 1909 380; x_wconf 82' lang='lat' dir='ltr'>sesto</span> <span class='ocrx_word' id='word_1_318' title='bbox 1931 341 1970 378; x_wconf 90' lang='lat' dir='ltr'>in</span> <span class='ocrx_word' id='word_1_319' title='bbox 1994 342 2083 389; x_wconf 79' lang='lat' dir='ltr'>eJ‘us</span> 
     </span>
     <span class='ocr_line' id='line_1_55' title="bbox 1115 402 2080 455; baseline -0.004 -10"><span class='ocrx_word' id='word_1_320' title='bbox 1115 408 1344 445; x_wconf 79' lang='lat' dir='ltr'>memoriam</span> <span class='ocrx_word' id='word_1_321' title='bbox 1356 405 1589 444; x_wconf 87' lang='lat' dir='ltr'>celebrando</span> <span class='ocrx_word' id='word_1_322' title='bbox 1604 416 1690 455; x_wconf 87' lang='lat' dir='ltr'>pag.</span> <span class='ocrx_word' id='word_1_323' title='bbox 1709 405 1786 443; x_wconf 76' lang='lat'>505</span> <span class='ocrx_word' id='word_1_324' title='bbox 1796 416 1879 455; x_wconf 81' lang='lat' dir='ltr'>seq.</span> <span class='ocrx_word' id='word_1_325' title='bbox 1891 415 1977 455; x_wconf 86' lang='lat' dir='ltr'>pag.</span> <span class='ocrx_word' id='word_1_326' title='bbox 1990 402 2080 442; x_wconf 82' lang='lat'>507.</span> 
     </span>
    </p>

    <p class='ocr_par' dir='ltr' id='par_1_12' title="bbox 1112 464 2083 697">
     <span class='ocr_line' id='line_1_56' title="bbox 1167 464 2082 518; baseline -0.004 -11"><span class='ocrx_word' id='word_1_327' title='bbox 1167 468 1305 508; x_wconf 82' lang='lat' dir='ltr'>Passio</span> <span class='ocrx_word' id='word_1_328' title='bbox 1322 469 1557 508; x_wconf 69' lang='lat' dir='ltr'>Sanctorum</span> <span class='ocrx_word' id='word_1_329' title='bbox 1568 466 1749 516; x_wconf 81' lang='lat' dir='ltr'>Guineri,</span> <span class='ocrx_word' id='word_1_330' title='bbox 1766 467 1959 518; x_wconf 71' lang='lat' dir='ltr'>Finqaris</span> <span class='ocrx_word' id='word_1_331' title='bbox 1969 495 1978 512; x_wconf 94' lang='lat'>‚</span> <span class='ocrx_word' id='word_1_332' title='bbox 1990 464 2082 504; x_wconf 84' lang='lat' dir='ltr'>Pia-</span> 
     </span>
     <span class='ocr_line' id='line_1_57' title="bbox 1115 529 2080 579; baseline -0.004 -9"><span class='ocrx_word' id='word_1_333' title='bbox 1115 531 1175 570; x_wconf 87' lang='lat' dir='ltr'>lae</span> <span class='ocrx_word' id='word_1_334' title='bbox 1199 535 1236 570; x_wconf 85' lang='lat' dir='ltr'>et</span> <span class='ocrx_word' id='word_1_335' title='bbox 1255 531 1452 570; x_wconf 83' lang='lat' dir='ltr'>sociorum</span> <span class='ocrx_word' id='word_1_336' title='bbox 1470 529 1544 569; x_wconf 89' lang='lat' dir='ltr'>An.</span> <span class='ocrx_word' id='word_1_337' title='bbox 1570 531 1724 569; x_wconf 85' lang='lat' dir='ltr'>CHristi</span> <span class='ocrx_word' id='word_1_338' title='bbox 1751 530 1837 569; x_wconf 78' lang='grc'>450.</span> <span class='ocrx_word' id='word_1_339' title='bbox 1858 530 2080 579; x_wconf 82' lang='lat' dir='ltr'>Martyrum</span> 
     </span>
     <span class='ocr_line' id='line_1_58' title="bbox 1112 590 2083 643; baseline -0.005 -10"><span class='ocrx_word' id='word_1_340' title='bbox 1112 598 1151 633; x_wconf 92' lang='lat' dir='ltr'>in</span> <span class='ocrx_word' id='word_1_341' title='bbox 1174 595 1375 634; x_wconf 90' lang='lat' dir='ltr'>Britannia</span> <span class='ocrx_word' id='word_1_342' title='bbox 1397 604 1483 643; x_wconf 87' lang='lat' dir='ltr'>pag.</span> <span class='ocrx_word' id='word_1_343' title='bbox 1509 593 1599 631; x_wconf 80' lang='lat'>508.</span> <span class='ocrx_word' id='word_1_344' title='bbox 1629 592 1773 632; x_wconf 83' lang='lat' dir='ltr'>Confer</span> <span class='ocrx_word' id='word_1_345' title='bbox 1796 590 1896 631; x_wconf 85' lang='lat' dir='ltr'>Acta</span> <span class='ocrx_word' id='word_1_346' title='bbox 1919 592 2083 630; x_wconf 87' lang='lat' dir='ltr'>Sancto-</span> 
     </span>
     <span class='ocr_line' id='line_1_59' title="bbox 1112 656 1442 697; baseline -0.009 0"><span class='ocrx_word' id='word_1_347' title='bbox 1112 670 1203 697; x_wconf 90' lang='lat' dir='ltr'>rum</span> <span class='ocrx_word' id='word_1_348' title='bbox 1228 658 1278 697; x_wconf 89' lang='grc'>23</span> <span class='ocrx_word' id='word_1_349' title='bbox 1301 656 1442 695; x_wconf 89' lang='lat' dir='ltr'>Martii.</span> 
     </span>
    </p>

    <p class='ocr_par' dir='ltr' id='par_1_13' title="bbox 1169 720 1336 759">
     <span class='ocr_line' id='line_1_60' title="bbox 1169 720 1336 759; baseline -0.012 0"><span class='ocrx_word' id='word_1_350' title='bbox 1169 720 1336 759; x_wconf 88' lang='lat' dir='ltr'>Aliena:</span> 
     </span>
    </p>

    <p class='ocr_par' dir='ltr' id='par_1_14' title="bbox 1107 778 2086 1509">
     <span class='ocr_line' id='line_1_61' title="bbox 1168 778 2084 829; baseline -0.003 -8"><span class='ocrx_word' id='word_1_351' title='bbox 1168 780 1497 829; x_wconf 88' lang='lat' dir='ltr'>GISLEBERTI,</span> <span class='ocrx_word' id='word_1_352' title='bbox 1522 781 1607 818; x_wconf 84' lang='lat' dir='ltr'>sive</span> <span class='ocrx_word' id='word_1_353' title='bbox 1633 778 1804 818; x_wconf 83' lang='lat' dir='ltr'>Gilberti</span> <span class='ocrx_word' id='word_1_354' title='bbox 1830 781 2084 818; x_wconf 87' lang='lat' dir='ltr'>Westmona-</span> 
     </span>
     <span class='ocr_line' id='line_1_62' title="bbox 1113 840 2082 892; baseline -0.002 -10"><span class='ocrx_word' id='word_1_355' title='bbox 1113 845 1320 883; x_wconf 88' lang='lat' dir='ltr'>steriensis</span> <span class='ocrx_word' id='word_1_356' title='bbox 1334 843 1382 882; x_wconf 90' lang='lat' dir='ltr'>ab</span> <span class='ocrx_word' id='word_1_357' title='bbox 1401 842 1518 882; x_wconf 90' lang='lat' dir='ltr'>Anno</span> <span class='ocrx_word' id='word_1_358' title='bbox 1543 843 1656 882; x_wconf 89' lang='grc'>4084.</span> <span class='ocrx_word' id='word_1_359' title='bbox 1673 840 1839 880; x_wconf 88' lang='lat' dir='ltr'>Abbatis</span> <span class='ocrx_word' id='word_1_360' title='bbox 1859 841 2082 892; x_wconf 78' lang='lat' dir='ltr'>Disputatio</span> 
     </span>
     <span class='ocr_line' id='line_1_63' title="bbox 1120 904 2085 955; baseline -0.002 -11"><span class='ocrx_word' id='word_1_361' title='bbox 1120 905 1267 944; x_wconf 81' lang='lat' dir='ltr'>Judaei</span> <span class='ocrx_word' id='word_1_362' title='bbox 1282 916 1372 944; x_wconf 83' lang='lat' dir='ltr'>cum</span> <span class='ocrx_word' id='word_1_363' title='bbox 1394 904 1621 945; x_wconf 78' lang='lat' dir='ltr'>Christiano</span> <span class='ocrx_word' id='word_1_364' title='bbox 1643 915 1736 943; x_wconf 90' lang='lat' dir='ltr'>cum</span> <span class='ocrx_word' id='word_1_365' title='bbox 1759 904 1978 955; x_wconf 89' lang='lat' dir='ltr'>praemissa</span> <span class='ocrx_word' id='word_1_366' title='bbox 1992 905 2085 954; x_wconf 88' lang='lat' dir='ltr'>Epi-</span> 
     </span>
     <span class='ocr_line' id='line_1_64' title="bbox 1112 967 2083 1018; baseline -0.003 -11"><span class='ocrx_word' id='word_1_367' title='bbox 1112 969 1237 1016; x_wconf 86' lang='lat' dir='ltr'>stola,</span> <span class='ocrx_word' id='word_1_368' title='bbox 1261 979 1342 1018; x_wconf 88' lang='lat' dir='ltr'>qua</span> <span class='ocrx_word' id='word_1_369' title='bbox 1378 972 1516 1007; x_wconf 86' lang='lat' dir='ltr'>auctor</span> <span class='ocrx_word' id='word_1_370' title='bbox 1550 968 1624 1007; x_wconf 91' lang='lat' dir='ltr'>hoc</span> <span class='ocrx_word' id='word_1_371' title='bbox 1652 967 1852 1018; x_wconf 85' lang='lat' dir='ltr'>scriptum</span> <span class='ocrx_word' id='word_1_372' title='bbox 1890 977 2083 1005; x_wconf 74' lang='lat' dir='ltr'>censurae</span> 
     </span>
     <span class='ocr_line' id='line_1_65' title="bbox 1108 1029 2086 1081; baseline -0.003 -12"><span class='ocrx_word' id='word_1_373' title='bbox 1108 1029 1291 1069; x_wconf 90' lang='lat' dir='ltr'>Anselmi</span> <span class='ocrx_word' id='word_1_374' title='bbox 1318 1029 1480 1081; x_wconf 89' lang='lat' dir='ltr'>subjicit</span> <span class='ocrx_word' id='word_1_375' title='bbox 1499 1041 1586 1081; x_wconf 88' lang='lat' dir='ltr'>pag.</span> <span class='ocrx_word' id='word_1_376' title='bbox 1627 1029 1716 1069; x_wconf 81' lang='grc'>542.</span> <span class='ocrx_word' id='word_1_377' title='bbox 1742 1029 1964 1067; x_wconf 87' lang='lat' dir='ltr'>Gisleberto</span> <span class='ocrx_word' id='word_1_378' title='bbox 1998 1030 2086 1066; x_wconf 89' lang='lat' dir='ltr'>vin-</span> 
     </span>
     <span class='ocr_line' id='line_1_66' title="bbox 1111 1090 2082 1143; baseline -0.005 -12"><span class='ocrx_word' id='word_1_379' title='bbox 1111 1092 1269 1131; x_wconf 89' lang='lat' dir='ltr'>dicatur</span> <span class='ocrx_word' id='word_1_380' title='bbox 1303 1092 1377 1131; x_wconf 94' lang='lat' dir='ltr'>hoc</span> <span class='ocrx_word' id='word_1_381' title='bbox 1414 1093 1609 1143; x_wconf 90' lang='lat' dir='ltr'>scriptum</span> <span class='ocrx_word' id='word_1_382' title='bbox 1639 1092 1758 1130; x_wconf 89' lang='lat' dir='ltr'>etiam</span> <span class='ocrx_word' id='word_1_383' title='bbox 1788 1102 1811 1129; x_wconf 88' lang='lat' dir='ltr'>a</span> <span class='ocrx_word' id='word_1_384' title='bbox 1840 1090 2082 1136; x_wconf 79' lang='lat' dir='ltr'>Trithemin‚</span> 
     </span>
     <span class='ocr_line' id='line_1_67' title="bbox 1111 1152 2086 1207; baseline -0.003 -13"><span class='ocrx_word' id='word_1_385' title='bbox 1111 1167 1194 1207; x_wconf 92' lang='lat' dir='ltr'>cap.</span> <span class='ocrx_word' id='word_1_386' title='bbox 1222 1156 1319 1205; x_wconf 78' lang='lat'>353,</span> <span class='ocrx_word' id='word_1_387' title='bbox 1346 1155 1438 1194; x_wconf 85' lang='lat' dir='ltr'>licet</span> <span class='ocrx_word' id='word_1_388' title='bbox 1476 1155 1552 1194; x_wconf 90' lang='lat' dir='ltr'>sub</span> <span class='ocrx_word' id='word_1_389' title='bbox 1576 1153 1764 1193; x_wconf 81' lang='lat' dir='ltr'>Guilelmi</span> <span class='ocrx_word' id='word_1_390' title='bbox 1797 1152 1844 1192; x_wconf 77' lang='lat' dir='ltr'>de</span> <span class='ocrx_word' id='word_1_391' title='bbox 1873 1152 2086 1204; x_wconf 81' lang='lat' dir='ltr'>Campellis</span> 
     </span>
     <span class='ocr_line' id='line_1_68' title="bbox 1111 1217 2084 1256; baseline -0.002 0"><span class='ocrx_word' id='word_1_392' title='bbox 1111 1219 1270 1256; x_wconf 84' lang='lat' dir='ltr'>nomine</span> <span class='ocrx_word' id='word_1_393' title='bbox 1294 1217 1399 1256; x_wconf 88' lang='lat' dir='ltr'>edita</span> <span class='ocrx_word' id='word_1_394' title='bbox 1421 1221 1484 1256; x_wconf 90' lang='lat' dir='ltr'>est</span> <span class='ocrx_word' id='word_1_395' title='bbox 1503 1219 1541 1255; x_wconf 92' lang='lat' dir='ltr'>in</span> <span class='ocrx_word' id='word_1_396' title='bbox 1563 1217 1806 1256; x_wconf 88' lang='lat' dir='ltr'>Bibliotheca</span> <span class='ocrx_word' id='word_1_397' title='bbox 1822 1217 1984 1255; x_wconf 84' lang='lat' dir='ltr'>Patrum</span> <span class='ocrx_word' id='word_1_398' title='bbox 2007 1218 2084 1255; x_wconf 90' lang='lat' dir='ltr'>Lu-</span> 
     </span>
     <span class='ocr_line' id='line_1_69' title="bbox 1112 1278 2086 1332; baseline -0.002 -13"><span class='ocrx_word' id='word_1_399' title='bbox 1112 1280 1309 1332; x_wconf 89' lang='lat' dir='ltr'>gdunens.</span> <span class='ocrx_word' id='word_1_400' title='bbox 1331 1278 1563 1329; x_wconf 74' lang='lat' dir='ltr'>tom.&#39;XX,</span> <span class='ocrx_word' id='word_1_401' title='bbox 1588 1292 1676 1331; x_wconf 89' lang='lat' dir='ltr'>pag.</span> <span class='ocrx_word' id='word_1_402' title='bbox 1703 1280 1805 1319; x_wconf 90' lang='grc'>4884</span> <span class='ocrx_word' id='word_1_403' title='bbox 1828 1283 1869 1318; x_wconf 89' lang='lat' dir='ltr'>et</span> <span class='ocrx_word' id='word_1_404' title='bbox 1907 1280 1992 1317; x_wconf 91' lang='lat' dir='ltr'>sine</span> <span class='ocrx_word' id='word_1_405' title='bbox 2016 1290 2086 1317; x_wconf 90' lang='lat' dir='ltr'>no-</span> 
     </span>
     <span class='ocr_line' id='line_1_70' title="bbox 1114 1341 2082 1394; baseline -0.002 -12"><span class='ocrx_word' id='word_1_406' title='bbox 1114 1344 1222 1382; x_wconf 91' lang='lat' dir='ltr'>mine</span> <span class='ocrx_word' id='word_1_407' title='bbox 1260 1344 1448 1389; x_wconf 90' lang='lat' dir='ltr'>auctoris,</span> <span class='ocrx_word' id='word_1_408' title='bbox 1485 1342 1685 1394; x_wconf 83' lang='lat' dir='ltr'>prodierat</span> <span class='ocrx_word' id='word_1_409' title='bbox 1722 1343 1858 1381; x_wconf 89' lang='lat' dir='ltr'>Colon.</span> <span class='ocrx_word' id='word_1_410' title='bbox 1891 1341 1994 1381; x_wconf 83' lang='grc'>4537</span> <span class='ocrx_word' id='word_1_411' title='bbox 2019 1342 2082 1380; x_wconf 89' lang='grc'>401.</span> 
     </span>
     <span class='ocr_line' id='line_1_71' title="bbox 1107 1403 2079 1454; baseline -0.003 -9"><span class='ocrx_word' id='word_1_412' title='bbox 1107 1406 1323 1445; x_wconf 86' lang='lat' dir='ltr'>Altercatio</span> <span class='ocrx_word' id='word_1_413' title='bbox 1354 1405 1593 1454; x_wconf 78' lang='lat' dir='ltr'>Christiani,</span> <span class='ocrx_word' id='word_1_414' title='bbox 1618 1417 1712 1444; x_wconf 90' lang='lat' dir='ltr'>cum</span> <span class='ocrx_word' id='word_1_415' title='bbox 1737 1404 1888 1444; x_wconf 87' lang='lat' dir='ltr'>Judaeo</span> <span class='ocrx_word' id='word_1_416' title='bbox 1922 1404 1971 1443; x_wconf 92' lang='lat' dir='ltr'>de</span> <span class='ocrx_word' id='word_1_417' title='bbox 2003 1403 2079 1442; x_wconf 85' lang='lat' dir='ltr'>fide</span> 
     </span>
     <span class='ocr_line' id='line_1_72' title="bbox 1108 1467 2080 1509; baseline -0.004 -1"><span class='ocrx_word' id='word_1_418' title='bbox 1108 1468 1694 1509; x_wconf 87' lang='lat' dir='ltr'>Christianainterlocutoribus</span> <span class='ocrx_word' id='word_1_419' title='bbox 1704 1467 1879 1506; x_wconf 88' lang='lat' dir='ltr'>Gamiele</span> <span class='ocrx_word' id='word_1_420' title='bbox 1890 1471 1930 1506; x_wconf 88' lang='lat' dir='ltr'>et</span> <span class='ocrx_word' id='word_1_421' title='bbox 1947 1467 2080 1506; x_wconf 81' lang='lat' dir='ltr'>Paule.</span> 
     </span>
    </p>

    <p class='ocr_par' dir='ltr' id='par_1_15' title="bbox 1106 1529 2082 1709">
     <span class='ocr_line' id='line_1_73' title="bbox 1160 1529 2082 1577; baseline -0.003 -6"><span class='ocrx_word' id='word_1_422' title='bbox 1160 1532 1377 1571; x_wconf 84' lang='lat' dir='ltr'>RUPERTI</span> <span class='ocrx_word' id='word_1_423' title='bbox 1392 1531 1609 1570; x_wconf 80' lang='lat' dir='ltr'>Tuitiensis</span> <span class='ocrx_word' id='word_1_424' title='bbox 1625 1529 1790 1569; x_wconf 81' lang='lat' dir='ltr'>Abbatis</span> <span class='ocrx_word' id='word_1_425' title='bbox 1806 1531 2082 1577; x_wconf 89' lang='lat' dir='ltr'>annulus,seu</span> 
     </span>
     <span class='ocr_line' id='line_1_74' title="bbox 1106 1591 2079 1646; baseline -0.004 -13"><span class='ocrx_word' id='word_1_426' title='bbox 1106 1595 1287 1645; x_wconf 90' lang='lat' dir='ltr'>dialogus</span> <span class='ocrx_word' id='word_1_427' title='bbox 1310 1594 1525 1634; x_wconf 89' lang='lat' dir='ltr'>Christiani</span> <span class='ocrx_word' id='word_1_428' title='bbox 1544 1597 1586 1632; x_wconf 90' lang='lat' dir='ltr'>et</span> <span class='ocrx_word' id='word_1_429' title='bbox 1604 1592 1744 1632; x_wconf 91' lang='lat' dir='ltr'>Judaei</span> <span class='ocrx_word' id='word_1_430' title='bbox 1765 1592 1813 1631; x_wconf 92' lang='lat' dir='ltr'>de</span> <span class='ocrx_word' id='word_1_431' title='bbox 1838 1591 2079 1646; x_wconf 71' lang='lat' dir='ltr'>fideisacra-</span> 
     </span>
     <span class='ocr_line' id='line_1_75' title="bbox 1113 1657 1491 1709; baseline -0.005 -13"><span class='ocrx_word' id='word_1_432' title='bbox 1113 1659 1263 1696; x_wconf 84' lang='lat' dir='ltr'>mentis</span> <span class='ocrx_word' id='word_1_433' title='bbox 1286 1669 1374 1709; x_wconf 88' lang='lat' dir='ltr'>pag.</span> <span class='ocrx_word' id='word_1_434' title='bbox 1401 1657 1491 1696; x_wconf 82' lang='grc'>524.</span> 
     </span>
    </p>

    <p class='ocr_par' dir='ltr' id='par_1_16' title="bbox 1107 1716 2083 1833">
     <span class='ocr_line' id='line_1_76' title="bbox 1160 1716 2083 1770; baseline -0.001 -13"><span class='ocrx_word' id='word_1_435' title='bbox 1160 1718 1276 1758; x_wconf 85' lang='lat' dir='ltr'>Dicta</span> <span class='ocrx_word' id='word_1_436' title='bbox 1299 1718 1495 1770; x_wconf 89' lang='lat' dir='ltr'>quaedam</span> <span class='ocrx_word' id='word_1_437' title='bbox 1519 1730 1570 1758; x_wconf 81' lang='lat' dir='ltr'>ex</span> <span class='ocrx_word' id='word_1_438' title='bbox 1597 1717 1715 1756; x_wconf 90' lang='lat' dir='ltr'>dictis</span> <span class='ocrx_word' id='word_1_439' title='bbox 1739 1718 1776 1757; x_wconf 91' lang='lat' dir='ltr'>S.</span> <span class='ocrx_word' id='word_1_440' title='bbox 1798 1716 1980 1757; x_wconf 88' lang='lat' dir='ltr'>Anselmi</span> <span class='ocrx_word' id='word_1_441' title='bbox 2002 1717 2083 1756; x_wconf 90' lang='lat' dir='ltr'>col-</span> 
     </span>
     <span class='ocr_line' id='line_1_77' title="bbox 1107 1781 1816 1833; baseline -0.003 -13"><span class='ocrx_word' id='word_1_442' title='bbox 1107 1782 1211 1820; x_wconf 90' lang='lat' dir='ltr'>lecta</span> <span class='ocrx_word' id='word_1_443' title='bbox 1230 1794 1266 1833; x_wconf 93' lang='lat' dir='ltr'>p.</span> <span class='ocrx_word' id='word_1_444' title='bbox 1295 1782 1372 1820; x_wconf 79' lang='grc'>545</span> <span class='ocrx_word' id='word_1_445' title='bbox 1396 1784 1437 1819; x_wconf 82' lang='lat' dir='ltr'>et</span> <span class='ocrx_word' id='word_1_446' title='bbox 1462 1781 1652 1819; x_wconf 91' lang='lat' dir='ltr'>miracula</span> <span class='ocrx_word' id='word_1_447' title='bbox 1668 1792 1705 1831; x_wconf 93' lang='lat' dir='ltr'>p.</span> <span class='ocrx_word' id='word_1_448' title='bbox 1727 1781 1816 1819; x_wconf 80' lang='grc'>548.</span> 
     </span>
    </p>
   </div>
   <div class='ocr_carea' id='block_1_4' title="bbox 1097 1841 2081 1894">
    <p class='ocr_par' dir='ltr' id='par_1_17' title="bbox 1097 1841 2081 1894">
     <span class='ocr_line' id='line_1_78' title="bbox 1097 1841 2081 1894; baseline -0.001 -12"><span class='ocrx_word' id='word_1_449' title='bbox 1097 1874 1099 1878; x_wconf 64' lang='grc'>,</span> <span class='ocrx_word' id='word_1_450' title='bbox 1158 1845 1318 1883; x_wconf 88' lang='lat' dir='ltr'>Praeter</span> <span class='ocrx_word' id='word_1_451' title='bbox 1347 1843 1628 1894; x_wconf 86' lang='lat' dir='ltr'>castigationes</span> <span class='ocrx_word' id='word_1_452' title='bbox 1657 1847 1697 1880; x_wconf 90' lang='lat' dir='ltr'>et</span> <span class='ocrx_word' id='word_1_453' title='bbox 1726 1841 2029 1880; x_wconf 84' lang='lat' dir='ltr'>emendationes</span> <span class='ocrx_word' id='word_1_454' title='bbox 2057 1854 2081 1881; x_wconf 90' lang='lat' dir='ltr'>a</span> 
     </span>
    </p>
   </div>
   <div class='ocr_carea' id='block_1_5' title="bbox 1101 1903 2082 3010">
    <p class='ocr_par' dir='ltr' id='par_1_18' title="bbox 1104 1903 1813 1957">
     <span class='ocr_line' id='line_1_79' title="bbox 1104 1903 1813 1957; baseline -0.006 -12"><span class='ocrx_word' id='word_1_455' title='bbox 1104 1907 1306 1957; x_wconf 90' lang='lat' dir='ltr'>praeclaro</span> <span class='ocrx_word' id='word_1_456' title='bbox 1326 1905 1496 1954; x_wconf 87' lang='lat' dir='ltr'>editore,</span> <span class='ocrx_word' id='word_1_457' title='bbox 1521 1903 1788 1954; x_wconf 85' lang='lat' dir='ltr'>subjiciuntur</span> <span class='ocrx_word' id='word_1_458' title='bbox 1806 1917 1813 1942; x_wconf 91' lang='lat'>:</span> 
     </span>
    </p>

    <p class='ocr_par' dir='ltr' id='par_1_19' title="bbox 1101 1966 2082 2639">
     <span class='ocr_line' id='line_1_80' title="bbox 1155 1966 2079 2018; baseline -0.003 -11"><span class='ocrx_word' id='word_1_459' title='bbox 1155 1968 1321 2007; x_wconf 83' lang='lat' dir='ltr'>Joannis</span> <span class='ocrx_word' id='word_1_460' title='bbox 1359 1967 1525 2007; x_wconf 82' lang='lat' dir='ltr'>Picardi</span> <span class='ocrx_word' id='word_1_461' title='bbox 1557 1967 1859 2018; x_wconf 88' lang='lat' dir='ltr'>Augustiniani,</span> <span class='ocrx_word' id='word_1_462' title='bbox 1886 1966 2079 2005; x_wconf 89' lang='lat' dir='ltr'>Canonici</span> 
     </span>
     <span class='ocr_line' id='line_1_81' title="bbox 1106 2028 2079 2071; baseline -0.005 -1"><span class='ocrx_word' id='word_1_463' title='bbox 1106 2032 1144 2070; x_wconf 89' lang='lat' dir='ltr'>S.</span> <span class='ocrx_word' id='word_1_464' title='bbox 1169 2032 1338 2071; x_wconf 87' lang='lat' dir='ltr'>Victoris</span> <span class='ocrx_word' id='word_1_465' title='bbox 1358 2031 1478 2070; x_wconf 88' lang='lat' dir='ltr'>Paris.</span> <span class='ocrx_word' id='word_1_466' title='bbox 1504 2034 1620 2069; x_wconf 84' lang='lat' dir='ltr'>notae</span> <span class='ocrx_word' id='word_1_467' title='bbox 1650 2028 1828 2068; x_wconf 88' lang='lat' dir='ltr'>eruditae</span> <span class='ocrx_word' id='word_1_468' title='bbox 1854 2028 1904 2067; x_wconf 93' lang='lat' dir='ltr'>ad</span> <span class='ocrx_word' id='word_1_469' title='bbox 1927 2032 2010 2066; x_wconf 88' lang='lat' dir='ltr'>tres</span> <span class='ocrx_word' id='word_1_470' title='bbox 2035 2028 2079 2065; x_wconf 94' lang='lat' dir='ltr'>li-</span> 
     </span>
     <span class='ocr_line' id='line_1_82' title="bbox 1101 2089 2079 2145; baseline -0.005 -13"><span class='ocrx_word' id='word_1_471' title='bbox 1101 2093 1193 2132; x_wconf 92' lang='lat' dir='ltr'>bros</span> <span class='ocrx_word' id='word_1_472' title='bbox 1220 2095 1371 2145; x_wconf 90' lang='lat' dir='ltr'>priores</span> <span class='ocrx_word' id='word_1_473' title='bbox 1399 2093 1669 2144; x_wconf 82' lang='lat' dir='ltr'>Epistolarum</span> <span class='ocrx_word' id='word_1_474' title='bbox 1692 2102 1741 2130; x_wconf 79' lang='lat' dir='ltr'>ex</span> <span class='ocrx_word' id='word_1_475' title='bbox 1768 2090 1946 2129; x_wconf 86' lang='lat' dir='ltr'>editione</span> <span class='ocrx_word' id='word_1_476' title='bbox 1975 2089 2079 2141; x_wconf 88' lang='lat' dir='ltr'>Ope-</span> 
     </span>
     <span class='ocr_line' id='line_1_83' title="bbox 1102 2153 2077 2206; baseline -0.005 -12"><span class='ocrx_word' id='word_1_477' title='bbox 1102 2167 1192 2195; x_wconf 91' lang='lat' dir='ltr'>rum</span> <span class='ocrx_word' id='word_1_478' title='bbox 1226 2156 1425 2206; x_wconf 86' lang='lat' dir='ltr'>Anselmi,</span> <span class='ocrx_word' id='word_1_479' title='bbox 1456 2156 1638 2196; x_wconf 85' lang='lat' dir='ltr'>Coloniae</span> <span class='ocrx_word' id='word_1_480' title='bbox 1677 2153 1779 2193; x_wconf 84' lang='grc'>4642</span> <span class='ocrx_word' id='word_1_481' title='bbox 1818 2153 1928 2200; x_wconf 80' lang='lat' dir='ltr'>folin,</span> <span class='ocrx_word' id='word_1_482' title='bbox 1955 2163 2077 2202; x_wconf 88' lang='lat' dir='ltr'>quam</span> 
     </span>
     <span class='ocr_line' id='line_1_84' title="bbox 1102 2215 2079 2270; baseline -0.005 -14"><span class='ocrx_word' id='word_1_483' title='bbox 1102 2218 1265 2269; x_wconf 90' lang='lat' dir='ltr'>perinde</span> <span class='ocrx_word' id='word_1_484' title='bbox 1301 2224 1347 2257; x_wconf 87' lang='lat' dir='ltr'>ut</span> <span class='ocrx_word' id='word_1_485' title='bbox 1385 2217 1697 2270; x_wconf 87' lang='lat' dir='ltr'>Lugdunensem</span> <span class='ocrx_word' id='word_1_486' title='bbox 1732 2215 1938 2266; x_wconf 89' lang='lat' dir='ltr'>Theophili</span> <span class='ocrx_word' id='word_1_487' title='bbox 1975 2216 2079 2264; x_wconf 84' lang='lat' dir='ltr'>Ray-</span> 
     </span>
     <span class='ocr_line' id='line_1_85' title="bbox 1105 2277 2079 2333; baseline -0.005 -14"><span class='ocrx_word' id='word_1_488' title='bbox 1105 2281 1225 2320; x_wconf 89' lang='lat' dir='ltr'>naudi</span> <span class='ocrx_word' id='word_1_489' title='bbox 1242 2281 1365 2333; x_wconf 88' lang='lat' dir='ltr'>Lugd.</span> <span class='ocrx_word' id='word_1_490' title='bbox 1385 2281 1486 2320; x_wconf 88' lang='grc'>4630</span> <span class='ocrx_word' id='word_1_491' title='bbox 1504 2280 1566 2319; x_wconf 88' lang='grc'>401.</span> <span class='ocrx_word' id='word_1_492' title='bbox 1585 2283 1768 2318; x_wconf 85' lang='lat' dir='ltr'>recenset</span> <span class='ocrx_word' id='word_1_493' title='bbox 1784 2277 1969 2316; x_wconf 87' lang='lat' dir='ltr'>Labbeus</span> <span class='ocrx_word' id='word_1_494' title='bbox 1984 2281 2079 2315; x_wconf 80' lang='lat' dir='ltr'>torn.</span> 
     </span>
     <span class='ocr_line' id='line_1_86' title="bbox 1104 2338 2081 2395; baseline -0.006 -12"><span class='ocrx_word' id='word_1_495' title='bbox 1104 2344 1120 2382; x_wconf 94' lang='lat' dir='ltr'>I</span> <span class='ocrx_word' id='word_1_496' title='bbox 1145 2343 1193 2382; x_wconf 86' lang='lat' dir='ltr'>de</span> <span class='ocrx_word' id='word_1_497' title='bbox 1218 2345 1256 2383; x_wconf 89' lang='lat' dir='ltr'>S.</span> <span class='ocrx_word' id='word_1_498' title='bbox 1281 2344 1326 2383; x_wconf 88' lang='lat' dir='ltr'>E.</span> <span class='ocrx_word' id='word_1_499' title='bbox 1353 2355 1442 2395; x_wconf 88' lang='lat' dir='ltr'>pag.</span> <span class='ocrx_word' id='word_1_500' title='bbox 1465 2343 1514 2382; x_wconf 92' lang='lat'>80</span> <span class='ocrx_word' id='word_1_501' title='bbox 1540 2353 1623 2392; x_wconf 88' lang='lat' dir='ltr'>seq.</span> <span class='ocrx_word' id='word_1_502' title='bbox 1644 2342 1791 2380; x_wconf 84' lang='lat' dir='ltr'>Exstat</span> <span class='ocrx_word' id='word_1_503' title='bbox 1811 2344 1851 2378; x_wconf 85' lang='lat' dir='ltr'>et</span> <span class='ocrx_word' id='word_1_504' title='bbox 1871 2338 1990 2378; x_wconf 91' lang='lat' dir='ltr'>editio</span> <span class='ocrx_word' id='word_1_505' title='bbox 2006 2339 2081 2378; x_wconf 87' lang='lat' dir='ltr'>Co-</span> 
     </span>
     <span class='ocr_line' id='line_1_87' title="bbox 1106 2401 2082 2454; baseline -0.005 -10"><span class='ocrx_word' id='word_1_506' title='bbox 1106 2406 1295 2445; x_wconf 88' lang='lat' dir='ltr'>loniensis</span> <span class='ocrx_word' id='word_1_507' title='bbox 1322 2405 1438 2454; x_wconf 69' lang='lat'>⁴573,</span> <span class='ocrx_word' id='word_1_508' title='bbox 1463 2405 1512 2444; x_wconf 93' lang='lat' dir='ltr'>de</span> <span class='ocrx_word' id='word_1_509' title='bbox 1540 2416 1620 2454; x_wconf 88' lang='lat' dir='ltr'>qua</span> <span class='ocrx_word' id='word_1_510' title='bbox 1643 2403 1890 2442; x_wconf 87' lang='lat' dir='ltr'>Possevinus</span> <span class='ocrx_word' id='word_1_511' title='bbox 1911 2432 1918 2450; x_wconf 86' lang='lat'>‚</span> <span class='ocrx_word' id='word_1_512' title='bbox 1939 2405 1979 2440; x_wconf 88' lang='lat' dir='ltr'>et</span> <span class='ocrx_word' id='word_1_513' title='bbox 2008 2401 2082 2439; x_wconf 89' lang='lat' dir='ltr'>No-</span> 
     </span>
     <span class='ocr_line' id='line_1_88' title="bbox 1105 2463 2080 2520; baseline -0.008 -13"><span class='ocrx_word' id='word_1_514' title='bbox 1105 2469 1390 2520; x_wconf 86' lang='lat' dir='ltr'>rimbergensis</span> <span class='ocrx_word' id='word_1_515' title='bbox 1424 2469 1519 2508; x_wconf 88' lang='grc'>4494</span> <span class='ocrx_word' id='word_1_516' title='bbox 1552 2467 1614 2506; x_wconf 90' lang='grc'>401.</span> <span class='ocrx_word' id='word_1_517' title='bbox 1645 2466 1693 2505; x_wconf 90' lang='lat' dir='ltr'>de</span> <span class='ocrx_word' id='word_1_518' title='bbox 1730 2477 1812 2516; x_wconf 92' lang='lat' dir='ltr'>qua</span> <span class='ocrx_word' id='word_1_519' title='bbox 1841 2463 2080 2514; x_wconf 81' lang='lat' dir='ltr'>Theophilus</span> 
     </span>
     <span class='ocr_line' id='line_1_89' title="bbox 1108 2524 2082 2569; baseline -0.008 0"><span class='ocrx_word' id='word_1_520' title='bbox 1108 2531 1296 2569; x_wconf 90' lang='lat' dir='ltr'>Sincerus</span> <span class='ocrx_word' id='word_1_521' title='bbox 1333 2529 1552 2569; x_wconf 77' lang='lat' dir='ltr'>Nachrieht</span> <span class='ocrx_word' id='word_1_522' title='bbox 1587 2540 1663 2567; x_wconf 84' lang='lat' dir='ltr'>von</span> <span class='ocrx_word' id='word_1_523' title='bbox 1697 2526 1802 2565; x_wconf 84' lang='lat' dir='ltr'>alten</span> <span class='ocrx_word' id='word_1_524' title='bbox 1836 2524 1920 2564; x_wconf 80' lang='lat' dir='ltr'>und</span> <span class='ocrx_word' id='word_1_525' title='bbox 1955 2536 2082 2563; x_wconf 78' lang='lat' dir='ltr'>neuen</span> 
     </span>
     <span class='ocr_line' id='line_1_90' title="bbox 1108 2589 2018 2639; baseline -0.005 -10"><span class='ocrx_word' id='word_1_526' title='bbox 1108 2603 1233 2630; x_wconf 82' lang='lat' dir='ltr'>raren</span> <span class='ocrx_word' id='word_1_527' title='bbox 1253 2592 1455 2639; x_wconf 65' lang='lat' dir='ltr'>Buchern,</span> <span class='ocrx_word' id='word_1_528' title='bbox 1477 2591 1553 2630; x_wconf 85' lang='lat' dir='ltr'>Frf.</span> <span class='ocrx_word' id='word_1_529' title='bbox 1582 2591 1674 2630; x_wconf 87' lang='grc'>4734</span> <span class='ocrx_word' id='word_1_530' title='bbox 1707 2590 1731 2626; x_wconf 91' lang='grc'>8</span> <span class='ocrx_word' id='word_1_531' title='bbox 1754 2600 1840 2639; x_wconf 84' lang='lat' dir='ltr'>pag.</span> <span class='ocrx_word' id='word_1_532' title='bbox 1862 2589 1904 2627; x_wconf 89' lang='grc'>24</span> <span class='ocrx_word' id='word_1_533' title='bbox 1937 2599 2018 2637; x_wconf 87' lang='lat' dir='ltr'>seq.</span> 
     </span>
    </p>

    <p class='ocr_par' dir='ltr' id='par_1_20' title="bbox 1106 2649 2080 3010">
     <span class='ocr_line' id='line_1_91' title="bbox 1159 2649 2076 2702; baseline -0.008 -10"><span class='ocrx_word' id='word_1_534' title='bbox 1159 2655 1201 2692; x_wconf 90' lang='lat' dir='ltr'>ln</span> <span class='ocrx_word' id='word_1_535' title='bbox 1224 2653 1448 2692; x_wconf 83' lang='lat' dir='ltr'>EADMERI</span> <span class='ocrx_word' id='word_1_536' title='bbox 1472 2652 1677 2702; x_wconf 90' lang='lat' dir='ltr'>operibus,</span> <span class='ocrx_word' id='word_1_537' title='bbox 1703 2661 1804 2700; x_wconf 89' lang='lat' dir='ltr'>quae</span> <span class='ocrx_word' id='word_1_538' title='bbox 1829 2651 1868 2687; x_wconf 91' lang='lat' dir='ltr'>in</span> <span class='ocrx_word' id='word_1_539' title='bbox 1893 2649 2076 2687; x_wconf 86' lang='lat' dir='ltr'>editioni-</span> 
     </span>
     <span class='ocr_line' id='line_1_92' title="bbox 1106 2710 2077 2760; baseline -0.006 -6"><span class='ocrx_word' id='word_1_540' title='bbox 1106 2716 1181 2754; x_wconf 91' lang='lat' dir='ltr'>bus</span> <span class='ocrx_word' id='word_1_541' title='bbox 1205 2716 1287 2754; x_wconf 89' lang='lat' dir='ltr'>Par.</span> <span class='ocrx_word' id='word_1_542' title='bbox 1307 2714 1410 2753; x_wconf 76' lang='grc'>4657</span> <span class='ocrx_word' id='word_1_543' title='bbox 1432 2714 1527 2753; x_wconf 87' lang='grc'>4724</span> <span class='ocrx_word' id='word_1_544' title='bbox 1560 2714 1622 2751; x_wconf 90' lang='grc'>401.</span> <span class='ocrx_word' id='word_1_545' title='bbox 1645 2712 1835 2750; x_wconf 88' lang='lat' dir='ltr'>Anselmo</span> <span class='ocrx_word' id='word_1_546' title='bbox 1859 2710 2077 2760; x_wconf 86' lang='lat' dir='ltr'>subjiciun-</span> 
     </span>
     <span class='ocr_line' id='line_1_93' title="bbox 1108 2772 2078 2826; baseline -0.005 -11"><span class='ocrx_word' id='word_1_547' title='bbox 1108 2782 1197 2826; x_wconf 89' lang='lat' dir='ltr'>tur,</span> <span class='ocrx_word' id='word_1_548' title='bbox 1223 2780 1383 2815; x_wconf 81' lang='lat' dir='ltr'>exstant</span> <span class='ocrx_word' id='word_1_549' title='bbox 1420 2780 1576 2826; x_wconf 88' lang='lat' dir='ltr'>praeter</span> <span class='ocrx_word' id='word_1_550' title='bbox 1608 2774 1788 2812; x_wconf 88' lang='lat' dir='ltr'>Anselmi</span> <span class='ocrx_word' id='word_1_551' title='bbox 1824 2774 1947 2811; x_wconf 88' lang='lat' dir='ltr'>vitam</span> <span class='ocrx_word' id='word_1_552' title='bbox 1978 2772 2078 2811; x_wconf 89' lang='lat' dir='ltr'>liher</span> 
     </span>
     <span class='ocr_line' id='line_1_94' title="bbox 1109 2834 2080 2890; baseline -0.007 -12"><span class='ocrx_word' id='word_1_553' title='bbox 1109 2850 1266 2890; x_wconf 90' lang='lat' dir='ltr'>quoque</span> <span class='ocrx_word' id='word_1_554' title='bbox 1302 2837 1348 2876; x_wconf 82' lang='lat' dir='ltr'>de</span> <span class='ocrx_word' id='word_1_555' title='bbox 1388 2836 1626 2875; x_wconf 71' lang='lat' dir='ltr'>beatitudine</span> <span class='ocrx_word' id='word_1_556' title='bbox 1665 2834 1842 2873; x_wconf 73' lang='lat' dir='ltr'>coelestis</span> <span class='ocrx_word' id='word_1_557' title='bbox 1874 2834 2036 2872; x_wconf 83' lang='lat' dir='ltr'>Patriae</span> <span class='ocrx_word' id='word_1_558' title='bbox 2059 2835 2080 2856; x_wconf 50' lang='grc' dir='ltr'>’ἓ</span> 
     </span>
     <span class='ocr_line' id='line_1_95' title="bbox 1108 2895 2080 2949; baseline -0.005 -10"><span class='ocrx_word' id='word_1_559' title='bbox 1108 2901 1297 2939; x_wconf 83' lang='lat' dir='ltr'>Anselmo</span> <span class='ocrx_word' id='word_1_560' title='bbox 1317 2911 1337 2938; x_wconf 91' lang='lat' dir='ltr'>a</span> <span class='ocrx_word' id='word_1_561' title='bbox 1363 2899 1599 2949; x_wconf 82' lang='lat' dir='ltr'>quibusdam</span> <span class='ocrx_word' id='word_1_562' title='bbox 1625 2898 1828 2945; x_wconf 86' lang='lat' dir='ltr'>tributus,</span> <span class='ocrx_word' id='word_1_563' title='bbox 1853 2901 1892 2935; x_wconf 85' lang='lat' dir='ltr'>et</span> <span class='ocrx_word' id='word_1_564' title='bbox 1917 2897 2014 2935; x_wconf 89' lang='lat' dir='ltr'>liber</span> <span class='ocrx_word' id='word_1_565' title='bbox 2033 2895 2080 2935; x_wconf 81' lang='lat' dir='ltr'>cle</span> 
     </span>
     <span class='ocr_line' id='line_1_96' title="bbox 1109 2958 2079 3010; baseline -0.006 -8"><span class='ocrx_word' id='word_1_566' title='bbox 1109 2965 1148 3002; x_wconf 85' lang='lat' dir='ltr'>S.</span> <span class='ocrx_word' id='word_1_567' title='bbox 1173 2960 1350 3000; x_wconf 81' lang='lat' dir='ltr'>Anselmi</span> <span class='ocrx_word' id='word_1_568' title='bbox 1368 2959 1714 3009; x_wconf 69' lang='lat' dir='ltr'>sime&#39;litaclinibus,</span> <span class='ocrx_word' id='word_1_569' title='bbox 1732 2961 1769 2998; x_wconf 88' lang='lat' dir='ltr'>iu</span> <span class='ocrx_word' id='word_1_570' title='bbox 1787 2959 1903 3009; x_wconf 81' lang='lat' dir='ltr'>cujus</span> <span class='ocrx_word' id='word_1_571' title='bbox 1927 2971 2009 3010; x_wconf 84' lang='lat' dir='ltr'>cap.</span> <span class='ocrx_word' id='word_1_572' title='bbox 2030 2958 2079 2996; x_wconf 90' lang='grc'>47</span> 
     </span>
    </p>
   </div>
   <div class='ocr_carea' id='block_1_6' title="bbox 1105 3136 2083 3377">
    <p class='ocr_par' dir='ltr' id='par_1_21' title="bbox 1105 3136 2083 3377">
     <span class='ocr_line' id='line_1_97' title="bbox 1166 3136 2082 3178; baseline -0.002 -8"><span class='ocrx_word' id='word_1_573' title='bbox 1166 3138 1180 3152; x_wconf 74' lang='grc'>*</span> <span class='ocrx_word' id='word_1_574' title='bbox 1202 3139 1254 3170; x_wconf 83' lang='lat' dir='ltr'>De</span> <span class='ocrx_word' id='word_1_575' title='bbox 1275 3138 1446 3178; x_wconf 79' lang='lat' dir='ltr'>felicitate</span> <span class='ocrx_word' id='word_1_576' title='bbox 1468 3139 1681 3171; x_wconf 81' lang='lat' dir='ltr'>sanctorum</span> <span class='ocrx_word' id='word_1_577' title='bbox 1705 3138 1766 3169; x_wconf 90' lang='lat' dir='ltr'>sub</span> <span class='ocrx_word' id='word_1_578' title='bbox 1796 3136 1943 3168; x_wconf 83' lang='lat' dir='ltr'>Anselmi</span> <span class='ocrx_word' id='word_1_579' title='bbox 1974 3139 2082 3168; x_wconf 88' lang='lat' dir='ltr'>nomi·</span> 
     </span>
     <span class='ocr_line' id='line_1_98' title="bbox 1105 3187 2082 3228; baseline -0.001 -9"><span class='ocrx_word' id='word_1_580' title='bbox 1105 3197 1147 3219; x_wconf 90' lang='lat' dir='ltr'>ne</span> <span class='ocrx_word' id='word_1_581' title='bbox 1164 3190 1372 3228; x_wconf 80' lang='lat' dir='ltr'>Antwerpiae</span> <span class='ocrx_word' id='word_1_582' title='bbox 1397 3187 1494 3225; x_wconf 69' lang='lat'>1612,</span> <span class='ocrx_word' id='word_1_583' title='bbox 1521 3188 1558 3218; x_wconf 72' lang='grc'>’12</span> <span class='ocrx_word' id='word_1_584' title='bbox 1583 3195 1640 3228; x_wconf 85' lang='lat' dir='ltr'>per</span> <span class='ocrx_word' id='word_1_585' title='bbox 1666 3189 1847 3219; x_wconf 69' lang='lat' dir='ltr'>nenrtcum</span> <span class='ocrx_word' id='word_1_586' title='bbox 1867 3187 2082 3219; x_wconf 89' lang='lat' dir='ltr'>Sommalium</span> 
     </span>
     <span class='ocr_line' id='line_1_99' title="bbox 1109 3236 2083 3276; baseline 0 -9"><span class='ocrx_word' id='word_1_587' title='bbox 1109 3241 1140 3267; x_wconf 84' lang='lat' dir='ltr'>et</span> <span class='ocrx_word' id='word_1_588' title='bbox 1164 3237 1225 3268; x_wconf 87' lang='lat' dir='ltr'>sub</span> <span class='ocrx_word' id='word_1_589' title='bbox 1253 3239 1404 3269; x_wconf 81' lang='lat' dir='ltr'>Eadmeri</span> <span class='ocrx_word' id='word_1_590' title='bbox 1422 3263 1431 3276; x_wconf 90' lang='lat'><strong><em>‚</em></strong></span> <span class='ocrx_word' id='word_1_591' title='bbox 1456 3240 1592 3269; x_wconf 85' lang='lat' dir='ltr'>Parisiis</span> <span class='ocrx_word' id='word_1_592' title='bbox 1626 3237 1728 3274; x_wconf 77' lang='lat'>1658,</span> <span class='ocrx_word' id='word_1_593' title='bbox 1756 3236 1775 3267; x_wconf 87' lang='lat'>8</span> <span class='ocrx_word' id='word_1_594' title='bbox 1798 3236 1916 3268; x_wconf 85' lang='lat' dir='ltr'>edente</span> <span class='ocrx_word' id='word_1_595' title='bbox 1955 3240 2083 3268; x_wconf 73' lang='lat' dir='ltr'>scanne</span> 
     </span>
     <span class='ocr_line' id='line_1_100' title="bbox 1106 3285 2080 3325; baseline 0.001 -8"><span class='ocrx_word' id='word_1_596' title='bbox 1106 3288 1252 3325; x_wconf 78' lang='lat' dir='ltr'>Baptista</span> <span class='ocrx_word' id='word_1_597' title='bbox 1280 3287 1440 3319; x_wconf 80' lang='lat' dir='ltr'>Machalto</span> <span class='ocrx_word' id='word_1_598' title='bbox 1466 3287 1540 3319; x_wconf 90' lang='lat' dir='ltr'>Soc.</span> <span class='ocrx_word' id='word_1_599' title='bbox 1566 3291 1629 3318; x_wconf 86' lang='lat' dir='ltr'>Jes.</span> <span class='ocrx_word' id='word_1_600' title='bbox 1658 3287 1811 3318; x_wconf 83' lang='lat' dir='ltr'>Eadmeri</span> <span class='ocrx_word' id='word_1_601' title='bbox 1836 3285 2080 3319; x_wconf 71' lang='lat' dir='ltr'>praefationem</span> 
     </span>
     <span class='ocr_line' id='line_1_101' title="bbox 1110 3335 1938 3377; baseline -0.002 -8"><span class='ocrx_word' id='word_1_602' title='bbox 1110 3337 1245 3370; x_wconf 84' lang='lat' dir='ltr'>dederat</span> <span class='ocrx_word' id='word_1_603' title='bbox 1265 3336 1465 3377; x_wconf 69' lang='lat' dir='ltr'>Raynaudus</span> <span class='ocrx_word' id='word_1_604' title='bbox 1489 3340 1578 3369; x_wconf 84' lang='lat' dir='ltr'>tomo</span> <span class='ocrx_word' id='word_1_605' title='bbox 1600 3338 1654 3367; x_wconf 82' lang='lat' dir='ltr'>xli</span> <span class='ocrx_word' id='word_1_606' title='bbox 1682 3338 1764 3377; x_wconf 79' lang='lat' dir='ltr'>opp,</span> <span class='ocrx_word' id='word_1_607' title='bbox 1789 3343 1864 3376; x_wconf 79' lang='lat' dir='ltr'>pag.</span> <span class='ocrx_word' id='word_1_608' title='bbox 1888 3335 1938 3368; x_wconf 78' lang='lat'>85.</span> 
     </span>
    </p>
   </div>
  </div>
 </body>
</html>
