<?xml version="1.0" encoding="UTF-8"?>
<!DOCTYPE html PUBLIC "-//W3C//DTD XHTML 1.0 Transitional//EN"
    "http://www.w3.org/TR/xhtml1/DTD/xhtml1-transitional.dtd">
<html xmlns="http://www.w3.org/1999/xhtml" xml:lang="en" lang="en">
 <head>
  <title>
</title>
<meta http-equiv="Content-Type" content="text/html;charset=utf-8" />
  <meta name='ocr-system' content='tesseract 3.04.00' />
  <meta name='ocr-capabilities' content='ocr_page ocr_carea ocr_par ocr_line ocrx_word'/>
</head>
<body>
  <div class='ocr_page' id='page_1' title='image "./bibliothecalatin01fabruoft_0051.png"; bbox 0 0 2500 3841; ppageno 0'>
   <div class='ocr_carea' id='block_1_1' title="bbox 932 267 2102 307">
    <p class='ocr_par' dir='ltr' id='par_1_1' title="bbox 932 267 2102 307">
     <span class='ocr_line' id='line_1_1' title="bbox 932 267 2102 307; baseline -0.003 0"><span class='ocrx_word' id='word_1_1' title='bbox 932 271 960 307; x_wconf 73' lang='lat' dir='ltr'>A</span> <span class='ocrx_word' id='word_1_2' title='bbox 989 269 1016 307; x_wconf 80' lang='lat' dir='ltr'>i)</span> <span class='ocrx_word' id='word_1_3' title='bbox 1037 270 1069 307; x_wconf 77' lang='lat' dir='ltr'>E</span> <span class='ocrx_word' id='word_1_4' title='bbox 1092 267 1120 305; x_wconf 74' lang='lat' dir='ltr'>l.</span> <span class='ocrx_word' id='word_1_5' title='bbox 1143 268 1179 305; x_wconf 77' lang='lat' dir='ltr'>M</span> <span class='ocrx_word' id='word_1_6' title='bbox 1205 267 1233 306; x_wconf 74' lang='lat' dir='ltr'>U</span> <span class='ocrx_word' id='word_1_7' title='bbox 1255 268 1279 304; x_wconf 62' lang='lat' dir='ltr'>S</span> <span class='ocrx_word' id='word_1_8' title='bbox 2058 268 2102 303; x_wconf 70' lang='lat' dir='ltr'>ill</span> 
     </span>
    </p>
   </div>
   <div class='ocr_carea' id='block_1_2' title="bbox 82 341 1081 2921">
    <p class='ocr_par' dir='ltr' id='par_1_2' title="bbox 82 341 1078 1813">
     <span class='ocr_line' id='line_1_2' title="bbox 103 341 1064 395; baseline -0.006 -10"><span class='ocrx_word' id='word_1_9' title='bbox 103 345 253 385; x_wconf 85' lang='lat' dir='ltr'>odiensi</span> <span class='ocrx_word' id='word_1_10' title='bbox 282 343 502 395; x_wconf 82' lang='lat' dir='ltr'>Episcopus</span> <span class='ocrx_word' id='word_1_11' title='bbox 523 343 741 381; x_wconf 80' lang='lat' dir='ltr'>Brixiensis</span> <span class='ocrx_word' id='word_1_12' title='bbox 761 343 809 380; x_wconf 82' lang='lat' dir='ltr'>ab</span> <span class='ocrx_word' id='word_1_13' title='bbox 830 341 873 380; x_wconf 68' lang='lat' dir='ltr'>A.</span> <span class='ocrx_word' id='word_1_14' title='bbox 896 342 937 381; x_wconf 91' lang='lat' dir='ltr'>C.</span> <span class='ocrx_word' id='word_1_15' title='bbox 962 343 1064 381; x_wconf 71' lang='grc'>4048</span> 
     </span>
     <span class='ocr_line' id='line_1_3' title="bbox 101 404 1066 455; baseline -0.005 -9"><span class='ocrx_word' id='word_1_16' title='bbox 101 407 315 446; x_wconf 76' lang='lat' dir='ltr'>defunctus</span> <span class='ocrx_word' id='word_1_17' title='bbox 328 416 406 444; x_wconf 92' lang='lat' dir='ltr'>non</span> <span class='ocrx_word' id='word_1_18' title='bbox 421 408 514 443; x_wconf 89' lang='lat' dir='ltr'>ante</span> <span class='ocrx_word' id='word_1_19' title='bbox 524 404 570 443; x_wconf 84' lang='lat' dir='ltr'>A.</span> <span class='ocrx_word' id='word_1_20' title='bbox 593 404 687 443; x_wconf 79' lang='grc'>4064</span> <span class='ocrx_word' id='word_1_21' title='bbox 713 409 753 442; x_wconf 91' lang='lat' dir='ltr'>ut</span> <span class='ocrx_word' id='word_1_22' title='bbox 773 405 908 455; x_wconf 88' lang='lat' dir='ltr'>probat</span> <span class='ocrx_word' id='word_1_23' title='bbox 924 404 1066 451; x_wconf 70' lang='lat' dir='ltr'>Ughel-</span> 
     </span>
     <span class='ocr_line' id='line_1_4' title="bbox 104 465 1064 517; baseline -0.005 -9"><span class='ocrx_word' id='word_1_24' title='bbox 104 469 168 508; x_wconf 92' lang='lat' dir='ltr'>lus</span> <span class='ocrx_word' id='word_1_25' title='bbox 188 469 311 507; x_wconf 90' lang='lat' dir='ltr'>Tomo</span> <span class='ocrx_word' id='word_1_26' title='bbox 335 468 399 506; x_wconf 90' lang='lat' dir='ltr'>IV.</span> <span class='ocrx_word' id='word_1_27' title='bbox 419 467 557 506; x_wconf 84' lang='lat' dir='ltr'>ltaliae</span> <span class='ocrx_word' id='word_1_28' title='bbox 578 467 719 505; x_wconf 87' lang='lat' dir='ltr'>Sacrae</span> <span class='ocrx_word' id='word_1_29' title='bbox 739 478 825 517; x_wconf 63' lang='lat' dir='ltr'>pag.</span> <span class='ocrx_word' id='word_1_30' title='bbox 848 466 935 504; x_wconf 65' lang='lat'>540.</span> <span class='ocrx_word' id='word_1_31' title='bbox 964 465 1064 515; x_wconf 82' lang='lat' dir='ltr'>Ejus</span> 
     </span>
     <span class='ocr_line' id='line_1_5' title="bbox 102 527 1065 582; baseline -0.004 -14"><span class='ocrx_word' id='word_1_32' title='bbox 102 528 304 582; x_wconf 79' lang='lat' dir='ltr'><em>rhythmos</em></span> <span class='ocrx_word' id='word_1_33' title='bbox 331 527 378 567; x_wconf 85' lang='lat' dir='ltr'>de</span> <span class='ocrx_word' id='word_1_34' title='bbox 401 527 503 567; x_wconf 78' lang='lat' dir='ltr'>viris</span> <span class='ocrx_word' id='word_1_35' title='bbox 533 527 756 567; x_wconf 78' lang='lat' dir='ltr'><em>illustribus</em></span> <span class='ocrx_word' id='word_1_36' title='bbox 787 528 855 566; x_wconf 75' lang='lat' dir='ltr'>sui</span> <span class='ocrx_word' id='word_1_37' title='bbox 881 527 1065 578; x_wconf 77' lang='lat' dir='ltr'>temporis</span> 
     </span>
     <span class='ocr_line' id='line_1_6' title="bbox 102 590 1064 641; baseline -0.003 -11"><span class='ocrx_word' id='word_1_38' title='bbox 102 591 490 631; x_wconf 81' lang='lat' dir='ltr'>edidit‘Mabillonius</span> <span class='ocrx_word' id='word_1_39' title='bbox 510 592 618 629; x_wconf 89' lang='lat' dir='ltr'>Tom.</span> <span class='ocrx_word' id='word_1_40' title='bbox 636 591 664 629; x_wconf 89' lang='lat' dir='ltr'>i.</span> <span class='ocrx_word' id='word_1_41' title='bbox 691 590 867 629; x_wconf 83' lang='lat' dir='ltr'>Analect.</span> <span class='ocrx_word' id='word_1_42' title='bbox 889 602 975 641; x_wconf 69' lang='lat' dir='ltr'>pag.</span> <span class='ocrx_word' id='word_1_43' title='bbox 991 590 1064 627; x_wconf 69' lang='lat'>420</span> 
     </span>
     <span class='ocr_line' id='line_1_7' title="bbox 82 650 1068 705; baseline -0.003 -13"><span class='ocrx_word' id='word_1_44' title='bbox 82 657 143 692; x_wconf 60' lang='lat' dir='ltr'>&gt;et</span> <span class='ocrx_word' id='word_1_45' title='bbox 162 653 255 693; x_wconf 91' lang='lat' dir='ltr'>edit.</span> <span class='ocrx_word' id='word_1_46' title='bbox 273 663 400 692; x_wconf 86' lang='lat' dir='ltr'>novae</span> <span class='ocrx_word' id='word_1_47' title='bbox 419 664 505 705; x_wconf 77' lang='lat' dir='ltr'>pag.</span> <span class='ocrx_word' id='word_1_48' title='bbox 528 653 616 691; x_wconf 74' lang='lat'>382.</span> <span class='ocrx_word' id='word_1_49' title='bbox 637 650 818 702; x_wconf 72' lang='lat' dir='ltr'>Epistola.</span> <span class='ocrx_word' id='word_1_50' title='bbox 833 651 878 689; x_wconf 80' lang='lat' dir='ltr'>de</span> <span class='ocrx_word' id='word_1_51' title='bbox 899 652 1068 691; x_wconf 76' lang='lat' dir='ltr'>Verz&#39;tcite</span> 
     </span>
     <span class='ocr_line' id='line_1_8' title="bbox 105 713 1067 766; baseline -0.003 -11"><span class='ocrx_word' id='word_1_52' title='bbox 105 713 298 766; x_wconf 68' lang='lat' dir='ltr'>Corporis</span> <span class='ocrx_word' id='word_1_53' title='bbox 341 713 494 754; x_wconf 73' lang='lat' dir='ltr'>Christi</span> <span class='ocrx_word' id='word_1_54' title='bbox 519 714 568 754; x_wconf 90' lang='lat' dir='ltr'>ad</span> <span class='ocrx_word' id='word_1_55' title='bbox 602 715 765 753; x_wconf 75' lang='lat' dir='ltr'>Petrum</span> <span class='ocrx_word' id='word_1_56' title='bbox 798 715 1067 753; x_wconf 84' lang='lat' dir='ltr'>Primicerium</span> 
     </span>
     <span class='ocr_line' id='line_1_9' title="bbox 102 775 1071 828; baseline -0.002 -12"><span class='ocrx_word' id='word_1_57' title='bbox 102 778 338 824; x_wconf 62' lang='lat' dir='ltr'>metensem,</span> <span class='ocrx_word' id='word_1_58' title='bbox 356 775 604 815; x_wconf 86' lang='lat' dir='ltr'>Adelmanno</span> <span class='ocrx_word' id='word_1_59' title='bbox 623 777 694 828; x_wconf 85' lang='lat' dir='ltr'>ipsi</span> <span class='ocrx_word' id='word_1_60' title='bbox 709 781 749 815; x_wconf 86' lang='lat' dir='ltr'>et</span> <span class='ocrx_word' id='word_1_61' title='bbox 769 777 971 823; x_wconf 67' lang='lat' dir='ltr'>sigeberto</span> <span class='ocrx_word' id='word_1_62' title='bbox 988 787 1071 814; x_wconf 89' lang='lat' dir='ltr'>me-</span> 
     </span>
     <span class='ocr_line' id='line_1_10' title="bbox 104 838 1067 888; baseline -0.003 -10"><span class='ocrx_word' id='word_1_63' title='bbox 104 843 272 888; x_wconf 87' lang='lat' dir='ltr'>morata,</span> <span class='ocrx_word' id='word_1_64' title='bbox 292 838 469 878; x_wconf 91' lang='lat' dir='ltr'>nondum</span> <span class='ocrx_word' id='word_1_65' title='bbox 499 838 629 878; x_wconf 89' lang='lat' dir='ltr'>lucem</span> <span class='ocrx_word' id='word_1_66' title='bbox 650 838 765 886; x_wconf 60' lang='lat' dir='ltr'>vidit..</span> <span class='ocrx_word' id='word_1_67' title='bbox 791 838 895 888; x_wconf 91' lang='lat' dir='ltr'>quod</span> <span class='ocrx_word' id='word_1_68' title='bbox 925 840 1067 877; x_wconf 90' lang='lat' dir='ltr'>sciam:</span> 
     </span>
     <span class='ocr_line' id='line_1_11' title="bbox 105 899 1069 951; baseline -0.004 -11"><span class='ocrx_word' id='word_1_69' title='bbox 105 901 229 940; x_wconf 85' lang='lat' dir='ltr'>altera</span> <span class='ocrx_word' id='word_1_70' title='bbox 265 899 320 938; x_wconf 82' lang='lat' dir='ltr'>ad</span> <span class='ocrx_word' id='word_1_71' title='bbox 358 900 649 951; x_wconf 64' lang='lat' dir='ltr'>Berenyaritcm</span> <span class='ocrx_word' id='word_1_72' title='bbox 692 901 830 947; x_wconf 90' lang='lat' dir='ltr'>(suum</span> <span class='ocrx_word' id='word_1_73' title='bbox 870 900 1069 949; x_wconf 90' lang='lat' dir='ltr'>quondam</span> 
     </span>
     <span class='ocr_line' id='line_1_12' title="bbox 106 961 1071 1013; baseline -0.004 -12"><span class='ocrx_word' id='word_1_74' title='bbox 106 962 181 1001; x_wconf 90' lang='lat' dir='ltr'>sub</span> <span class='ocrx_word' id='word_1_75' title='bbox 207 962 395 1001; x_wconf 88' lang='lat' dir='ltr'>Fulberto</span> <span class='ocrx_word' id='word_1_76' title='bbox 423 962 760 1013; x_wconf 87' lang='lat' dir='ltr'>condiscipulum)</span> <span class='ocrx_word' id='word_1_77' title='bbox 792 961 862 1000; x_wconf 91' lang='lat' dir='ltr'>sed</span> <span class='ocrx_word' id='word_1_78' title='bbox 891 964 1071 998; x_wconf 82' lang='lat' dir='ltr'>extrema</span> 
     </span>
     <span class='ocr_line' id='line_1_13' title="bbox 106 1021 1064 1075; baseline -0.004 -12"><span class='ocrx_word' id='word_1_79' title='bbox 106 1027 218 1075; x_wconf 86' lang='lat' dir='ltr'>parte</span> <span class='ocrx_word' id='word_1_80' title='bbox 242 1024 382 1063; x_wconf 83' lang='lat' dir='ltr'>mutila</span> <span class='ocrx_word' id='word_1_81' title='bbox 401 1023 545 1075; x_wconf 91' lang='lat' dir='ltr'>prodiit</span> <span class='ocrx_word' id='word_1_82' title='bbox 574 1025 748 1075; x_wconf 89' lang='lat' dir='ltr'>primum</span> <span class='ocrx_word' id='word_1_83' title='bbox 780 1022 940 1061; x_wconf 88' lang='lat' dir='ltr'>Lovanii</span> <span class='ocrx_word' id='word_1_84' title='bbox 970 1021 1064 1059; x_wconf 74' lang='grc'>4554</span> 
     </span>
     <span class='ocr_line' id='line_1_14' title="bbox 106 1084 1075 1136; baseline -0.006 -11"><span class='ocrx_word' id='word_1_85' title='bbox 106 1089 227 1136; x_wconf 89' lang='lat' dir='ltr'>atque</span> <span class='ocrx_word' id='word_1_86' title='bbox 249 1086 343 1125; x_wconf 85' lang='grc'>4564</span> <span class='ocrx_word' id='word_1_87' title='bbox 372 1086 396 1123; x_wconf 92' lang='grc'>8</span> <span class='ocrx_word' id='word_1_88' title='bbox 415 1096 508 1124; x_wconf 90' lang='lat' dir='ltr'>cum</span> <span class='ocrx_word' id='word_1_89' title='bbox 528 1086 738 1124; x_wconf 86' lang='lat' dir='ltr'>Lanfranci</span> <span class='ocrx_word' id='word_1_90' title='bbox 758 1088 797 1122; x_wconf 86' lang='lat' dir='ltr'>et</span> <span class='ocrx_word' id='word_1_91' title='bbox 819 1084 983 1122; x_wconf 89' lang='lat' dir='ltr'>aliorum</span> <span class='ocrx_word' id='word_1_92' title='bbox 1004 1092 1075 1120; x_wconf 90' lang='lat' dir='ltr'>au-</span> 
     </span>
     <span class='ocr_line' id='line_1_15' title="bbox 105 1146 1073 1195; baseline -0.003 -11"><span class='ocrx_word' id='word_1_93' title='bbox 105 1151 262 1186; x_wconf 87' lang='lat' dir='ltr'>ctorum</span> <span class='ocrx_word' id='word_1_94' title='bbox 280 1151 535 1186; x_wconf 90' lang='lat' dir='ltr'>vetustorum</span> <span class='ocrx_word' id='word_1_95' title='bbox 565 1147 614 1185; x_wconf 88' lang='lat' dir='ltr'>de</span> <span class='ocrx_word' id='word_1_96' title='bbox 648 1146 787 1184; x_wconf 89' lang='lat' dir='ltr'>eodem</span> <span class='ocrx_word' id='word_1_97' title='bbox 815 1148 1073 1195; x_wconf 76' lang='lat' dir='ltr'>argumento,</span> 
     </span>
     <span class='ocr_line' id='line_1_16' title="bbox 106 1204 1072 1257; baseline -0.004 -10"><span class='ocrx_word' id='word_1_98' title='bbox 106 1212 147 1247; x_wconf 88' lang='lat' dir='ltr'>et</span> <span class='ocrx_word' id='word_1_99' title='bbox 162 1210 201 1247; x_wconf 90' lang='lat' dir='ltr'>in</span> <span class='ocrx_word' id='word_1_100' title='bbox 216 1208 466 1247; x_wconf 88' lang='lat' dir='ltr'>Bibliothecis</span> <span class='ocrx_word' id='word_1_101' title='bbox 482 1210 658 1247; x_wconf 84' lang='lat' dir='ltr'>Patrum:</span> <span class='ocrx_word' id='word_1_102' title='bbox 675 1207 828 1257; x_wconf 83' lang='lat' dir='ltr'>Lipsiae</span> <span class='ocrx_word' id='word_1_103' title='bbox 840 1207 959 1244; x_wconf 86' lang='lat' dir='ltr'>etiam</span> <span class='ocrx_word' id='word_1_104' title='bbox 971 1207 984 1244; x_wconf 97' lang='grc'>4</span> <span class='ocrx_word' id='word_1_105' title='bbox 997 1204 1038 1244; x_wconf 93' lang='grc'>74</span> <span class='ocrx_word' id='word_1_106' title='bbox 1051 1206 1072 1243; x_wconf 92' lang='grc' dir='ltr'><strong>Ο</strong></span> 
     </span>
     <span class='ocr_line' id='line_1_17' title="bbox 108 1267 1074 1309; baseline -0.003 -1"><span class='ocrx_word' id='word_1_107' title='bbox 108 1270 129 1308; x_wconf 78' lang='lat'><strong>4</strong></span> <span class='ocrx_word' id='word_1_108' title='bbox 155 1271 194 1308; x_wconf 91' lang='lat' dir='ltr'>in</span> <span class='ocrx_word' id='word_1_109' title='bbox 214 1270 360 1309; x_wconf 84' lang='lat' dir='ltr'>Urbani</span> <span class='ocrx_word' id='word_1_110' title='bbox 379 1269 610 1308; x_wconf 84' lang='lat' dir='ltr'>Gothofredi</span> <span class='ocrx_word' id='word_1_111' title='bbox 631 1268 756 1306; x_wconf 84' lang='lat' dir='ltr'>Siberi</span> <span class='ocrx_word' id='word_1_112' title='bbox 783 1267 1074 1306; x_wconf 75' lang='lat' dir='ltr'>schediasmate</span> 
     </span>
     <span class='ocr_line' id='line_1_18' title="bbox 106 1330 1076 1377; baseline -0.003 -8"><span class='ocrx_word' id='word_1_113' title='bbox 106 1331 156 1370; x_wconf 85' lang='lat' dir='ltr'>de</span> <span class='ocrx_word' id='word_1_114' title='bbox 184 1332 406 1371; x_wconf 83' lang='lat' dir='ltr'>illustribus</span> <span class='ocrx_word' id='word_1_115' title='bbox 424 1330 675 1377; x_wconf 73' lang='lat' dir='ltr'>Alemannis·⁷</span> <span class='ocrx_word' id='word_1_116' title='bbox 701 1331 918 1367; x_wconf 86' lang='lat' dir='ltr'>novissime</span> <span class='ocrx_word' id='word_1_117' title='bbox 939 1340 1076 1367; x_wconf 82' lang='lat' dir='ltr'>emen-</span> 
     </span>
     <span class='ocr_line' id='line_1_19' title="bbox 107 1392 1077 1442; baseline -0.003 -10"><span class='ocrx_word' id='word_1_118' title='bbox 107 1393 235 1432; x_wconf 89' lang='lat' dir='ltr'>datior</span> <span class='ocrx_word' id='word_1_119' title='bbox 254 1398 295 1432; x_wconf 89' lang='lat' dir='ltr'>et</span> <span class='ocrx_word' id='word_1_120' title='bbox 317 1404 411 1432; x_wconf 88' lang='lat' dir='ltr'>cum</span> <span class='ocrx_word' id='word_1_121' title='bbox 431 1393 536 1431; x_wconf 93' lang='lat' dir='ltr'>notis</span> <span class='ocrx_word' id='word_1_122' title='bbox 555 1392 744 1442; x_wconf 89' lang='lat' dir='ltr'>praeclari</span> <span class='ocrx_word' id='word_1_123' title='bbox 764 1392 840 1430; x_wconf 86' lang='lat' dir='ltr'>viri</span> <span class='ocrx_word' id='word_1_124' title='bbox 862 1392 972 1430; x_wconf 92' lang='lat' dir='ltr'>Pauli</span> <span class='ocrx_word' id='word_1_125' title='bbox 1000 1392 1077 1429; x_wconf 89' lang='lat' dir='ltr'>Ga-</span> 
     </span>
     <span class='ocr_line' id='line_1_20' title="bbox 108 1453 1076 1504; baseline -0.002 -11"><span class='ocrx_word' id='word_1_126' title='bbox 108 1454 232 1493; x_wconf 86' lang='lat' dir='ltr'>leardi</span> <span class='ocrx_word' id='word_1_127' title='bbox 251 1483 259 1503; x_wconf 87' lang='lat'>,</span> <span class='ocrx_word' id='word_1_128' title='bbox 280 1455 348 1504; x_wconf 92' lang='lat' dir='ltr'>qui</span> <span class='ocrx_word' id='word_1_129' title='bbox 367 1455 488 1493; x_wconf 84' lang='lat' dir='ltr'>etiam</span> <span class='ocrx_word' id='word_1_130' title='bbox 507 1453 710 1504; x_wconf 75' lang='lat' dir='ltr'>rhythmos</span> <span class='ocrx_word' id='word_1_131' title='bbox 734 1465 853 1504; x_wconf 90' lang='lat' dir='ltr'>supra</span> <span class='ocrx_word' id='word_1_132' title='bbox 881 1464 1076 1491; x_wconf 87' lang='lat' dir='ltr'>memora-</span> 
     </span>
     <span class='ocr_line' id='line_1_21' title="bbox 107 1514 1077 1565; baseline -0.002 -11"><span class='ocrx_word' id='word_1_133' title='bbox 107 1522 170 1554; x_wconf 84' lang='lat' dir='ltr'>tos</span> <span class='ocrx_word' id='word_1_134' title='bbox 188 1527 239 1554; x_wconf 85' lang='lat' dir='ltr'>ex</span> <span class='ocrx_word' id='word_1_135' title='bbox 257 1515 478 1554; x_wconf 90' lang='lat' dir='ltr'>Mabillonio</span> <span class='ocrx_word' id='word_1_136' title='bbox 505 1514 707 1565; x_wconf 68' lang='lat' dir='ltr'>adjunxit⁷</span> <span class='ocrx_word' id='word_1_137' title='bbox 737 1515 785 1553; x_wconf 92' lang='lat' dir='ltr'>ad</span> <span class='ocrx_word' id='word_1_138' title='bbox 814 1516 963 1554; x_wconf 77' lang='lat' dir='ltr'>calcem</span> <span class='ocrx_word' id='word_1_139' title='bbox 993 1526 1077 1553; x_wconf 87' lang='lat' dir='ltr'>ser-</span> 
     </span>
     <span class='ocr_line' id='line_1_22' title="bbox 110 1576 1077 1626; baseline -0.002 -10"><span class='ocrx_word' id='word_1_140' title='bbox 110 1588 275 1616; x_wconf 88' lang='lat' dir='ltr'><strong>monum</strong></span> <span class='ocrx_word' id='word_1_141' title='bbox 295 1577 334 1616; x_wconf 94' lang='lat' dir='ltr'>S.</span> <span class='ocrx_word' id='word_1_142' title='bbox 353 1576 586 1626; x_wconf 84' lang='lat' dir='ltr'>Gaudentii,</span> <span class='ocrx_word' id='word_1_143' title='bbox 606 1578 741 1616; x_wconf 82' lang='lat' dir='ltr'>Patav.</span> <span class='ocrx_word' id='word_1_144' title='bbox 764 1576 865 1616; x_wconf 74' lang='lat'><strong>4720</strong></span> <span class='ocrx_word' id='word_1_145' title='bbox 889 1577 910 1614; x_wconf 74' lang='lat'><strong>4</strong></span> <span class='ocrx_word' id='word_1_146' title='bbox 931 1578 1077 1615; x_wconf 90' lang='lat' dir='ltr'>Beren-</span> 
     </span>
     <span class='ocr_line' id='line_1_23' title="bbox 109 1638 1078 1691; baseline -0.002 -13"><span class='ocrx_word' id='word_1_147' title='bbox 109 1639 206 1691; x_wconf 80' lang='lat' dir='ltr'>garii</span> <span class='ocrx_word' id='word_1_148' title='bbox 217 1640 486 1690; x_wconf 83' lang='lat' dir='ltr'>purgatoriam</span> <span class='ocrx_word' id='word_1_149' title='bbox 497 1638 718 1689; x_wconf 88' lang='lat' dir='ltr'>Epistolam</span> <span class='ocrx_word' id='word_1_150' title='bbox 735 1643 872 1677; x_wconf 87' lang='lat' dir='ltr'>contra</span> <span class='ocrx_word' id='word_1_151' title='bbox 890 1638 1078 1678; x_wconf 78' lang='lat' dir='ltr'>Aleman-</span> 
     </span>
     <span class='ocr_line' id='line_1_24' title="bbox 109 1699 1076 1751; baseline -0.002 -12"><span class='ocrx_word' id='word_1_152' title='bbox 109 1711 206 1739; x_wconf 90' lang='lat' dir='ltr'>num</span> <span class='ocrx_word' id='word_1_153' title='bbox 243 1700 427 1751; x_wconf 85' lang='lat' dir='ltr'>vulgavit</span> <span class='ocrx_word' id='word_1_154' title='bbox 463 1699 704 1739; x_wconf 92' lang='lat' dir='ltr'>Edmundus</span> <span class='ocrx_word' id='word_1_155' title='bbox 741 1701 915 1739; x_wconf 84' lang='lat' dir='ltr'>Martene</span> <span class='ocrx_word' id='word_1_156' title='bbox 954 1701 1076 1738; x_wconf 91' lang='lat' dir='ltr'>Tomo</span> 
     </span>
     <span class='ocr_line' id='line_1_25' title="bbox 109 1761 718 1813; baseline -0.002 -12"><span class='ocrx_word' id='word_1_157' title='bbox 109 1763 172 1801; x_wconf 87' lang='lat' dir='ltr'>IV.</span> <span class='ocrx_word' id='word_1_158' title='bbox 202 1761 483 1801; x_wconf 85' lang='lat' dir='ltr'>anecdotorum</span> <span class='ocrx_word' id='word_1_159' title='bbox 512 1773 598 1813; x_wconf 82' lang='lat' dir='ltr'>pag.</span> <span class='ocrx_word' id='word_1_160' title='bbox 631 1762 718 1801; x_wconf 88' lang='grc'>409.</span> 
     </span>
    </p>

    <p class='ocr_par' dir='ltr' id='par_1_3' title="bbox 107 1822 1081 1986">
     <span class='ocr_line' id='line_1_26' title="bbox 160 1822 1081 1875; baseline -0.002 -13"><span class='ocrx_word' id='word_1_161' title='bbox 160 1822 414 1871; x_wconf 80' lang='lat' dir='ltr'>ADELMUS,</span> <span class='ocrx_word' id='word_1_162' title='bbox 444 1824 530 1862; x_wconf 87' lang='lat' dir='ltr'>Sive</span> <span class='ocrx_word' id='word_1_163' title='bbox 559 1822 899 1863; x_wconf 82' lang='lat' dir='ltr'>ADELHELMUS</span> <span class='ocrx_word' id='word_1_164' title='bbox 919 1824 1081 1875; x_wconf 74' lang='lat' dir='ltr'>Sa92·en-</span> 
     </span>
     <span class='ocr_line' id='line_1_27' title="bbox 107 1885 1073 1937; baseline 0 -13"><span class='ocrx_word' id='word_1_165' title='bbox 107 1885 165 1924; x_wconf 78' lang='lat' dir='ltr'>sis</span> <span class='ocrx_word' id='word_1_166' title='bbox 185 1885 304 1934; x_wconf 89' lang='lat' dir='ltr'>(Seez</span> <span class='ocrx_word' id='word_1_167' title='bbox 324 1886 364 1924; x_wconf 93' lang='lat' dir='ltr'>in</span> <span class='ocrx_word' id='word_1_168' title='bbox 386 1886 628 1925; x_wconf 90' lang='lat' dir='ltr'>Normannia</span> <span class='ocrx_word' id='word_1_169' title='bbox 655 1885 823 1934; x_wconf 88' lang='lat' dir='ltr'>Galliae)</span> <span class='ocrx_word' id='word_1_170' title='bbox 851 1886 1073 1937; x_wconf 82' lang='lat' dir='ltr'>Episcopus</span> 
     </span>
     <span class='ocr_line' id='line_1_28' title="bbox 107 1945 919 1986; baseline -0.001 -1"><span class='ocrx_word' id='word_1_171' title='bbox 107 1948 208 1986; x_wconf 85' lang='lat' dir='ltr'>circa</span> <span class='ocrx_word' id='word_1_172' title='bbox 228 1945 274 1985; x_wconf 89' lang='lat' dir='ltr'>A.</span> <span class='ocrx_word' id='word_1_173' title='bbox 296 1946 339 1986; x_wconf 90' lang='lat' dir='ltr'>C.</span> <span class='ocrx_word' id='word_1_174' title='bbox 360 1947 449 1985; x_wconf 89' lang='lat'><strong>880.</strong></span> <span class='ocrx_word' id='word_1_175' title='bbox 478 1946 576 1985; x_wconf 85' lang='lat' dir='ltr'>Vide</span> <span class='ocrx_word' id='word_1_176' title='bbox 604 1945 919 1986; x_wconf 84' lang='lat' dir='ltr'>ALDHELMUS.</span> 
     </span>
    </p>

    <p class='ocr_par' dir='ltr' id='par_1_4' title="bbox 107 2007 1073 2118">
     <span class='ocr_line' id='line_1_29' title="bbox 160 2007 1073 2059; baseline 0 -12"><span class='ocrx_word' id='word_1_177' title='bbox 160 2007 398 2048; x_wconf 85' lang='lat' dir='ltr'>ADELMUS</span> <span class='ocrx_word' id='word_1_178' title='bbox 425 2007 602 2059; x_wconf 81' lang='lat' dir='ltr'>Anglus,</span> <span class='ocrx_word' id='word_1_179' title='bbox 622 2013 662 2047; x_wconf 80' lang='lat' dir='ltr'>et</span> <span class='ocrx_word' id='word_1_180' title='bbox 681 2009 782 2047; x_wconf 91' lang='lat' dir='ltr'>alius</span> <span class='ocrx_word' id='word_1_181' title='bbox 802 2009 961 2058; x_wconf 87' lang='lat' dir='ltr'>Gallus,</span> <span class='ocrx_word' id='word_1_182' title='bbox 981 2009 1073 2047; x_wconf 91' lang='lat' dir='ltr'>vide</span> 
     </span>
     <span class='ocr_line' id='line_1_30' title="bbox 107 2069 937 2118; baseline 0 -9"><span class='ocrx_word' id='word_1_183' title='bbox 107 2070 430 2118; x_wconf 88' lang='lat' dir='ltr'>ALDHELMUS‚</span> <span class='ocrx_word' id='word_1_184' title='bbox 459 2073 499 2108; x_wconf 86' lang='lat' dir='ltr'>et</span> <span class='ocrx_word' id='word_1_185' title='bbox 528 2081 621 2108; x_wconf 81' lang='lat' dir='ltr'>mox</span> <span class='ocrx_word' id='word_1_186' title='bbox 651 2069 937 2109; x_wconf 78' lang='lat' dir='ltr'>ADEMARUS.</span> 
     </span>
    </p>

    <p class='ocr_par' dir='ltr' id='par_1_5' title="bbox 109 2130 1077 2356">
     <span class='ocr_line' id='line_1_31' title="bbox 161 2130 1073 2183; baseline 0 -12"><span class='ocrx_word' id='word_1_187' title='bbox 161 2130 445 2171; x_wconf 87' lang='lat' dir='ltr'>ADELPHIUS</span> <span class='ocrx_word' id='word_1_188' title='bbox 480 2132 704 2183; x_wconf 87' lang='lat' dir='ltr'>Episcopus</span> <span class='ocrx_word' id='word_1_189' title='bbox 746 2133 785 2170; x_wconf 91' lang='lat' dir='ltr'>in</span> <span class='ocrx_word' id='word_1_190' title='bbox 823 2131 974 2181; x_wconf 83' lang='lat' dir='ltr'>Africa,</span> <span class='ocrx_word' id='word_1_191' title='bbox 1007 2135 1073 2183; x_wconf 92' lang='lat' dir='ltr'>qui</span> 
     </span>
     <span class='ocr_line' id='line_1_32' title="bbox 109 2193 1077 2245; baseline 0 -13"><span class='ocrx_word' id='word_1_192' title='bbox 109 2205 201 2233; x_wconf 91' lang='lat' dir='ltr'>cum</span> <span class='ocrx_word' id='word_1_193' title='bbox 230 2193 268 2232; x_wconf 91' lang='lat' dir='ltr'>S.</span> <span class='ocrx_word' id='word_1_194' title='bbox 289 2193 488 2244; x_wconf 83' lang='lat' dir='ltr'>Cypriano</span> <span class='ocrx_word' id='word_1_195' title='bbox 507 2193 552 2232; x_wconf 88' lang='lat' dir='ltr'>A.</span> <span class='ocrx_word' id='word_1_196' title='bbox 574 2194 616 2234; x_wconf 92' lang='lat' dir='ltr'>C.</span> <span class='ocrx_word' id='word_1_197' title='bbox 639 2194 730 2233; x_wconf 72' lang='lat'>254.</span> <span class='ocrx_word' id='word_1_198' title='bbox 755 2195 933 2245; x_wconf 84' lang='lat' dir='ltr'>Epistola</span> <span class='ocrx_word' id='word_1_199' title='bbox 953 2196 1077 2245; x_wconf 83' lang='lat' dir='ltr'>scrip-</span> 
     </span>
     <span class='ocr_line' id='line_1_33' title="bbox 112 2253 1076 2300; baseline 0.001 -7"><span class='ocrx_word' id='word_1_200' title='bbox 112 2256 183 2300; x_wconf 78' lang='lat' dir='ltr'>sit,</span> <span class='ocrx_word' id='word_1_201' title='bbox 203 2256 243 2293; x_wconf 94' lang='lat' dir='ltr'>in</span> <span class='ocrx_word' id='word_1_202' title='bbox 272 2253 364 2294; x_wconf 88' lang='lat' dir='ltr'>edit.</span> <span class='ocrx_word' id='word_1_203' title='bbox 395 2255 555 2294; x_wconf 88' lang='lat' dir='ltr'>Pamelii</span> <span class='ocrx_word' id='word_1_204' title='bbox 585 2260 626 2294; x_wconf 88' lang='lat' dir='ltr'>et</span> <span class='ocrx_word' id='word_1_205' title='bbox 655 2256 789 2294; x_wconf 89' lang='lat' dir='ltr'>Baluzi</span> <span class='ocrx_word' id='word_1_206' title='bbox 820 2257 881 2294; x_wconf 88' lang='grc'>68.</span> <span class='ocrx_word' id='word_1_207' title='bbox 912 2256 1076 2294; x_wconf 88' lang='lat' dir='ltr'>Joannis</span> 
     </span>
     <span class='ocr_line' id='line_1_34' title="bbox 110 2315 297 2356; baseline -0.005 0"><span class='ocrx_word' id='word_1_208' title='bbox 110 2317 206 2356; x_wconf 85' lang='lat' dir='ltr'>Felli</span> <span class='ocrx_word' id='word_1_209' title='bbox 235 2315 297 2356; x_wconf 82' lang='lat'>67.</span> 
     </span>
    </p>

    <p class='ocr_par' dir='ltr' id='par_1_6' title="bbox 111 2378 1078 2552">
     <span class='ocr_line' id='line_1_35' title="bbox 163 2378 1078 2429; baseline 0.002 -12"><span class='ocrx_word' id='word_1_210' title='bbox 163 2380 252 2418; x_wconf 87' lang='lat' dir='ltr'>Vita</span> <span class='ocrx_word' id='word_1_211' title='bbox 272 2379 310 2418; x_wconf 91' lang='lat' dir='ltr'>S.</span> <span class='ocrx_word' id='word_1_212' title='bbox 331 2378 589 2424; x_wconf 81' lang='lat' dir='ltr'><strong>ADELPHn,</strong></span> <span class='ocrx_word' id='word_1_213' title='bbox 620 2379 885 2429; x_wconf 81' lang='lat' dir='ltr'>Consessoris&#39;,</span> <span class='ocrx_word' id='word_1_214' title='bbox 913 2379 1078 2419; x_wconf 84' lang='lat' dir='ltr'>Abbatis</span> 
     </span>
     <span class='ocr_line' id='line_1_36' title="bbox 111 2441 1077 2484; baseline 0.001 -5"><span class='ocrx_word' id='word_1_215' title='bbox 111 2441 253 2479; x_wconf 88' lang='lat' dir='ltr'>Montis</span> <span class='ocrx_word' id='word_1_216' title='bbox 273 2441 311 2480; x_wconf 90' lang='lat' dir='ltr'>S.</span> <span class='ocrx_word' id='word_1_217' title='bbox 330 2441 541 2484; x_wconf 82' lang='lat' dir='ltr'>Romarici‚</span> <span class='ocrx_word' id='word_1_218' title='bbox 562 2441 667 2479; x_wconf 91' lang='lat' dir='ltr'>edita</span> <span class='ocrx_word' id='word_1_219' title='bbox 687 2452 710 2479; x_wconf 90' lang='lat' dir='ltr'>a</span> <span class='ocrx_word' id='word_1_220' title='bbox 730 2442 883 2481; x_wconf 90' lang='lat' dir='ltr'>Labbeo</span> <span class='ocrx_word' id='word_1_221' title='bbox 904 2443 1026 2480; x_wconf 90' lang='lat' dir='ltr'>Tomo</span> <span class='ocrx_word' id='word_1_222' title='bbox 1050 2443 1077 2480; x_wconf 96' lang='grc' dir='ltr'>Ι.</span> 
     </span>
     <span class='ocr_line' id='line_1_37' title="bbox 111 2501 836 2552; baseline 0.001 -12"><span class='ocrx_word' id='word_1_223' title='bbox 111 2501 374 2541; x_wconf 82' lang='lat' dir='ltr'>Bibliothecae</span> <span class='ocrx_word' id='word_1_224' title='bbox 394 2503 648 2549; x_wconf 22' lang='lat' dir='ltr'>riovaenllrISS.</span> <span class='ocrx_word' id='word_1_225' title='bbox 680 2513 716 2552; x_wconf 91' lang='lat' dir='ltr'>p.</span> <span class='ocrx_word' id='word_1_226' title='bbox 748 2504 836 2541; x_wconf 89' lang='grc'>683.</span> 
     </span>
    </p>

    <p class='ocr_par' dir='ltr' id='par_1_7' title="bbox 111 2562 1079 2848">
     <span class='ocr_line' id='line_1_38' title="bbox 163 2562 1079 2604; baseline 0.001 -2"><span class='ocrx_word' id='word_1_227' title='bbox 163 2562 428 2604; x_wconf 87' lang='lat' dir='ltr'>ADELPHUS</span> <span class='ocrx_word' id='word_1_228' title='bbox 442 2562 576 2602; x_wconf 87' lang='lat' dir='ltr'>Abbas</span> <span class='ocrx_word' id='word_1_229' title='bbox 591 2564 684 2603; x_wconf 93' lang='lat' dir='ltr'>Ord.</span> <span class='ocrx_word' id='word_1_230' title='bbox 706 2564 959 2603; x_wconf 91' lang='lat' dir='ltr'>Benedectin.</span> <span class='ocrx_word' id='word_1_231' title='bbox 976 2566 1079 2603; x_wconf 89' lang='lat' dir='ltr'>circa</span> 
     </span>
     <span class='ocr_line' id='line_1_39' title="bbox 111 2623 1076 2677; baseline 0 -14"><span class='ocrx_word' id='word_1_232' title='bbox 111 2623 157 2663; x_wconf 86' lang='grc' dir='ltr'>Α.</span> <span class='ocrx_word' id='word_1_233' title='bbox 178 2624 220 2663; x_wconf 92' lang='lat' dir='ltr'>C.</span> <span class='ocrx_word' id='word_1_234' title='bbox 243 2624 344 2664; x_wconf 91' lang='grc'>4480</span> <span class='ocrx_word' id='word_1_235' title='bbox 364 2623 414 2662; x_wconf 90' lang='lat' dir='ltr'>de</span> <span class='ocrx_word' id='word_1_236' title='bbox 430 2635 509 2674; x_wconf 91' lang='lat' dir='ltr'>quo</span> <span class='ocrx_word' id='word_1_237' title='bbox 530 2625 772 2664; x_wconf 89' lang='lat' dir='ltr'>Trithemius</span> <span class='ocrx_word' id='word_1_238' title='bbox 787 2636 870 2677; x_wconf 90' lang='lat' dir='ltr'>cap.</span> <span class='ocrx_word' id='word_1_239' title='bbox 884 2627 960 2665; x_wconf 86' lang='lat'>383</span> <span class='ocrx_word' id='word_1_240' title='bbox 975 2626 1024 2665; x_wconf 90' lang='lat' dir='ltr'>de</span> <span class='ocrx_word' id='word_1_241' title='bbox 1038 2626 1076 2664; x_wconf 91' lang='lat' dir='ltr'>S.</span> 
     </span>
     <span class='ocr_line' id='line_1_40' title="bbox 112 2684 1079 2727; baseline -0.001 -2"><span class='ocrx_word' id='word_1_242' title='bbox 112 2687 157 2725; x_wconf 89' lang='lat' dir='ltr'>E.</span> <span class='ocrx_word' id='word_1_243' title='bbox 192 2689 233 2724; x_wconf 86' lang='lat' dir='ltr'>et</span> <span class='ocrx_word' id='word_1_244' title='bbox 254 2685 384 2724; x_wconf 87' lang='lat' dir='ltr'>illustr</span> <span class='ocrx_word' id='word_1_245' title='bbox 415 2684 658 2724; x_wconf 91' lang='lat' dir='ltr'>Benedictin.</span> <span class='ocrx_word' id='word_1_246' title='bbox 694 2688 740 2725; x_wconf 92' lang='grc' dir='ltr'>ΙΙ.</span> <span class='ocrx_word' id='word_1_247' title='bbox 764 2689 812 2726; x_wconf 90' lang='grc'>46</span> <span class='ocrx_word' id='word_1_248' title='bbox 833 2689 899 2726; x_wconf 88' lang='lat' dir='ltr'>ubi</span> <span class='ocrx_word' id='word_1_249' title='bbox 930 2699 1079 2727; x_wconf 86' lang='lat' dir='ltr'>sermo-</span> 
     </span>
     <span class='ocr_line' id='line_1_41' title="bbox 111 2745 1078 2797; baseline -0.001 -11"><span class='ocrx_word' id='word_1_250' title='bbox 111 2758 181 2786; x_wconf 84' lang='lat' dir='ltr'>nes</span> <span class='ocrx_word' id='word_1_251' title='bbox 199 2745 287 2797; x_wconf 78' lang='lat' dir='ltr'>ejus</span> <span class='ocrx_word' id='word_1_252' title='bbox 305 2745 355 2785; x_wconf 88' lang='lat' dir='ltr'>ad</span> <span class='ocrx_word' id='word_1_253' title='bbox 375 2745 533 2794; x_wconf 81' lang='lat' dir='ltr'>fratreS‚</span> <span class='ocrx_word' id='word_1_254' title='bbox 553 2750 594 2784; x_wconf 92' lang='lat' dir='ltr'>et</span> <span class='ocrx_word' id='word_1_255' title='bbox 613 2746 757 2784; x_wconf 90' lang='lat' dir='ltr'>librum</span> <span class='ocrx_word' id='word_1_256' title='bbox 786 2750 924 2786; x_wconf 79' lang='lat' dir='ltr'>contra</span> <span class='ocrx_word' id='word_1_257' title='bbox 952 2750 1078 2788; x_wconf 84' lang='lat' dir='ltr'>Sara-</span> 
     </span>
     <span class='ocr_line' id='line_1_42' title="bbox 111 2810 450 2848; baseline -0.009 -1"><span class='ocrx_word' id='word_1_258' title='bbox 111 2819 225 2848; x_wconf 77' lang='lat' dir='ltr'>cenos</span> <span class='ocrx_word' id='word_1_259' title='bbox 244 2810 450 2847; x_wconf 90' lang='lat' dir='ltr'>memorat.</span> 
     </span>
    </p>

    <p class='ocr_par' dir='ltr' id='par_1_8' title="bbox 168 2869 1075 2921">
     <span class='ocr_line' id='line_1_43' title="bbox 168 2869 1075 2921; baseline -0.003 -11"><span class='ocrx_word' id='word_1_260' title='bbox 168 2869 467 2920; x_wconf 79' lang='lat' dir='ltr'>ADEMARUS,</span> <span class='ocrx_word' id='word_1_261' title='bbox 489 2869 758 2921; x_wconf 83' lang='lat' dir='ltr'>(Adhemarus</span> <span class='ocrx_word' id='word_1_262' title='bbox 778 2871 879 2917; x_wconf 82' lang='lat' dir='ltr'>alii5‚</span> <span class='ocrx_word' id='word_1_263' title='bbox 910 2871 974 2908; x_wconf 90' lang='lat' dir='ltr'>vel</span> <span class='ocrx_word' id='word_1_264' title='bbox 993 2869 1075 2908; x_wconf 83' lang='lat' dir='ltr'>Au-</span> 
     </span>
    </p>
   </div>
   <div class='ocr_carea' id='block_1_3' title="bbox 47 2931 1075 2981">
    <p class='ocr_par' dir='ltr' id='par_1_9' title="bbox 47 2931 1075 2981">
     <span class='ocr_line' id='line_1_44' title="bbox 47 2931 1075 2981; baseline -0.001 -11"><span class='ocrx_word' id='word_1_265' title='bbox 47 2937 53 2941; x_wconf 89' lang='grc'><strong>’</strong></span> <span class='ocrx_word' id='word_1_266' title='bbox 115 2932 282 2981; x_wconf 83' lang='lat' dir='ltr'>tmarus)</span> <span class='ocrx_word' id='word_1_267' title='bbox 312 2933 527 2972; x_wconf 84' lang='lat' dir='ltr'>Monachus</span> <span class='ocrx_word' id='word_1_268' title='bbox 559 2931 840 2971; x_wconf 84' lang='lat' dir='ltr'>Benedictinus</span> <span class='ocrx_word' id='word_1_269' title='bbox 859 2931 984 2969; x_wconf 91' lang='lat' dir='ltr'>Caroli</span> <span class='ocrx_word' id='word_1_270' title='bbox 999 2933 1075 2969; x_wconf 79' lang='lat' dir='ltr'>Ma-</span> 
     </span>
    </p>
   </div>
   <div class='ocr_carea' id='block_1_4' title="bbox 114 2993 1077 3045">
    <p class='ocr_par' dir='ltr' id='par_1_10' title="bbox 114 2993 1077 3045">
     <span class='ocr_line' id='line_1_45' title="bbox 114 2993 1077 3045; baseline -0.002 -14"><span class='ocrx_word' id='word_1_271' title='bbox 114 2993 181 3045; x_wconf 86' lang='lat' dir='ltr'>gni</span> <span class='ocrx_word' id='word_1_272' title='bbox 198 2998 348 3042; x_wconf 86' lang='lat' dir='ltr'>aetate,</span> <span class='ocrx_word' id='word_1_273' title='bbox 378 2995 412 3043; x_wconf 82' lang='lat' dir='ltr'>a)</span> <span class='ocrx_word' id='word_1_274' title='bbox 432 2995 495 3033; x_wconf 93' lang='lat' dir='ltr'>cui</span> <span class='ocrx_word' id='word_1_275' title='bbox 519 2993 726 3032; x_wconf 82' lang='lat' dir='ltr'>Aimoinus</span> <span class='ocrx_word' id='word_1_276' title='bbox 757 2994 795 3030; x_wconf 90' lang='lat' dir='ltr'>in</span> <span class='ocrx_word' id='word_1_277' title='bbox 825 2996 1003 3030; x_wconf 83' lang='lat' dir='ltr'>extremo</span> <span class='ocrx_word' id='word_1_278' title='bbox 1033 2993 1077 3030; x_wconf 87' lang='lat' dir='ltr'>li-</span> 
     </span>
    </p>
   </div>
   <div class='ocr_carea' id='block_1_5' title="bbox 51 3052 1077 3107">
    <p class='ocr_par' dir='ltr' id='par_1_11' title="bbox 51 3052 1077 3107">
     <span class='ocr_line' id='line_1_46' title="bbox 51 3052 1077 3107; baseline -0.002 -17"><span class='ocrx_word' id='word_1_279' title='bbox 51 3081 54 3090; x_wconf 87' lang='lat'>.</span> <span class='ocrx_word' id='word_1_280' title='bbox 114 3054 173 3093; x_wconf 92' lang='lat' dir='ltr'>bri</span> <span class='ocrx_word' id='word_1_281' title='bbox 193 3055 255 3094; x_wconf 85' lang='lat' dir='ltr'>IV.</span> <span class='ocrx_word' id='word_1_282' title='bbox 276 3056 330 3099; x_wconf 80' lang='lat' dir='ltr'>ait</span> <span class='ocrx_word' id='word_1_283' title='bbox 350 3057 388 3094; x_wconf 93' lang='lat' dir='ltr'>in</span> <span class='ocrx_word' id='word_1_284' title='bbox 409 3057 581 3107; x_wconf 88' lang='lat' dir='ltr'>acceptis</span> <span class='ocrx_word' id='word_1_285' title='bbox 602 3066 644 3093; x_wconf 87' lang='lat' dir='ltr'>se</span> <span class='ocrx_word' id='word_1_286' title='bbox 664 3054 937 3104; x_wconf 75' lang='lat' dir='ltr'>referre‚qnac</span> <span class='ocrx_word' id='word_1_287' title='bbox 952 3052 1077 3103; x_wconf 72' lang='lat' dir='ltr'>scrip-</span> 
     </span>
    </p>
   </div>
   <div class='ocr_carea' id='block_1_6' title="bbox 116 3114 1074 3169">
    <p class='ocr_par' dir='ltr' id='par_1_12' title="bbox 116 3114 1074 3169">
     <span class='ocr_line' id='line_1_47' title="bbox 116 3114 1074 3169; baseline -0.004 -15"><span class='ocrx_word' id='word_1_288' title='bbox 116 3119 217 3154; x_wconf 69' lang='lat' dir='ltr'>serat</span> <span class='ocrx_word' id='word_1_289' title='bbox 227 3127 352 3169; x_wconf 81' lang='lat' dir='ltr'>usque</span> <span class='ocrx_word' id='word_1_290' title='bbox 374 3116 429 3155; x_wconf 87' lang='lat' dir='ltr'>ad</span> <span class='ocrx_word' id='word_1_291' title='bbox 451 3120 628 3168; x_wconf 78' lang='lat' dir='ltr'>tempora</span> <span class='ocrx_word' id='word_1_292' title='bbox 642 3114 807 3166; x_wconf 77' lang='lat' dir='ltr'>Imperii</span> <span class='ocrx_word' id='word_1_293' title='bbox 816 3115 1074 3151; x_wconf 75' lang='lat' dir='ltr'>Frtmcornm.</span> 
     </span>
    </p>
   </div>
   <div class='ocr_carea' id='block_1_7' title="bbox 115 3265 1082 3406">
    <p class='ocr_par' dir='ltr' id='par_1_13' title="bbox 115 3265 1082 3406">
     <span class='ocr_line' id='line_1_48' title="bbox 175 3265 1082 3306; baseline -0.004 -8"><span class='ocrx_word' id='word_1_294' title='bbox 175 3265 220 3306; x_wconf 82' lang='lat' dir='ltr'>a)</span> <span class='ocrx_word' id='word_1_295' title='bbox 244 3266 323 3299; x_wconf 80' lang='lat' dir='ltr'>Vide</span> <span class='ocrx_word' id='word_1_296' title='bbox 337 3269 491 3300; x_wconf 82' lang='lat' dir='ltr'>vossium</span> <span class='ocrx_word' id='word_1_297' title='bbox 509 3267 568 3299; x_wconf 91' lang='lat' dir='ltr'>lib.</span> <span class='ocrx_word' id='word_1_298' title='bbox 583 3269 622 3298; x_wconf 90' lang='lat' dir='ltr'>ll.</span> <span class='ocrx_word' id='word_1_299' title='bbox 639 3266 679 3298; x_wconf 88' lang='lat' dir='ltr'>de</span> <span class='ocrx_word' id='word_1_300' title='bbox 689 3265 994 3297; x_wconf 54' lang='lat' dir='ltr'>Historicistaitims-</span> <span class='ocrx_word' id='word_1_301' title='bbox 1011 3271 1082 3302; x_wconf 85' lang='lat' dir='ltr'>cap.</span> 
     </span>
     <span class='ocr_line' id='line_1_49' title="bbox 115 3315 1082 3357; baseline -0.004 -10"><span class='ocrx_word' id='word_1_302' title='bbox 115 3315 151 3347; x_wconf 82' lang='grc'>51</span> <span class='ocrx_word' id='word_1_303' title='bbox 176 3320 209 3347; x_wconf 88' lang='lat' dir='ltr'>et.</span> <span class='ocrx_word' id='word_1_304' title='bbox 231 3317 394 3348; x_wconf 77' lang='lat' dir='ltr'>Jacobum</span> <span class='ocrx_word' id='word_1_305' title='bbox 431 3317 459 3349; x_wconf 91' lang='lat' dir='ltr'>le</span> <span class='ocrx_word' id='word_1_306' title='bbox 493 3320 582 3357; x_wconf 87' lang='lat' dir='ltr'>Long</span> <span class='ocrx_word' id='word_1_307' title='bbox 606 3315 809 3348; x_wconf 80' lang='lat' dir='ltr'>Bibliotheca</span> <span class='ocrx_word' id='word_1_308' title='bbox 841 3315 1082 3344; x_wconf 87' lang='lat' dir='ltr'>ilistoricorum</span> 
     </span>
     <span class='ocr_line' id='line_1_50' title="bbox 119 3364 437 3406; baseline 0 -10"><span class='ocrx_word' id='word_1_309' title='bbox 119 3364 242 3397; x_wconf 73' lang='lat' dir='ltr'>Galliae</span> <span class='ocrx_word' id='word_1_310' title='bbox 264 3373 338 3406; x_wconf 77' lang='lat' dir='ltr'>pag.</span> <span class='ocrx_word' id='word_1_311' title='bbox 363 3365 437 3399; x_wconf 76' lang='lat'>531.</span> 
     </span>
    </p>
   </div>
   <div class='ocr_carea' id='block_1_8' title="bbox 1138 335 2118 1979">
    <p class='ocr_par' dir='ltr' id='par_1_14' title="bbox 1138 335 2118 1979">
     <span class='ocr_line' id='line_1_51' title="bbox 1139 335 2102 387; baseline -0.003 -11"><span class='ocrx_word' id='word_1_312' title='bbox 1139 339 1237 376; x_wconf 86' lang='lat' dir='ltr'>lluic</span> <span class='ocrx_word' id='word_1_313' title='bbox 1259 339 1377 387; x_wconf 81' lang='lat' dir='ltr'>igitur</span> <span class='ocrx_word' id='word_1_314' title='bbox 1407 338 1549 375; x_wconf 87' lang='lat' dir='ltr'>Petrus</span> <span class='ocrx_word' id='word_1_315' title='bbox 1578 335 1764 374; x_wconf 78' lang='lat' dir='ltr'>Pithoeus</span> <span class='ocrx_word' id='word_1_316' title='bbox 1784 341 1823 374; x_wconf 89' lang='lat' dir='ltr'>et</span> <span class='ocrx_word' id='word_1_317' title='bbox 1843 335 2102 385; x_wconf 80' lang='lat' dir='ltr'>Marquardus</span> 
     </span>
     <span class='ocr_line' id='line_1_52' title="bbox 1138 396 2103 449; baseline -0.002 -12"><span class='ocrx_word' id='word_1_318' title='bbox 1138 399 1334 438; x_wconf 88' lang='lat' dir='ltr'>Freherus</span> <span class='ocrx_word' id='word_1_319' title='bbox 1358 401 1366 447; x_wconf 70' lang='grc' dir='ltr'><em>ζ</em></span> <span class='ocrx_word' id='word_1_320' title='bbox 1378 399 1554 449; x_wconf 85' lang='lat' dir='ltr'>Papirius</span> <span class='ocrx_word' id='word_1_321' title='bbox 1582 399 1790 437; x_wconf 84' lang='lat' dir='ltr'>Massonus</span> <span class='ocrx_word' id='word_1_322' title='bbox 1811 402 1852 436; x_wconf 92' lang='lat' dir='ltr'>et</span> <span class='ocrx_word' id='word_1_323' title='bbox 1871 397 1933 436; x_wconf 86' lang='lat' dir='ltr'>alii</span> <span class='ocrx_word' id='word_1_324' title='bbox 1951 396 2103 435; x_wconf 84' lang='lat' dir='ltr'>ADEL-</span> 
     </span>
     <span class='ocr_line' id='line_1_53' title="bbox 1138 457 2104 507; baseline -0.003 -8"><span class='ocrx_word' id='word_1_325' title='bbox 1138 462 1243 499; x_wconf 78' lang='lat' dir='ltr'>MUM</span> <span class='ocrx_word' id='word_1_326' title='bbox 1259 465 1400 499; x_wconf 90' lang='lat' dir='ltr'>vocant</span> <span class='ocrx_word' id='word_1_327' title='bbox 1415 489 1423 507; x_wconf 63' lang='lat'><strong>⁷</strong></span> <span class='ocrx_word' id='word_1_328' title='bbox 1440 461 1524 497; x_wconf 77' lang='lat' dir='ltr'>sive</span> <span class='ocrx_word' id='word_1_329' title='bbox 1539 459 1814 505; x_wconf 73' lang='lat' dir='ltr'>ADELINUM)</span> <span class='ocrx_word' id='word_1_330' title='bbox 1830 459 2011 498; x_wconf 91' lang='lat' dir='ltr'>tribuunt</span> <span class='ocrx_word' id='word_1_331' title='bbox 2025 457 2104 496; x_wconf 56' lang='lat' dir='ltr'>An»</span> 
     </span>
     <span class='ocr_line' id='line_1_54' title="bbox 1138 520 2097 570; baseline -0.001 -11"><span class='ocrx_word' id='word_1_332' title='bbox 1138 522 1247 561; x_wconf 76' lang='lat' dir='ltr'>noles</span> <span class='ocrx_word' id='word_1_333' title='bbox 1277 520 1484 562; x_wconf 69' lang='lat' dir='ltr'>Carolinos</span> <span class='ocrx_word' id='word_1_334' title='bbox 1513 522 1560 558; x_wconf 84' lang='lat' dir='ltr'>ab</span> <span class='ocrx_word' id='word_1_335' title='bbox 1590 521 1634 559; x_wconf 89' lang='grc' dir='ltr'>Α.</span> <span class='ocrx_word' id='word_1_336' title='bbox 1665 522 1707 559; x_wconf 87' lang='lat' dir='ltr'>C.</span> <span class='ocrx_word' id='word_1_337' title='bbox 1733 520 1803 560; x_wconf 70' lang='grc'>744</span> <span class='ocrx_word' id='word_1_338' title='bbox 1840 520 1888 559; x_wconf 86' lang='lat' dir='ltr'>ad</span> <span class='ocrx_word' id='word_1_339' title='bbox 1919 520 1994 558; x_wconf 77' lang='lat'>829</span> <span class='ocrx_word' id='word_1_340' title='bbox 2030 521 2097 570; x_wconf 87' lang='lat' dir='ltr'>qui</span> 
     </span>
     <span class='ocr_line' id='line_1_55' title="bbox 1139 581 2105 634; baseline -0.004 -12"><span class='ocrx_word' id='word_1_341' title='bbox 1139 585 1336 634; x_wconf 81' lang='lat' dir='ltr'>aliquibus</span> <span class='ocrx_word' id='word_1_342' title='bbox 1355 583 1542 621; x_wconf 89' lang='lat' dir='ltr'>dicuntur</span> <span class='ocrx_word' id='word_1_343' title='bbox 1556 584 1674 620; x_wconf 85' lang='lat' dir='ltr'>ctiam</span> <span class='ocrx_word' id='word_1_344' title='bbox 1690 583 1866 621; x_wconf 74' lang='lat' dir='ltr'>Annales</span> <span class='ocrx_word' id='word_1_345' title='bbox 1879 581 2105 621; x_wconf 81' lang='lat' dir='ltr'>Lauresha-</span> 
     </span>
     <span class='ocr_line' id='line_1_56' title="bbox 1140 643 2105 694; baseline -0.001 -11"><span class='ocrx_word' id='word_1_346' title='bbox 1140 656 1302 684; x_wconf 82' lang='lat' dir='ltr'>menses.</span> <span class='ocrx_word' id='word_1_347' title='bbox 1334 646 1368 694; x_wconf 84' lang='lat' dir='ltr'>b)</span> <span class='ocrx_word' id='word_1_348' title='bbox 1390 645 1469 682; x_wconf 90' lang='lat' dir='ltr'>Hos</span> <span class='ocrx_word' id='word_1_349' title='bbox 1491 655 1582 681; x_wconf 90' lang='lat' dir='ltr'>cum</span> <span class='ocrx_word' id='word_1_350' title='bbox 1614 644 1839 693; x_wconf 69' lang='lat' dir='ltr'>Eginhardo</span> <span class='ocrx_word' id='word_1_351' title='bbox 1869 643 1917 683; x_wconf 92' lang='lat' dir='ltr'>de</span> <span class='ocrx_word' id='word_1_352' title='bbox 1937 645 2019 682; x_wconf 86' lang='lat' dir='ltr'>vita</span> <span class='ocrx_word' id='word_1_353' title='bbox 2032 644 2105 682; x_wconf 86' lang='lat' dir='ltr'>Ca-</span> 
     </span>
     <span class='ocr_line' id='line_1_57' title="bbox 1143 705 2105 757; baseline -0.004 -11"><span class='ocrx_word' id='word_1_354' title='bbox 1143 709 1211 746; x_wconf 92' lang='lat' dir='ltr'>roli</span> <span class='ocrx_word' id='word_1_355' title='bbox 1232 709 1279 746; x_wconf 80' lang='lat' dir='ltr'>M.</span> <span class='ocrx_word' id='word_1_356' title='bbox 1301 707 1473 757; x_wconf 91' lang='lat' dir='ltr'>primum</span> <span class='ocrx_word' id='word_1_357' title='bbox 1494 705 1691 755; x_wconf 76' lang='lat' dir='ltr'>vulgavit.</span> <span class='ocrx_word' id='word_1_358' title='bbox 1722 705 1791 743; x_wconf 90' lang='lat' dir='ltr'>sed</span> <span class='ocrx_word' id='word_1_359' title='bbox 1821 708 1904 743; x_wconf 88' lang='lat' dir='ltr'>sine</span> <span class='ocrx_word' id='word_1_360' title='bbox 1932 705 2105 744; x_wconf 82' lang='lat' dir='ltr'>auctoris</span> 
     </span>
     <span class='ocr_line' id='line_1_58' title="bbox 1143 766 2106 806; baseline -0.003 0"><span class='ocrx_word' id='word_1_361' title='bbox 1143 769 1302 806; x_wconf 91' lang='lat' dir='ltr'>nomine</span> <span class='ocrx_word' id='word_1_362' title='bbox 1322 767 1577 805; x_wconf 87' lang='lat' dir='ltr'>Hermannus</span> <span class='ocrx_word' id='word_1_363' title='bbox 1600 766 1742 803; x_wconf 89' lang='lat' dir='ltr'>Comes</span> <span class='ocrx_word' id='word_1_364' title='bbox 1761 767 2003 805; x_wconf 70' lang='lat' dir='ltr'>Nuenarius.</span> <span class='ocrx_word' id='word_1_365' title='bbox 2034 766 2106 805; x_wconf 90' lang='lat' dir='ltr'>Co-</span> 
     </span>
     <span class='ocr_line' id='line_1_59' title="bbox 1144 826 2102 867; baseline -0.003 0"><span class='ocrx_word' id='word_1_366' title='bbox 1144 830 1221 867; x_wconf 88' lang='lat' dir='ltr'>lon.</span> <span class='ocrx_word' id='word_1_367' title='bbox 1245 828 1339 867; x_wconf 72' lang='lat'>452¹</span> <span class='ocrx_word' id='word_1_368' title='bbox 1369 827 1403 864; x_wconf 76' lang='grc' dir='ltr'>[ι.</span> <span class='ocrx_word' id='word_1_369' title='bbox 1425 826 1576 865; x_wconf 83' lang='lat' dir='ltr'>Deinde</span> <span class='ocrx_word' id='word_1_370' title='bbox 1595 827 1615 863; x_wconf 92' lang='lat' dir='ltr'>J</span> <span class='ocrx_word' id='word_1_371' title='bbox 1623 830 1738 864; x_wconf 88' lang='lat' dir='ltr'>ustus</span> <span class='ocrx_word' id='word_1_372' title='bbox 1766 826 1970 865; x_wconf 85' lang='lat' dir='ltr'>Reubcrus</span> <span class='ocrx_word' id='word_1_373' title='bbox 2001 829 2102 866; x_wconf 82' lang='lat' dir='ltr'>inter</span> 
     </span>
     <span class='ocr_line' id='line_1_60' title="bbox 1143 887 2107 938; baseline -0.001 -11"><span class='ocrx_word' id='word_1_374' title='bbox 1143 891 1309 928; x_wconf 80' lang='lat' dir='ltr'>Veteres</span> <span class='ocrx_word' id='word_1_375' title='bbox 1329 889 1550 938; x_wconf 88' lang='lat' dir='ltr'>Scriptores</span> <span class='ocrx_word' id='word_1_376' title='bbox 1571 899 1656 938; x_wconf 77' lang='lat' dir='ltr'>pag.</span> <span class='ocrx_word' id='word_1_377' title='bbox 1681 889 1730 926; x_wconf 79' lang='grc'>45</span> <span class='ocrx_word' id='word_1_378' title='bbox 1751 898 1861 937; x_wconf 86' lang='lat' dir='ltr'>seqq.</span> <span class='ocrx_word' id='word_1_379' title='bbox 1883 887 2011 926; x_wconf 83' lang='lat' dir='ltr'>addita</span> <span class='ocrx_word' id='word_1_380' title='bbox 2040 899 2107 938; x_wconf 89' lang='lat' dir='ltr'>ap-</span> 
     </span>
     <span class='ocr_line' id='line_1_61' title="bbox 1144 947 2108 1002; baseline -0.001 -14"><span class='ocrx_word' id='word_1_381' title='bbox 1144 950 1309 1002; x_wconf 89' lang='lat' dir='ltr'>pendice</span> <span class='ocrx_word' id='word_1_382' title='bbox 1331 961 1458 999; x_wconf 90' lang='lat' dir='ltr'>usque</span> <span class='ocrx_word' id='word_1_383' title='bbox 1483 949 1531 988; x_wconf 90' lang='lat' dir='ltr'>ad</span> <span class='ocrx_word' id='word_1_384' title='bbox 1567 949 1611 987; x_wconf 87' lang='lat' dir='ltr'>A.</span> <span class='ocrx_word' id='word_1_385' title='bbox 1645 949 1722 987; x_wconf 68' lang='lat'>842</span> <span class='ocrx_word' id='word_1_386' title='bbox 1752 960 1802 987; x_wconf 81' lang='lat' dir='ltr'>ex</span> <span class='ocrx_word' id='word_1_387' title='bbox 1826 947 2020 986; x_wconf 69' lang='lat' dir='ltr'>Nz‘tharclo</span> <span class='ocrx_word' id='word_1_388' title='bbox 2049 961 2108 987; x_wconf 91' lang='lat' dir='ltr'>re-</span> 
     </span>
     <span class='ocr_line' id='line_1_62' title="bbox 1145 1009 2109 1063; baseline -0.003 -13"><span class='ocrx_word' id='word_1_389' title='bbox 1145 1013 1289 1063; x_wconf 65' lang='lat' dir='ltr'>petita.</span> <span class='ocrx_word' id='word_1_390' title='bbox 1311 1011 1481 1050; x_wconf 89' lang='lat' dir='ltr'>tributos</span> <span class='ocrx_word' id='word_1_391' title='bbox 1505 1010 1663 1049; x_wconf 78' lang='lat' dir='ltr'>cuidam</span> <span class='ocrx_word' id='word_1_392' title='bbox 1693 1012 1776 1062; x_wconf 78' lang='lat' dir='ltr'>ejus</span> <span class='ocrx_word' id='word_1_393' title='bbox 1805 1009 1947 1048; x_wconf 79' lang='lat' dir='ltr'>aetatis</span> <span class='ocrx_word' id='word_1_394' title='bbox 1973 1009 2109 1047; x_wconf 78' lang='lat' dir='ltr'>Astro-</span> 
     </span>
     <span class='ocr_line' id='line_1_63' title="bbox 1146 1072 2109 1124; baseline -0.002 -13"><span class='ocrx_word' id='word_1_395' title='bbox 1146 1085 1258 1111; x_wconf 78' lang='lat' dir='ltr'>nomo</span> <span class='ocrx_word' id='word_1_396' title='bbox 1281 1072 1472 1112; x_wconf 74' lang='lat' dir='ltr'>Luclovz&#39;cz&#39;</span> <span class='ocrx_word' id='word_1_397' title='bbox 1491 1073 1607 1124; x_wconf 71' lang='lat' dir='ltr'>Reqis</span> <span class='ocrx_word' id='word_1_398' title='bbox 1635 1072 1853 1111; x_wconf 77' lang='lat' dir='ltr'>domestico.</span> <span class='ocrx_word' id='word_1_399' title='bbox 1879 1073 2021 1110; x_wconf 88' lang='lat' dir='ltr'>Petrus</span> <span class='ocrx_word' id='word_1_400' title='bbox 2050 1072 2109 1109; x_wconf 90' lang='lat' dir='ltr'>Pi-</span> 
     </span>
     <span class='ocr_line' id='line_1_64' title="bbox 1148 1133 2110 1185; baseline -0.005 -11"><span class='ocrx_word' id='word_1_401' title='bbox 1148 1136 1290 1174; x_wconf 89' lang='lat' dir='ltr'>thoeus</span> <span class='ocrx_word' id='word_1_402' title='bbox 1320 1140 1455 1174; x_wconf 82' lang='lat' dir='ltr'>autem</span> <span class='ocrx_word' id='word_1_403' title='bbox 1498 1136 1536 1172; x_wconf 92' lang='lat' dir='ltr'>in</span> <span class='ocrx_word' id='word_1_404' title='bbox 1571 1134 1827 1185; x_wconf 87' lang='lat' dir='ltr'>scriptoribus</span> <span class='ocrx_word' id='word_1_405' title='bbox 1859 1133 2081 1172; x_wconf 84' lang='lat' dir='ltr'>coaetaneis</span> <span class='ocrx_word' id='word_1_406' title='bbox 2102 1161 2110 1176; x_wconf 85' lang='grc'>,</span> 
     </span>
     <span class='ocr_line' id='line_1_65' title="bbox 1147 1195 2112 1244; baseline -0.004 -8"><span class='ocrx_word' id='word_1_407' title='bbox 1147 1198 1392 1236; x_wconf 83' lang='lat' dir='ltr'>Francofurti</span> <span class='ocrx_word' id='word_1_408' title='bbox 1423 1197 1524 1236; x_wconf 72' lang='lat'>4594</span> <span class='ocrx_word' id='word_1_409' title='bbox 1557 1197 1659 1244; x_wconf 75' lang='lat' dir='ltr'>8vo⁷</span> <span class='ocrx_word' id='word_1_410' title='bbox 1690 1201 1730 1234; x_wconf 89' lang='lat' dir='ltr'>et</span> <span class='ocrx_word' id='word_1_411' title='bbox 1759 1195 1954 1234; x_wconf 88' lang='lat' dir='ltr'>Freherus</span> <span class='ocrx_word' id='word_1_412' title='bbox 1991 1196 2112 1234; x_wconf 92' lang='lat' dir='ltr'>Tomo</span> 
     </span>
     <span class='ocr_line' id='line_1_66' title="bbox 1147 1256 2104 1309; baseline -0.004 -12"><span class='ocrx_word' id='word_1_413' title='bbox 1147 1261 1193 1298; x_wconf 93' lang='lat' dir='ltr'>Il.</span> <span class='ocrx_word' id='word_1_414' title='bbox 1216 1261 1451 1309; x_wconf 86' lang='lat' dir='ltr'>scriptorum</span> <span class='ocrx_word' id='word_1_415' title='bbox 1473 1259 1521 1297; x_wconf 90' lang='lat' dir='ltr'>de</span> <span class='ocrx_word' id='word_1_416' title='bbox 1543 1258 1663 1297; x_wconf 90' lang='lat' dir='ltr'>rebus</span> <span class='ocrx_word' id='word_1_417' title='bbox 1692 1258 1890 1296; x_wconf 89' lang='lat' dir='ltr'>Francicis</span> <span class='ocrx_word' id='word_1_418' title='bbox 1919 1268 2004 1307; x_wconf 78' lang='lat' dir='ltr'>pag.</span> <span class='ocrx_word' id='word_1_419' title='bbox 2036 1256 2104 1294; x_wconf 85' lang='grc'>384</span> 
     </span>
     <span class='ocr_line' id='line_1_67' title="bbox 1149 1317 2110 1372; baseline -0.006 -12"><span class='ocrx_word' id='word_1_420' title='bbox 1149 1322 1384 1372; x_wconf 74' lang='lat' dir='ltr'>adscriptos⁷</span> <span class='ocrx_word' id='word_1_421' title='bbox 1406 1325 1450 1358; x_wconf 92' lang='lat' dir='ltr'>ut</span> <span class='ocrx_word' id='word_1_422' title='bbox 1470 1321 1570 1363; x_wconf 77' lang='lat' dir='ltr'>dixi.</span> <span class='ocrx_word' id='word_1_423' title='bbox 1591 1319 1807 1366; x_wconf 69' lang='lat' dir='ltr'>Ademaro,</span> <span class='ocrx_word' id='word_1_424' title='bbox 1829 1320 1914 1357; x_wconf 88' lang='lat' dir='ltr'>sive</span> <span class='ocrx_word' id='word_1_425' title='bbox 1934 1317 2110 1356; x_wconf 76' lang='lat' dir='ltr'>Adelmo.</span> 
     </span>
     <span class='ocr_line' id='line_1_68' title="bbox 1148 1379 2118 1433; baseline -0.008 -11"><span class='ocrx_word' id='word_1_426' title='bbox 1148 1385 1326 1433; x_wconf 90' lang='lat' dir='ltr'>Denique</span> <span class='ocrx_word' id='word_1_427' title='bbox 1346 1382 1526 1420; x_wconf 77' lang='lat' dir='ltr'>Andreas</span> <span class='ocrx_word' id='word_1_428' title='bbox 1546 1381 1599 1420; x_wconf 91' lang='lat' dir='ltr'>du</span> <span class='ocrx_word' id='word_1_429' title='bbox 1620 1381 1776 1420; x_wconf 87' lang='lat' dir='ltr'>Chesne</span> <span class='ocrx_word' id='word_1_430' title='bbox 1793 1381 1914 1418; x_wconf 92' lang='lat' dir='ltr'>Tomo</span> <span class='ocrx_word' id='word_1_431' title='bbox 1932 1379 1976 1416; x_wconf 91' lang='grc' dir='ltr'>ΙΙ.</span> <span class='ocrx_word' id='word_1_432' title='bbox 1995 1379 2118 1427; x_wconf 87' lang='lat' dir='ltr'>scrip-</span> 
     </span>
     <span class='ocr_line' id='line_1_69' title="bbox 1148 1440 2113 1492; baseline -0.008 -8"><span class='ocrx_word' id='word_1_433' title='bbox 1148 1450 1279 1484; x_wconf 87' lang='lat' dir='ltr'>torum</span> <span class='ocrx_word' id='word_1_434' title='bbox 1300 1446 1441 1483; x_wconf 90' lang='lat' dir='ltr'>Histor.</span> <span class='ocrx_word' id='word_1_435' title='bbox 1468 1445 1706 1482; x_wconf 88' lang='lat' dir='ltr'>Francorum</span> <span class='ocrx_word' id='word_1_436' title='bbox 1728 1453 1813 1492; x_wconf 78' lang='lat' dir='ltr'>pag.</span> <span class='ocrx_word' id='word_1_437' title='bbox 1837 1441 1913 1479; x_wconf 72' lang='lat'>233</span> <span class='ocrx_word' id='word_1_438' title='bbox 1941 1440 2016 1478; x_wconf 89' lang='lat' dir='ltr'>sub</span> <span class='ocrx_word' id='word_1_439' title='bbox 2044 1450 2113 1476; x_wconf 93' lang='lat' dir='ltr'>no-</span> 
     </span>
     <span class='ocr_line' id='line_1_70' title="bbox 1148 1502 2113 1557; baseline -0.009 -11"><span class='ocrx_word' id='word_1_440' title='bbox 1148 1509 1308 1546; x_wconf 88' lang='lat' dir='ltr'>nomine</span> <span class='ocrx_word' id='word_1_441' title='bbox 1327 1504 1569 1557; x_wconf 65' lang='lat' dir='ltr'>Egyinhardi.</span> <span class='ocrx_word' id='word_1_442' title='bbox 1590 1505 1655 1554; x_wconf 89' lang='lat' dir='ltr'>qui</span> <span class='ocrx_word' id='word_1_443' title='bbox 1681 1503 1784 1554; x_wconf 84' lang='lat' dir='ltr'>apud</span> <span class='ocrx_word' id='word_1_444' title='bbox 1825 1502 2030 1542; x_wconf 90' lang='lat' dir='ltr'>Odilonem</span> <span class='ocrx_word' id='word_1_445' title='bbox 2058 1502 2113 1538; x_wconf 84' lang='lat' dir='ltr'>ci-</span> 
     </span>
     <span class='ocr_line' id='line_1_71' title="bbox 1148 1561 2112 1616; baseline -0.011 -8"><span class='ocrx_word' id='word_1_446' title='bbox 1148 1574 1257 1609; x_wconf 86' lang='lat' dir='ltr'>tatur</span> <span class='ocrx_word' id='word_1_447' title='bbox 1275 1568 1434 1606; x_wconf 88' lang='lat' dir='ltr'>nomine</span> <span class='ocrx_word' id='word_1_448' title='bbox 1454 1564 1677 1616; x_wconf 43' lang='lat' dir='ltr'>Aqenardi)</span> <span class='ocrx_word' id='word_1_449' title='bbox 1702 1563 1924 1615; x_wconf 70' lang='lat' dir='ltr'>coynomine</span> <span class='ocrx_word' id='word_1_450' title='bbox 1948 1561 2112 1612; x_wconf 81' lang='lat' dir='ltr'>Sapien-</span> 
     </span>
     <span class='ocr_line' id='line_1_72' title="bbox 1150 1624 2112 1677; baseline -0.01 -7"><span class='ocrx_word' id='word_1_451' title='bbox 1150 1631 1212 1671; x_wconf 81' lang='lat' dir='ltr'>tis.</span> <span class='ocrx_word' id='word_1_452' title='bbox 1232 1632 1294 1670; x_wconf 93' lang='lat' dir='ltr'>Du</span> <span class='ocrx_word' id='word_1_453' title='bbox 1313 1629 1474 1669; x_wconf 88' lang='lat' dir='ltr'>Chesnii</span> <span class='ocrx_word' id='word_1_454' title='bbox 1504 1627 1733 1677; x_wconf 81' lang='lat' dir='ltr'>exemplum</span> <span class='ocrx_word' id='word_1_455' title='bbox 1763 1626 1888 1664; x_wconf 82' lang='lat' dir='ltr'>secuti</span> <span class='ocrx_word' id='word_1_456' title='bbox 1917 1628 2011 1662; x_wconf 88' lang='lat' dir='ltr'>sunt</span> <span class='ocrx_word' id='word_1_457' title='bbox 2047 1624 2112 1660; x_wconf 91' lang='lat' dir='ltr'>Jo-</span> 
     </span>
     <span class='ocr_line' id='line_1_73' title="bbox 1151 1685 2111 1733; baseline -0.011 -1"><span class='ocrx_word' id='word_1_458' title='bbox 1151 1695 1306 1732; x_wconf 89' lang='lat' dir='ltr'>hannes</span> <span class='ocrx_word' id='word_1_459' title='bbox 1342 1690 1505 1730; x_wconf 72' lang='lat' dir='ltr'>Michael</span> <span class='ocrx_word' id='word_1_460' title='bbox 1537 1689 1788 1733; x_wconf 80' lang='lat' dir='ltr'>Heineccius,</span> <span class='ocrx_word' id='word_1_461' title='bbox 1830 1697 1874 1724; x_wconf 90' lang='lat' dir='ltr'>ac</span> <span class='ocrx_word' id='word_1_462' title='bbox 1911 1685 2111 1723; x_wconf 81' lang='lat' dir='ltr'>Johannes</span> 
     </span>
     <span class='ocr_line' id='line_1_74' title="bbox 1151 1747 2112 1805; baseline -0.011 -11"><span class='ocrx_word' id='word_1_463' title='bbox 1151 1755 1343 1805; x_wconf 83' lang='lat' dir='ltr'>Georgius</span> <span class='ocrx_word' id='word_1_464' title='bbox 1384 1749 1594 1790; x_wconf 84' lang='lat' dir='ltr'>Leuckfeld</span> <span class='ocrx_word' id='word_1_465' title='bbox 1624 1751 1663 1787; x_wconf 89' lang='lat' dir='ltr'>in</span> <span class='ocrx_word' id='word_1_466' title='bbox 1693 1747 1951 1799; x_wconf 89' lang='lat' dir='ltr'>scriptoribus</span> <span class='ocrx_word' id='word_1_467' title='bbox 1978 1756 2112 1784; x_wconf 87' lang='lat' dir='ltr'>rerum</span> 
     </span>
     <span class='ocr_line' id='line_1_75' title="bbox 1151 1806 2115 1862; baseline -0.012 -6"><span class='ocrx_word' id='word_1_468' title='bbox 1151 1816 1492 1862; x_wconf 76' lang='lat' dir='ltr'>Germanicarum⁷</span> <span class='ocrx_word' id='word_1_469' title='bbox 1507 1811 1754 1851; x_wconf 84' lang='lat' dir='ltr'>Francofurti</span> <span class='ocrx_word' id='word_1_470' title='bbox 1767 1812 1780 1849; x_wconf 91' lang='grc'>4</span> <span class='ocrx_word' id='word_1_471' title='bbox 1793 1808 1870 1848; x_wconf 87' lang='grc'>707</span> <span class='ocrx_word' id='word_1_472' title='bbox 1886 1809 1947 1848; x_wconf 84' lang='lat' dir='ltr'>fol.</span> <span class='ocrx_word' id='word_1_473' title='bbox 1969 1811 2009 1846; x_wconf 90' lang='lat' dir='ltr'>et</span> <span class='ocrx_word' id='word_1_474' title='bbox 2025 1806 2115 1845; x_wconf 90' lang='lat' dir='ltr'>Gal—</span> 
     </span>
     <span class='ocr_line' id='line_1_76' title="bbox 1146 1870 2112 1917; baseline -0.01 0"><span class='ocrx_word' id='word_1_475' title='bbox 1146 1880 1242 1917; x_wconf 90' lang='lat' dir='ltr'>licae</span> <span class='ocrx_word' id='word_1_476' title='bbox 1263 1876 1459 1915; x_wconf 83' lang='lat' dir='ltr'>versionis</span> <span class='ocrx_word' id='word_1_477' title='bbox 1479 1878 1618 1912; x_wconf 89' lang='lat' dir='ltr'>auctor</span> <span class='ocrx_word' id='word_1_478' title='bbox 1642 1871 1871 1910; x_wconf 90' lang='lat' dir='ltr'>Ludovicus</span> <span class='ocrx_word' id='word_1_479' title='bbox 1895 1870 2112 1908; x_wconf 83' lang='lat' dir='ltr'>Cousinus.</span> 
     </span>
     <span class='ocr_line' id='line_1_77' title="bbox 1146 1928 2113 1979; baseline -0.013 0"><span class='ocrx_word' id='word_1_480' title='bbox 1146 1940 1304 1979; x_wconf 90' lang='lat' dir='ltr'>Parisiis</span> <span class='ocrx_word' id='word_1_481' title='bbox 1325 1937 1427 1977; x_wconf 89' lang='grc'>4683</span> <span class='ocrx_word' id='word_1_482' title='bbox 1450 1936 1510 1975; x_wconf 76' lang='grc'>42.</span> <span class='ocrx_word' id='word_1_483' title='bbox 1539 1935 1670 1973; x_wconf 82' lang='lat' dir='ltr'>Etiam</span> <span class='ocrx_word' id='word_1_484' title='bbox 1699 1932 1825 1972; x_wconf 89' lang='lat' dir='ltr'>Caroli</span> <span class='ocrx_word' id='word_1_485' title='bbox 1854 1932 1901 1969; x_wconf 78' lang='lat' dir='ltr'>M.</span> <span class='ocrx_word' id='word_1_486' title='bbox 1931 1931 2036 1968; x_wconf 86' lang='lat' dir='ltr'>vitae</span> <span class='ocrx_word' id='word_1_487' title='bbox 2064 1928 2113 1966; x_wconf 89' lang='lat' dir='ltr'>ab</span> 
     </span>
    </p>
   </div>
   <div class='ocr_carea' id='block_1_9' title="bbox 1115 1989 2114 2052">
    <p class='ocr_par' dir='ltr' id='par_1_15' title="bbox 1115 1989 2114 2052">
     <span class='ocr_line' id='line_1_78' title="bbox 1115 1989 2114 2052; baseline -0.015 -10"><span class='ocrx_word' id='word_1_488' title='bbox 1115 1994 1117 1996; x_wconf 40' lang='grc'><strong>’</strong></span> <span class='ocrx_word' id='word_1_489' title='bbox 1144 1999 1369 2052; x_wconf 78' lang='lat' dir='ltr'>Eginhardo</span> <span class='ocrx_word' id='word_1_490' title='bbox 1402 1998 1570 2047; x_wconf 87' lang='lat' dir='ltr'>scriptae</span> <span class='ocrx_word' id='word_1_491' title='bbox 1604 1995 1792 2045; x_wconf 83' lang='lat' dir='ltr'>leguntur</span> <span class='ocrx_word' id='word_1_492' title='bbox 1823 1994 1861 2030; x_wconf 91' lang='lat' dir='ltr'>in</span> <span class='ocrx_word' id='word_1_493' title='bbox 1890 1991 1967 2031; x_wconf 79' lang='lat' dir='ltr'>MS.</span> <span class='ocrx_word' id='word_1_494' title='bbox 1999 1989 2114 2030; x_wconf 90' lang='lat' dir='ltr'>Codi-</span> 
     </span>
    </p>
   </div>
   <div class='ocr_carea' id='block_1_10' title="bbox 1147 2054 2118 2725">
    <p class='ocr_par' dir='ltr' id='par_1_16' title="bbox 1147 2054 2118 2725">
     <span class='ocr_line' id='line_1_79' title="bbox 1147 2054 2111 2112; baseline -0.01 -12"><span class='ocrx_word' id='word_1_495' title='bbox 1147 2075 1212 2112; x_wconf 77' lang='lat' dir='ltr'>ce,</span> <span class='ocrx_word' id='word_1_496' title='bbox 1242 2063 1310 2112; x_wconf 89' lang='lat' dir='ltr'>qui</span> <span class='ocrx_word' id='word_1_497' title='bbox 1346 2063 1530 2098; x_wconf 75' lang='lat' dir='ltr'>servatur</span> <span class='ocrx_word' id='word_1_498' title='bbox 1568 2058 1606 2094; x_wconf 95' lang='lat' dir='ltr'>in</span> <span class='ocrx_word' id='word_1_499' title='bbox 1626 2055 1866 2094; x_wconf 87' lang='lat' dir='ltr'>Bibliotheca</span> <span class='ocrx_word' id='word_1_500' title='bbox 1896 2054 2111 2094; x_wconf 78' lang='lat' dir='ltr'>Caesarea.</span> 
     </span>
     <span class='ocr_line' id='line_1_80' title="bbox 1149 2116 2114 2167; baseline -0.015 -3"><span class='ocrx_word' id='word_1_501' title='bbox 1149 2125 1254 2164; x_wconf 92' lang='lat' dir='ltr'>unde</span> <span class='ocrx_word' id='word_1_502' title='bbox 1285 2121 1520 2161; x_wconf 87' lang='lat' dir='ltr'>Lambecius</span> <span class='ocrx_word' id='word_1_503' title='bbox 1547 2120 1656 2157; x_wconf 90' lang='lat' dir='ltr'>Tom.</span> <span class='ocrx_word' id='word_1_504' title='bbox 1688 2118 1733 2155; x_wconf 89' lang='grc' dir='ltr'>ΙΙ.</span> <span class='ocrx_word' id='word_1_505' title='bbox 1764 2128 1849 2167; x_wconf 72' lang='lat' dir='ltr'>pag.</span> <span class='ocrx_word' id='word_1_506' title='bbox 1878 2116 1945 2153; x_wconf 72' lang='lat'>401</span> <span class='ocrx_word' id='word_1_507' title='bbox 1981 2119 2114 2152; x_wconf 87' lang='lat' dir='ltr'>aucto—</span> 
     </span>
     <span class='ocr_line' id='line_1_81' title="bbox 1148 2174 2116 2225; baseline -0.014 1"><span class='ocrx_word' id='word_1_508' title='bbox 1148 2198 1233 2225; x_wconf 86' lang='lat' dir='ltr'>rem</span> <span class='ocrx_word' id='word_1_509' title='bbox 1253 2186 1364 2224; x_wconf 90' lang='lat' dir='ltr'>illum</span> <span class='ocrx_word' id='word_1_510' title='bbox 1381 2193 1470 2222; x_wconf 90' lang='lat' dir='ltr'>esse</span> <span class='ocrx_word' id='word_1_511' title='bbox 1490 2181 1633 2219; x_wconf 92' lang='lat' dir='ltr'>horum</span> <span class='ocrx_word' id='word_1_512' title='bbox 1653 2178 1867 2217; x_wconf 84' lang='lat' dir='ltr'>Annalium</span> <span class='ocrx_word' id='word_1_513' title='bbox 1889 2176 1985 2214; x_wconf 90' lang='lat' dir='ltr'>nihil</span> <span class='ocrx_word' id='word_1_514' title='bbox 2004 2174 2116 2214; x_wconf 90' lang='lat' dir='ltr'>dubi-</span> 
     </span>
     <span class='ocr_line' id='line_1_82' title="bbox 1149 2237 2116 2287; baseline -0.014 0"><span class='ocrx_word' id='word_1_515' title='bbox 1149 2253 1219 2287; x_wconf 85' lang='lat' dir='ltr'>tat.</span> <span class='ocrx_word' id='word_1_516' title='bbox 1249 2246 1433 2285; x_wconf 87' lang='lat' dir='ltr'>Vicissim</span> <span class='ocrx_word' id='word_1_517' title='bbox 1453 2247 1588 2281; x_wconf 87' lang='lat' dir='ltr'>tamen</span> <span class='ocrx_word' id='word_1_518' title='bbox 1609 2243 1648 2279; x_wconf 92' lang='lat' dir='ltr'>in</span> <span class='ocrx_word' id='word_1_519' title='bbox 1670 2239 1872 2278; x_wconf 85' lang='lat' dir='ltr'>nonnullis</span> <span class='ocrx_word' id='word_1_520' title='bbox 1903 2237 1974 2275; x_wconf 92' lang='lat' dir='ltr'>hos</span> <span class='ocrx_word' id='word_1_521' title='bbox 1993 2247 2116 2275; x_wconf 88' lang='lat' dir='ltr'>anna-</span> 
     </span>
     <span class='ocr_line' id='line_1_83' title="bbox 1150 2298 2116 2355; baseline -0.016 -6"><span class='ocrx_word' id='word_1_522' title='bbox 1150 2312 1209 2350; x_wconf 90' lang='lat' dir='ltr'>les</span> <span class='ocrx_word' id='word_1_523' title='bbox 1229 2321 1251 2348; x_wconf 89' lang='lat' dir='ltr'>a</span> <span class='ocrx_word' id='word_1_524' title='bbox 1271 2309 1354 2346; x_wconf 87' lang='lat' dir='ltr'>vita</span> <span class='ocrx_word' id='word_1_525' title='bbox 1374 2305 1501 2346; x_wconf 92' lang='lat' dir='ltr'>Caroli</span> <span class='ocrx_word' id='word_1_526' title='bbox 1520 2301 1813 2355; x_wconf 82' lang='lat' dir='ltr'>Eginhardiana</span> <span class='ocrx_word' id='word_1_527' title='bbox 1835 2298 2026 2337; x_wconf 85' lang='lat' dir='ltr'>dissidere</span> <span class='ocrx_word' id='word_1_528' title='bbox 2047 2307 2116 2334; x_wconf 88' lang='lat' dir='ltr'>no-</span> 
     </span>
     <span class='ocr_line' id='line_1_84' title="bbox 1151 2358 2116 2411; baseline -0.015 -1"><span class='ocrx_word' id='word_1_529' title='bbox 1151 2372 1252 2411; x_wconf 86' lang='lat' dir='ltr'>tavit</span> <span class='ocrx_word' id='word_1_530' title='bbox 1289 2368 1454 2410; x_wconf 90' lang='lat' dir='ltr'>Carolus</span> <span class='ocrx_word' id='word_1_531' title='bbox 1492 2366 1540 2404; x_wconf 90' lang='lat' dir='ltr'>de</span> <span class='ocrx_word' id='word_1_532' title='bbox 1579 2365 1717 2403; x_wconf 82' lang='lat' dir='ltr'>Cointe</span> <span class='ocrx_word' id='word_1_533' title='bbox 1762 2361 1810 2401; x_wconf 93' lang='lat' dir='ltr'>ad</span> <span class='ocrx_word' id='word_1_534' title='bbox 1848 2359 2010 2399; x_wconf 86' lang='lat' dir='ltr'>Annum</span> <span class='ocrx_word' id='word_1_535' title='bbox 2041 2358 2116 2397; x_wconf 73' lang='grc' dir='ltr'>774Γ</span> 
     </span>
     <span class='ocr_line' id='line_1_85' title="bbox 1153 2419 2117 2478; baseline -0.016 -6"><span class='ocrx_word' id='word_1_536' title='bbox 1153 2444 1264 2472; x_wconf 88' lang='lat' dir='ltr'>num.</span> <span class='ocrx_word' id='word_1_537' title='bbox 1289 2431 1364 2470; x_wconf 71' lang='grc'>428</span> <span class='ocrx_word' id='word_1_538' title='bbox 1394 2440 1504 2478; x_wconf 88' lang='lat' dir='ltr'>seqq.</span> <span class='ocrx_word' id='word_1_539' title='bbox 1535 2427 1749 2476; x_wconf 89' lang='lat' dir='ltr'>Praecipue</span> <span class='ocrx_word' id='word_1_540' title='bbox 1778 2433 1872 2462; x_wconf 89' lang='lat' dir='ltr'>vero</span> <span class='ocrx_word' id='word_1_541' title='bbox 1901 2426 2037 2459; x_wconf 86' lang='lat' dir='ltr'>contra</span> <span class='ocrx_word' id='word_1_542' title='bbox 2065 2419 2117 2458; x_wconf 90' lang='lat' dir='ltr'>du</span> 
     </span>
     <span class='ocr_line' id='line_1_86' title="bbox 1153 2482 2117 2535; baseline -0.017 -1"><span class='ocrx_word' id='word_1_543' title='bbox 1153 2494 1316 2534; x_wconf 85' lang='lat' dir='ltr'>Chesnii</span> <span class='ocrx_word' id='word_1_544' title='bbox 1346 2491 1586 2531; x_wconf 89' lang='lat' dir='ltr'>sententiam</span> <span class='ocrx_word' id='word_1_545' title='bbox 1619 2488 1710 2525; x_wconf 82' lang='lat' dir='ltr'>facit</span> <span class='ocrx_word' id='word_1_546' title='bbox 1731 2515 1738 2533; x_wconf 93' lang='lat'>,</span> <span class='ocrx_word' id='word_1_547' title='bbox 1767 2483 1872 2535; x_wconf 92' lang='lat' dir='ltr'>quod</span> <span class='ocrx_word' id='word_1_548' title='bbox 1897 2484 1935 2521; x_wconf 92' lang='lat' dir='ltr'>in</span> <span class='ocrx_word' id='word_1_549' title='bbox 1961 2482 2021 2520; x_wconf 91' lang='lat' dir='ltr'>his</span> <span class='ocrx_word' id='word_1_550' title='bbox 2047 2491 2117 2519; x_wconf 87' lang='lat' dir='ltr'>an—</span> 
     </span>
     <span class='ocr_line' id='line_1_87' title="bbox 1152 2543 2118 2596; baseline -0.02 -1"><span class='ocrx_word' id='word_1_551' title='bbox 1152 2555 1308 2595; x_wconf 89' lang='lat' dir='ltr'>nalibus</span> <span class='ocrx_word' id='word_1_552' title='bbox 1327 2552 1376 2592; x_wconf 88' lang='lat' dir='ltr'>ad</span> <span class='ocrx_word' id='word_1_553' title='bbox 1405 2551 1479 2591; x_wconf 85' lang='lat' dir='ltr'>An.</span> <span class='ocrx_word' id='word_1_554' title='bbox 1501 2550 1591 2589; x_wconf 76' lang='lat'>827.</span> <span class='ocrx_word' id='word_1_555' title='bbox 1617 2545 1870 2596; x_wconf 73' lang='lat' dir='ltr'>Eginhardus</span> <span class='ocrx_word' id='word_1_556' title='bbox 1889 2543 1956 2582; x_wconf 79' lang='lat' dir='ltr'>sui</span> <span class='ocrx_word' id='word_1_557' title='bbox 1975 2546 2118 2593; x_wconf 79' lang='lat' dir='ltr'>tempo-</span> 
     </span>
     <span class='ocr_line' id='line_1_88' title="bbox 1147 2604 2113 2669; baseline -0.016 -14"><span class='ocrx_word' id='word_1_558' title='bbox 1147 2617 1261 2669; x_wconf 83' lang='lat' dir='ltr'>porz&#39;s</span> <span class='ocrx_word' id='word_1_559' title='bbox 1295 2611 1634 2666; x_wconf 77' lang='lat' dir='ltr'>prudentissimus</span> <span class='ocrx_word' id='word_1_560' title='bbox 1675 2609 1855 2648; x_wconf 77' lang='lat' dir='ltr'>virorum</span> <span class='ocrx_word' id='word_1_561' title='bbox 1884 2604 2113 2655; x_wconf 88' lang='lat' dir='ltr'>appellatur.</span> 
     </span>
     <span class='ocr_line' id='line_1_89' title="bbox 1151 2666 2114 2725; baseline -0.018 -7"><span class='ocrx_word' id='word_1_562' title='bbox 1151 2678 1305 2719; x_wconf 85' lang='lat' dir='ltr'>Confer.</span> <span class='ocrx_word' id='word_1_563' title='bbox 1336 2677 1497 2725; x_wconf 80' lang='lat' dir='ltr'>Pagium</span> <span class='ocrx_word' id='word_1_564' title='bbox 1527 2672 1576 2710; x_wconf 90' lang='lat' dir='ltr'>ad</span> <span class='ocrx_word' id='word_1_565' title='bbox 1606 2671 1765 2709; x_wconf 78' lang='lat' dir='ltr'>Annum</span> <span class='ocrx_word' id='word_1_566' title='bbox 1797 2667 1873 2704; x_wconf 72' lang='lat'>826</span> <span class='ocrx_word' id='word_1_567' title='bbox 1904 2676 2012 2703; x_wconf 85' lang='lat' dir='ltr'>num.</span> <span class='ocrx_word' id='word_1_568' title='bbox 2046 2666 2114 2703; x_wconf 83' lang='lat' dir='ltr'>xi.</span> 
     </span>
    </p>
   </div>
   <div class='ocr_carea' id='block_1_11' title="bbox 1151 2739 1308 2779">
    <p class='ocr_par' dir='ltr' id='par_1_17' title="bbox 1151 2739 1308 2779">
     <span class='ocr_line' id='line_1_90' title="bbox 1151 2739 1308 2779; baseline -0.025 0"><span class='ocrx_word' id='word_1_569' title='bbox 1151 2745 1191 2779; x_wconf 84' lang='lat' dir='ltr'>et</span> <span class='ocrx_word' id='word_1_570' title='bbox 1223 2739 1308 2779; x_wconf 80' lang='lat' dir='ltr'>xii.</span> 
     </span>
    </p>
   </div>
   <div class='ocr_carea' id='block_1_12' title="bbox 1141 2859 2121 3391">
    <p class='ocr_par' dir='ltr' id='par_1_18' title="bbox 1141 2859 2121 3391">
     <span class='ocr_line' id='line_1_91' title="bbox 1202 2859 2119 2907; baseline -0.012 -6"><span class='ocrx_word' id='word_1_571' title='bbox 1202 2869 1248 2907; x_wconf 91' lang='lat' dir='ltr'>b)</span> <span class='ocrx_word' id='word_1_572' title='bbox 1272 2867 1318 2899; x_wconf 75' lang='lat' dir='ltr'>Ad</span> <span class='ocrx_word' id='word_1_573' title='bbox 1345 2871 1475 2898; x_wconf 77' lang='lat' dir='ltr'>Annum</span> <span class='ocrx_word' id='word_1_574' title='bbox 1498 2863 1558 2894; x_wconf 74' lang='lat'>774</span> <span class='ocrx_word' id='word_1_575' title='bbox 1583 2863 1620 2892; x_wconf 77' lang='lat' dir='ltr'>in</span> <span class='ocrx_word' id='word_1_576' title='bbox 1646 2861 1861 2891; x_wconf 77' lang='lat' dir='ltr'>monasterio</span> <span class='ocrx_word' id='word_1_577' title='bbox 1879 2863 2001 2890; x_wconf 77' lang='lat' dir='ltr'>nostro</span> <span class='ocrx_word' id='word_1_578' title='bbox 2023 2859 2119 2890; x_wconf 79' lang='lat' dir='ltr'>Lau-</span> 
     </span>
     <span class='ocr_line' id='line_1_92' title="bbox 1141 2908 2115 2950; baseline -0.013 0"><span class='ocrx_word' id='word_1_579' title='bbox 1141 2917 1375 2950; x_wconf 76' lang='lat' dir='ltr'>reshamensi.</span> <span class='ocrx_word' id='word_1_580' title='bbox 1399 2913 1458 2945; x_wconf 78' lang='lat' dir='ltr'>Sed</span> <span class='ocrx_word' id='word_1_581' title='bbox 1484 2913 1622 2944; x_wconf 83' lang='lat' dir='ltr'>sortasse</span> <span class='ocrx_word' id='word_1_582' title='bbox 1650 2910 1759 2941; x_wconf 79' lang='lat' dir='ltr'>Karoli</span> <span class='ocrx_word' id='word_1_583' title='bbox 1783 2909 1864 2940; x_wconf 78' lang='lat' dir='ltr'>hacc</span> <span class='ocrx_word' id='word_1_584' title='bbox 1894 2908 1993 2939; x_wconf 78' lang='lat' dir='ltr'>verba</span> <span class='ocrx_word' id='word_1_585' title='bbox 2016 2912 2115 2944; x_wconf 80' lang='lat' dir='ltr'>sunt,</span> 
     </span>
     <span class='ocr_line' id='line_1_93' title="bbox 1143 2955 2117 3002; baseline -0.014 -2"><span class='ocrx_word' id='word_1_586' title='bbox 1143 2977 1209 3000; x_wconf 90' lang='lat' dir='ltr'>non</span> <span class='ocrx_word' id='word_1_587' title='bbox 1234 2968 1398 3001; x_wconf 76' lang='lat' dir='ltr'>auctoris,</span> <span class='ocrx_word' id='word_1_588' title='bbox 1435 2968 1639 3002; x_wconf 80' lang='lat' dir='ltr'>quamquam</span> <span class='ocrx_word' id='word_1_589' title='bbox 1663 2958 1706 2989; x_wconf 92' lang='lat' dir='ltr'>du</span> <span class='ocrx_word' id='word_1_590' title='bbox 1731 2959 1873 2990; x_wconf 78' lang='lat' dir='ltr'>Chesnio</span> <span class='ocrx_word' id='word_1_591' title='bbox 1904 2955 2117 2996; x_wconf 76' lang='lat' dir='ltr'>Eginhardus</span> 
     </span>
     <span class='ocr_line' id='line_1_94' title="bbox 1143 3008 2112 3051; baseline -0.013 -3"><span class='ocrx_word' id='word_1_592' title='bbox 1143 3026 1241 3048; x_wconf 82' lang='lat' dir='ltr'>suum</span> <span class='ocrx_word' id='word_1_593' title='bbox 1267 3017 1397 3047; x_wconf 79' lang='lat' dir='ltr'>videtur</span> <span class='ocrx_word' id='word_1_594' title='bbox 1424 3011 1586 3051; x_wconf 81' lang='lat' dir='ltr'>appellare</span> <span class='ocrx_word' id='word_1_595' title='bbox 1602 3033 1612 3046; x_wconf 87' lang='lat'>‚</span> <span class='ocrx_word' id='word_1_596' title='bbox 1632 3011 1664 3040; x_wconf 87' lang='lat' dir='ltr'>in</span> <span class='ocrx_word' id='word_1_597' title='bbox 1682 3008 1770 3048; x_wconf 72' lang='lat' dir='ltr'>quoti</span> <span class='ocrx_word' id='word_1_598' title='bbox 1790 3015 1909 3045; x_wconf 77' lang='lat' dir='ltr'>magna</span> <span class='ocrx_word' id='word_1_599' title='bbox 1927 3008 1996 3045; x_wconf 67' lang='lat' dir='ltr'>eju&lt;</span> <span class='ocrx_word' id='word_1_600' title='bbox 2015 3009 2112 3036; x_wconf 77' lang='lat' dir='ltr'>erant</span> 
     </span>
     <span class='ocr_line' id='line_1_95' title="bbox 1143 3057 2119 3097; baseline -0.012 0"><span class='ocrx_word' id='word_1_601' title='bbox 1143 3066 1304 3097; x_wconf 76' lang='lat' dir='ltr'>beneficia</span> <span class='ocrx_word' id='word_1_602' title='bbox 1326 3072 1364 3094; x_wconf 83' lang='lat' dir='ltr'>ac</span> <span class='ocrx_word' id='word_1_603' title='bbox 1396 3063 1526 3093; x_wconf 88' lang='lat' dir='ltr'>merita.</span> <span class='ocrx_word' id='word_1_604' title='bbox 1566 3058 1662 3090; x_wconf 75' lang='lat' dir='ltr'>Aliud</span> <span class='ocrx_word' id='word_1_605' title='bbox 1696 3058 1793 3097; x_wconf 80' lang='lat' dir='ltr'>plane</span> <span class='ocrx_word' id='word_1_606' title='bbox 1819 3057 2007 3087; x_wconf 74' lang='lat' dir='ltr'>chronicon</span> <span class='ocrx_word' id='word_1_607' title='bbox 2038 3057 2119 3085; x_wconf 74' lang='lat' dir='ltr'>Lau·</span> 
     </span>
     <span class='ocr_line' id='line_1_96' title="bbox 1143 3103 2118 3152; baseline -0.013 -6"><span class='ocrx_word' id='word_1_608' title='bbox 1143 3116 1347 3147; x_wconf 74' lang='lat' dir='ltr'>rishnmensc</span> <span class='ocrx_word' id='word_1_609' title='bbox 1363 3137 1371 3149; x_wconf 88' lang='grc'>,</span> <span class='ocrx_word' id='word_1_610' title='bbox 1391 3114 1485 3152; x_wconf 88' lang='lat' dir='ltr'>cujus</span> <span class='ocrx_word' id='word_1_611' title='bbox 1503 3111 1726 3148; x_wconf 77' lang='lat' dir='ltr'>fragmentum</span> <span class='ocrx_word' id='word_1_612' title='bbox 1743 3107 1785 3137; x_wconf 85' lang='lat' dir='ltr'>ah</span> <span class='ocrx_word' id='word_1_613' title='bbox 1805 3110 1898 3136; x_wconf 73' lang='grc' dir='ltr'><strong>Αιιιιο</strong></span> <span class='ocrx_word' id='word_1_614' title='bbox 1916 3106 1973 3135; x_wconf 76' lang='grc'>764</span> <span class='ocrx_word' id='word_1_615' title='bbox 1994 3103 2034 3135; x_wconf 83' lang='lat' dir='ltr'>ad</span> <span class='ocrx_word' id='word_1_616' title='bbox 2055 3105 2118 3134; x_wconf 63' lang='lat'>595</span> 
     </span>
     <span class='ocr_line' id='line_1_97' title="bbox 1145 3154 2121 3195; baseline -0.012 -1"><span class='ocrx_word' id='word_1_617' title='bbox 1145 3164 1277 3195; x_wconf 77' lang='lat' dir='ltr'>exhibet</span> <span class='ocrx_word' id='word_1_618' title='bbox 1300 3162 1344 3192; x_wconf 84' lang='lat' dir='ltr'>du</span> <span class='ocrx_word' id='word_1_619' title='bbox 1367 3162 1529 3192; x_wconf 78' lang='lat' dir='ltr'>chesnius</span> <span class='ocrx_word' id='word_1_620' title='bbox 1552 3161 1631 3189; x_wconf 76' lang='lat' dir='ltr'>&#39;rom</span> <span class='ocrx_word' id='word_1_621' title='bbox 1671 3158 1727 3191; x_wconf 84' lang='grc' dir='ltr'><strong>ΙΙΙ.</strong></span> <span class='ocrx_word' id='word_1_622' title='bbox 1758 3163 1832 3195; x_wconf 76' lang='lat' dir='ltr'>pag.</span> <span class='ocrx_word' id='word_1_623' title='bbox 1863 3154 1923 3184; x_wconf 67' lang='grc'>490</span> <span class='ocrx_word' id='word_1_624' title='bbox 1946 3158 2045 3193; x_wconf 79' lang='lat' dir='ltr'>atque</span> <span class='ocrx_word' id='word_1_625' title='bbox 2071 3156 2121 3184; x_wconf 84' lang='lat' dir='ltr'>in-</span> 
     </span>
     <span class='ocr_line' id='line_1_98' title="bbox 1149 3203 2120 3252; baseline -0.012 -7"><span class='ocrx_word' id='word_1_626' title='bbox 1149 3220 1279 3252; x_wconf 80' lang='lat' dir='ltr'>tegrum</span> <span class='ocrx_word' id='word_1_627' title='bbox 1303 3218 1408 3250; x_wconf 72' lang='lat' dir='ltr'>usque</span> <span class='ocrx_word' id='word_1_628' title='bbox 1431 3209 1471 3240; x_wconf 80' lang='lat' dir='ltr'>ad</span> <span class='ocrx_word' id='word_1_629' title='bbox 1496 3213 1627 3240; x_wconf 60' lang='lat' dir='ltr'>¹Annum</span> <span class='ocrx_word' id='word_1_630' title='bbox 1662 3205 1741 3236; x_wconf 72' lang='lat'>1170</span> <span class='ocrx_word' id='word_1_631' title='bbox 1775 3203 1920 3235; x_wconf 75' lang='lat' dir='ltr'>ediderat</span> <span class='ocrx_word' id='word_1_632' title='bbox 1959 3203 2120 3234; x_wconf 79' lang='lat' dir='ltr'>Frcherus</span> 
     </span>
     <span class='ocr_line' id='line_1_99' title="bbox 1151 3252 2117 3300; baseline -0.011 -7"><span class='ocrx_word' id='word_1_633' title='bbox 1151 3267 1253 3293; x_wconf 82' lang='lat' dir='ltr'>Torno</span> <span class='ocrx_word' id='word_1_634' title='bbox 1277 3261 1384 3300; x_wconf 86' lang='lat' dir='ltr'>primo</span> <span class='ocrx_word' id='word_1_635' title='bbox 1408 3261 1613 3298; x_wconf 82' lang='lat' dir='ltr'>Scriptorum</span> <span class='ocrx_word' id='word_1_636' title='bbox 1641 3258 1837 3286; x_wconf 72' lang='lat' dir='ltr'>Germunor.</span> <span class='ocrx_word' id='word_1_637' title='bbox 1856 3258 1885 3284; x_wconf 82' lang='lat' dir='ltr'>ct</span> <span class='ocrx_word' id='word_1_638' title='bbox 1907 3252 2117 3283; x_wconf 66' lang='lat' dir='ltr'>Burchntlus</span> 
     </span>
     <span class='ocr_line' id='line_1_100' title="bbox 1148 3303 2119 3342; baseline -0.013 0"><span class='ocrx_word' id='word_1_639' title='bbox 1148 3310 1297 3342; x_wconf 76' lang='lat' dir='ltr'>Gotthell‘</span> <span class='ocrx_word' id='word_1_640' title='bbox 1313 3311 1462 3340; x_wconf 80' lang='lat' dir='ltr'>Struvius</span> <span class='ocrx_word' id='word_1_641' title='bbox 1489 3311 1520 3339; x_wconf 86' lang='lat' dir='ltr'>in</span> <span class='ocrx_word' id='word_1_642' title='bbox 1553 3314 1635 3337; x_wconf 72' lang='lat' dir='ltr'>nova</span> <span class='ocrx_word' id='word_1_643' title='bbox 1659 3305 1811 3335; x_wconf 67' lang='lat' dir='ltr'>Fretum-ri</span> <span class='ocrx_word' id='word_1_644' title='bbox 1846 3303 1994 3333; x_wconf 75' lang='lat' dir='ltr'>editione</span> <span class='ocrx_word' id='word_1_645' title='bbox 2019 3303 2119 3332; x_wconf 77' lang='lat' dir='ltr'>ctiam</span> 
     </span>
     <span class='ocr_line' id='line_1_101' title="bbox 1150 3358 1449 3391; baseline -0.01 0"><span class='ocrx_word' id='word_1_646' title='bbox 1150 3361 1236 3391; x_wconf 71' lang='lat' dir='ltr'>{iotis</span> <span class='ocrx_word' id='word_1_647' title='bbox 1263 3358 1449 3390; x_wconf 71' lang='lat' dir='ltr'>illustravit.</span> 
     </span>
    </p>
   </div>
  </div>
 </body>
</html>
