2500 3841
896 232 1449 273 ENGELBERTUS

150 315 244 350 ante
285 310 488 350 Diluvium
532 309 790 347 Tractatum:
839 308 907 357 qui
954 307 1114 357 incipit:

152 371 426 422 Quaestionem
459 368 669 423 difficilem.
703 374 798 408 tom.
823 371 857 408 1.
897 368 1119 408 Anecdoto-

150 446 240 474 rum
265 434 368 472 Pezii
393 443 481 483 pag.
506 431 695 471 437-502.

203 497 303 534 Item
325 496 364 533 in
399 495 550 534 Musica
583 496 829 543 Tractatum,
860 496 927 544 qui
954 495 1116 545 incipit:

149 558 328 608 Propter
346 556 572 596 amicorum
596 557 839 596 instantiam.

322 681 419 719 Item
444 681 484 719 in
508 679 761 731 Philosophia
784 680 940 719 Morale'.

199 806 431 844 Tractatum
453 804 501 842 de
522 804 728 854 Regimine
749 804 992 854 Principum.
1015 804 1113 841 Inci-

146 868 230 919 pit:
257 865 517 918 Philosophus
541 865 645 905 dicit.

198 930 300 968 Item
329 929 580 977 Tractatum,
610 929 678 979 qui
712 928 858 966 dicitur
895 927 1109 977 Speculum

143 991 360 1030 Virtutum.
400 993 434 1039 a')
459 991 625 1041 Incipit:
672 989 868 1029 Gloriosis
910 988 1108 1027 Dominis:

194 1053 358 1092 Alberto
372 1056 412 1091 et
432 1051 581 1101 Ottoni,
606 1053 782 1092 Ducibus
804 1053 1002 1091 Austriae.
1019 1051 1112 1090 Edi-

142 1114 201 1153 dit
216 1115 254 1152 in
276 1115 363 1152 XII.
385 1119 520 1165 partes
540 1115 736 1154 tributum
759 1114 946 1154 laudatus
968 1115 1110 1153 Pezius

142 1179 182 1215 in
207 1174 392 1215 Ascetica
414 1176 659 1216 Bibliotheca
683 1176 801 1227 cujus
826 1182 955 1216 totum
990 1177 1111 1215 Volu-

142 1250 236 1278 men
261 1240 427 1278 tertium
447 1244 632 1290 occupat.

192 1302 294 1340 Item
323 1300 372 1339 de
395 1300 546 1339 Officiis
574 1305 618 1340 et
653 1301 924 1341 Abusionibus
954 1312 1107 1340 eorum.

140 1364 283 1415 Incipit
303 1377 310 1402 :
332 1363 436 1402 Cum
456 1361 580 1402 libros
601 1368 670 1402 etc.

191 1428 292 1466 Item
317 1425 367 1464 de
401 1425 503 1465 Ortu
527 1431 568 1464 et
608 1428 701 1465 Fine
732 1427 896 1465 Romani
936 1427 1106 1476 Imperii.

139 1489 307 1539 Incipit:
340 1486 666 1528 Cansedentzbus.
691 1490 747 1528 De
772 1488 894 1539 hujus
919 1488 1006 1526 libri
1026 1488 1109 1526 edi-

137 1550 314 1589 tionibus
338 1549 492 1589 dictum
518 1562 605 1602 pag.
637 1550 726 1590 507.

191 1614 292 1652 Item
312 1612 362 1652 de
378 1623 436 1663 e0,
456 1617 595 1652 utrum
617 1614 795 1664 Sapienti
818 1613 1107 1663 competatdu-

136 1687 228 1715 cere
252 1687 431 1722 uxorem,
455 1677 702 1724 Tractatum,
728 1678 795 1726 qui
818 1677 973 1727 incipit:
1002 1675 1107 1713 Nar-

138 1741 207 1776 rat
226 1739 413 1790 Satyrus.

190 1801 291 1839 Item
315 1801 523 1852 Dialogum
543 1802 902 1851 Concupiscentiae
923 1804 963 1838 et
978 1801 1108 1838 Ratio-

140 1863 214 1900 nis.
240 1863 383 1913 Incipit
404 1876 411 1900 :
438 1862 647 1912 Quoniam,
673 1865 719 1900 ut
739 1861 837 1901 dicit
854 1863 1014 1900 Seneca.

193 1925 293 1962 Item
309 1925 541 1965 Tractatum
557 1925 764 1964 Metricum
782 1923 831 1962 de
852 1924 1027 1962 Consilio
1052 1925 1110 1960 vi-

139 1985 274 2035 vendi,
299 1988 368 2036 qui
399 1988 560 2038 incipit:
587 1985 808 2026 Consilium
846 1985 951 2024 vitae
975 1985 1112 2036 cupiat

137 2047 211 2100 qui
227 2047 380 2087 discere
403 2047 494 2087 rite.

189 2111 291 2150 Item
321 2111 369 2149 de
399 2111 607 2150 Electione
637 2111 756 2161 Regis
785 2109 1008 2161 Rudolphi,
1040 2110 1108 2159 qui

138 2173 299 2224 incipit:
323 2171 511 2213 Sclavica
535 2172 608 2224 qui
635 2170 780 2210 tumidi
806 2170 1002 2224 confreyit
1023 2182 1111 2210 cor-

138 2245 222 2273 nua
245 2233 416 2286 Sceptri.

191 2297 294 2335 Item
310 2295 359 2335 de
375 2297 561 2347 passione
578 2296 718 2335 beatae
727 2296 970 2335 Katbarinae
986 2296 1110 2346 Opus,

137 2357 243 2408 quod
267 2359 429 2409 incipit:
456 2358 610 2411 Inclyta
630 2358 702 2410 qui
725 2362 890 2398 sanctae
918 2357 1114 2398 [sachari-

136 2431 212 2459 nae
240 2419 412 2472 Viryinis
435 2425 540 2460 acta.

189 2483 300 2529 Quae
330 2485 405 2522 tria
430 2484 513 2522 sola
537 2488 705 2523 metrice
741 2487 838 2522 sunt
863 2482 1012 2521 dictata
1035 2487 1112 2521 etc.

137 2546 177 2584 Si
200 2555 304 2595 quae
328 2545 460 2585 adhuc
484 2546 614 2596 Opera
641 2544 880 2595 complenda
917 2543 1114 2582 habemus

136 2609 173 2645 in
195 2607 395 2656 manibus,
425 2607 641 2659 praedictis
676 2606 769 2645 addi
801 2610 996 2656 possunt,
1022 2617 1113 2645 cum

136 2670 335 2721 completa
361 2670 509 2710 suerint
521 2670 626 2709 DEO
651 2669 786 2708 dante.
812 2668 1016 2707 Hactenus
1034 2668 1116 2706 Εη-

133 2729 349 2782 yelbertus.

192 2792 214 2816 ³*
237 2793 435 2839 Quamvis
450 2793 607 2843 integra
630 2793 719 2830 eius
735 2793 930 2842 expositio
949 2793 986 2829 in
1013 2792 1112 2829 Psal.

139 2854 257 2893 Beati
284 2853 537 2892 immaculati
563 2853 604 2891 in
633 2853 702 2891 via
733 2853 911 2892 nondum
945 2853 1112 2904 prodiit,

138 2917 227 2955 eius
258 2920 393 2955 tamen
423 2917 773 2954 commentationis
811 2916 1002 2954 Praefatio
1026 2916 1115 2954 vul-

135 2981 227 3029 gata
256 2981 320 3016 est
348 2988 370 3016 a
395 2979 463 3016 ΡΡ.
490 2979 564 3016 Pez
590 2981 630 3016 et
651 2977 808 3016 Hucber
827 2977 923 3017 Cod.
944 2978 1108 3028 Diplom.

137 3052 175 3092 p.
205 3041 242 3079 3.
273 3050 364 3092 pag.
395 3041 430 3078 6.

188 3101 559 3142 ENGELBERTUS
583 3102 697 3148 alius,
723 3100 773 3139 de
799 3112 877 3151 quo
902 3099 1111 3141 Albericus

135 3165 174 3202 in
199 3163 398 3203 Chronico
422 3162 471 3202 ad
496 3162 660 3202 Annum
693 3162 808 3202 1177.
834 3161 953 3215 Apud
977 3162 1111 3204 Cabil-

138 3224 264 3265 lonem
305 3225 576 3277 Engelbcrtus
613 3225 826 3264 ordinatur
860 3227 1110 3280 Episcopus,

196 3366 231 3405 a)
254 3370 333 3398 Acta
355 3367 573 3398 Eruditorum
597 3371 632 3399 A.
659 3367 750 3399 1724.
780 3376 854 3408 pag.
878 3367 950 3399 485.

2083 230 2160 271 509

1192 304 1264 356 qui
1279 308 1369 356 post
1399 314 1524 343 annos
1555 306 1636 341 tres
1670 300 1952 353 Episcopatum
1981 299 2158 339 dimisit,

1192 366 1261 405 sed
1275 370 1406 405 tamen
1422 365 1591 404 Ordines
1611 367 1650 403 et
1662 362 1955 402 Benedictiones
1972 361 2159 401 celebrat.

1248 427 1615 467 ENGELBERTUS
1657 425 1790 464 Abbas
1821 425 1983 464 Ordinis
2009 424 2160 464 Cister-

1193 490 1336 529 ciensis
1364 491 1470 528 circa
1501 489 1665 528 Annum
1694 488 1810 528 ⁴250.
1846 488 2008 538 scripsit
2034 487 2159 527 Vitam

1193 553 1231 591 S.
1250 551 1460 603 Hedwiqzs,
1482 552 1674 591 Ducissae
1691 551 1886 595 Poloniae,
1907 550 1940 597 a)
1961 554 2002 587 et
2019 553 2156 599 postea

1193 614 1374 652 monialis
1398 614 1584 653 Coenobii
1610 613 1898 651 Trebrucensis
1923 612 1962 649 in
1988 611 2128 650 Silesia
2151 640 2158 657 ,

1189 687 1239 713 ex
1260 686 1337 726 qua
1364 676 1579 726 profecisse
1600 686 1642 713 sc
1663 674 1873 725 profitetur
1893 674 2074 724 scriptor,
2091 675 2158 723 qui

1189 738 1369 787 ejusdem
1393 737 1598 786 Hedwigis
1632 738 1753 774 vitam
1779 737 1939 788 scripsit
1968 736 2115 775 editam
2137 747 2158 774 a

1189 801 1304 839 Surio
1337 801 1400 838 15.
1435 799 1630 838 Octobris.
1672 798 1742 836 Eoo
1764 798 1813 837 iis
1835 799 1977 837 etiam.
2003 799 2156 848 inquit,

1188 873 1290 913 quae
1309 860 1444 913 frater
1472 861 1764 911 Engelbertu5‚
1805 861 1968 901 Ordinis
2008 861 2158 901 Cister-

1188 923 1345 973 ciensis,
1363 923 1412 963 de
1429 924 1502 963 hac
1523 926 1663 963 sancta
1684 923 1860 975 scripsit,
1878 924 2077 975 quaedam
2093 936 2158 962 no-

1187 990 1274 1025 tatu
1297 986 1418 1038 diyna
1442 986 1522 1026 illis
1542 986 1730 1038 adjunxi.

1241 1050 1278 1088 S.
1292 1050 1668 1089 ENGELBERTUM
1686 1047 1967 1099 Coloniensem,
1981 1048 2158 1088 illustra-

1188 1115 1269 1151 tum
1289 1124 1345 1151 eae
1358 1112 1547 1151 Archivis
1567 1113 1751 1164 vulgavit
1766 1112 1948 1163 AEgidius
1969 1112 2158 1151 Gelenius

1186 1175 1375 1215 Coloniae
1401 1176 1516 1214 1633.

1238 1237 1607 1277 ENGELBERTUS
1623 1237 1756 1277 Abbas
1771 1235 2036 1288 Corbejensis.
2047 1235 2156 1279 Vide,

1179 1300 1556 1347 'ANGILBERTUS
1580 1306 1676 1340 tom.
1699 1303 1734 1348 1,
1755 1311 1841 1350 pag.
1865 1299 1927 1338 97.

1238 1364 1558 1404 ENGELBERTI
1581 1364 1776 1403 Cultificis
1797 1364 2009 1401 Tractatus
2030 1361 2078 1400 de
2096 1361 2157 1400 Si-

1184 1433 1318 1465 monia
1342 1425 1511 1465 vitanda
1547 1427 1589 1464 in
1620 1425 1841 1476 receptione
1879 1423 2154 1463 Novitiorum.

1184 1494 1435 1527 memoratur
1459 1500 1480 1527 a
1503 1489 1680 1527 Sandero
1696 1493 1790 1526 tom.
1809 1487 1845 1526 2.
1868 1487 2048 1526 Biblioth.
2070 1487 2157 1525 Bel-

1181 1554 1253 1602 gic.
1280 1551 1388 1590 MSS.
1415 1562 1502 1601 pag.
1531 1551 1622 1590 21¹4.

1233 1613 1612 1652 ENGELBERTUS
1636 1613 1674 1651 S.
1696 1612 1884 1652 Matthiae
1906 1612 2157 1651 Trevirensis

1179 1676 1313 1715 Abbas
1344 1676 1588 1715 Morellanus
1629 1673 1791 1713 Ordinis
1828 1674 2078 1714 Benedictin.
2109 1673 2158 1711 ab

1181 1739 1446 1789 Eisengrenio
1469 1742 1510 1776 et
1550 1739 1770 1776 Possevino
1796 1737 1969 1776 traditur
2005 1737 2157 1774 vixisse

1182 1799 1255 1838 An.
1275 1800 1365 1838 987.
1383 1801 1677 1850 scripsisseque
1694 1800 1871 1838 carmine
1888 1798 2046 1837 heroico
2060 1799 2158 1836 Pas-

1184 1861 1315 1901 siones
1339 1861 1545 1900 duodecim
1565 1860 1858 1914 Apostolorum.

1237 1924 1614 1963 ENGELHARDUS
1648 1923 1783 1962 Abbas
1814 1924 1853 1960 in
1887 1922 2155 1968 Lanckhaim,

1183 1987 1345 2027 Ordinis
1369 1987 1876 2034 Cisterciensis‚Dioecesis
1893 1985 2159 2035 Bambergen-

1184 2051 1253 2094 sis,
1279 2050 1440 2099 scripsit
1463 2049 1589 2088 vitam
1611 2050 1650 2088 S.
1684 2047 1918 2094 Mechtildis,
1949 2049 2034 2086 sive
2058 2048 2159 2085 Mat-

1185 2109 1328 2157 hildis,
1354 2115 1551 2161 cognatae
1589 2110 1774 2149 Friderici
1814 2112 1841 2148 I.
1874 2110 2159 2160 Imperatoris,

1185 2173 1419 2212 Abbatissae
1441 2174 1480 2210 in
1501 2174 1676 2212 Diessen
1695 2178 1735 2211 et
1756 2178 1895 2223 postea
1910 2170 2160 2211 Eitelsteden

1187 2237 1292 2275 inter
1310 2235 1535 2287 Augustam
1563 2241 1603 2274 et
1631 2236 1802 2283 Ulmam,
1827 2235 2039 2274 defunctae
2059 2235 2160 2272 circa

1187 2299 1351 2338 Annum
1401 2300 1516 2338 1160.
1563 2298 1699 2338 Edidit
1742 2298 1939 2336 Henricus
1977 2297 2163 2335 Canisius

1191 2366 1290 2400 tom.
1324 2361 1371 2398 V.
1413 2362 1669 2411 antiquarum
1710 2361 1941 2398 Lectionum
1984 2363 2095 2409 parte.
2126 2359 2161 2396 ¹2,

1191 2434 1279 2473 pag.
1306 2424 1343 2461 8.
1368 2423 1570 2472 (editionis
1592 2433 1719 2460 novae
1746 2426 1842 2460 tom.
1866 2422 1931 2469 III,
1948 2432 2034 2471 pag.
2061 2420 2150 2458 532.

1193 2484 1299 2523 unde
1330 2495 1472 2523 recusa
1497 2495 1588 2523 cum
1620 2484 1907 2522 commentario
1938 2483 2098 2533 praevio
2122 2487 2162 2519 et

1191 2548 1296 2585 notis
1320 2546 1562 2585 Henschenii
1592 2551 1688 2584 tom.
1719 2547 1802 2584 VII.
1830 2545 2022 2584 Actorum
2062 2545 2161 2583 San-

1190 2613 1347 2647 ctorum
1376 2609 1466 2656 Maji
1498 2609 1562 2648 31.
1605 2620 1693 2658 pag.
1723 2608 1813 2646 444.
1857 2605 2158 2656 Engelbardum

1191 2672 1293 2709 circa
1318 2669 1480 2709 Annum
1507 2670 1624 2709 4200.
1649 2671 1858 2720 scripsisse
1883 2669 2057 2718 Gangius
2077 2669 2130 2706 ait
2146 2700 2155 2715 ,,

1191 2733 1377 2771 vossium
1403 2737 1582 2782 secutuS,
1607 2736 1718 2770 recte
1745 2733 1783 2769 ni
1811 2731 1934 2770 fallor.
1956 2732 2055 2770 Nam
2079 2730 2159 2769 Ou-

1191 2794 1338 2842 dinus,
1360 2796 1427 2845 qui
1469 2800 1564 2833 tom.
1596 2795 1646 2840 3,
1672 2805 1757 2846 pag.
1786 2794 1876 2832 691.
1907 2795 2087 2843 utrisque
2111 2806 2157 2833 eo

1191 2859 1351 2896 nomine
1375 2858 1636 2897 manifestum
1660 2858 1842 2909 impingit
1866 2867 2040 2895 errorem
2060 2886 2069 2903 ‚
2089 2857 2157 2896 de-

1187 2919 1306 2959 bebat
1328 2920 1537 2959 evidenter
1561 2921 1849 2968 demonstrare,
1872 2918 1975 2968 quod
2001 2919 2056 2956 ait
2078 2920 2157 2958 Me-

1187 2983 1378 3022 chtildem
1396 2983 1658 3034 postAnnum
1678 2983 1779 3022 4280
1798 2994 1819 3020 e
1837 2983 1940 3020 vivis
1951 2982 2155 3031 migrasse.

1240 3045 1616 3086 ENGELHARDL'S
1660 3042 1821 3092 Funclc,
1848 3046 1933 3082 sive
1976 3043 2156 3083 Scintilla

1187 3108 1454 3148 Svobacensis
1490 3109 1667 3147 Francus
1684 3140 1693 3155 ‚
1720 3108 1852 3146 clarus
1881 3107 2026 3145 Romae
2051 3108 2155 3145 circa

1187 3171 1349 3210 Annum
1377 3172 1492 3210 1494.
1518 3176 1621 3209 teste
1645 3171 1862 3209 Tritlicmio
1885 3181 1918 3208 c.
1945 3168 2022 3207 927
2041 3173 2082 3207 et
2105 3168 2154 3207 dc

1244 3321 1279 3361 a)
1305 3323 1479 3353 matertera
1507 3321 1575 3353 lime
1599 3324 1632 3352 S.
1650 3320 1849 3353 Elisabelliae
1866 3321 1962 3360 Regis
1981 3320 2158 3359 ilungariae

1177 3370 1254 3402 filia.»
1272 3395 1280 3407 ‚
1303 3369 1344 3401 de
1373 3380 1438 3410 qua
1464 3380 1563 3410 supra
1589 3379 1663 3414 pag.
1692 3371 1763 3401 2³¹0,
