2500 3841
881 221 1304 262 ASCELINUS

104 303 201 343 sque
221 293 366 342 origine
391 303 519 343 usque
549 291 598 331 ad
622 291 696 330 An.
722 292 822 331 4540
859 304 950 331 cum
989 305 1056 344 ap-

103 353 267 405 pendice
283 358 465 394 veterum
481 354 740 406 diplomatum
756 359 795 393 et
810 355 1058 394 Instrumen—

104 419 234 454 torum
255 414 360 454 edita
381 415 430 454 ab
447 417 491 455 H.
516 415 734 455 Warthono
749 417 868 455 Lond.
890 418 1002 467 4595,
1020 418 1055 455 8.

103 477 173 515 llic
195 478 367 528 primum
394 479 640 530 Episcopum.
677 480 715 518 S.
757 479 906 530 Asaphi
937 481 1058 518 fuisse

105 537 179 576 sibi
201 539 412 589 persuadet
436 540 558 579 fuisse
579 541 800 580 Gilbertum
823 541 868 580 Α.
896 543 936 580 44
949 542 1008 579 43.

159 599 347 640 Nicolaus
369 600 664 653 ASCELINUS,
703 603 795 643 Ord.
830 604 964 642 Minor.
994 603 1060 653 qui

106 672 199 701 cum
221 663 372 702 Joanne
395 663 444 703 de
468 665 586 703 Plano
610 665 769 716 Carpini
796 664 842 705 A.
869 666 970 705 4246
994 676 1062 704 au-

106 724 239 774 spiciis
262 726 477 765 Innocentii
496 727 546 766 IV
570 728 643 766 iter
661 728 836 779 suscepit
861 729 899 765 in
927 728 1062 765 Tarta-

107 787 206 825 riam
229 791 269 826 et
292 788 388 827 alias
410 787 527 829 Asiae
557 791 755 841 regiones,
779 788 894 840 cujus
918 789 1065 828 descri-

107 850 189 900 ptio
212 851 348 889 Latine
368 852 445 891 MS.
471 852 653 904 Lugduni
667 854 803 892 BataV.
829 854 932 891 inter
952 850 1066 891 Codi-

107 922 176 951 ces
199 913 322 952 Isaaci
343 914 483 953 Vossii.
504 913 648 966 Ampla
663 926 712 954 ex
728 914 867 953 eadem
882 917 1069 964 excerpta

109 973 216 1025 apud
255 976 509 1028 vincentium
550 977 873 1016 Bellovacensem
917 975 1067 1026 speculi

107 1035 200 1076 hist.
225 1037 321 1077 libro
350 1043 550 1089 postremo
588 1040 673 1078 sive
710 1039 771 1078 34.
808 1038 953 1077 Gallice
981 1039 1070 1087 post

111 1098 208 1137 alias
230 1099 423 1139 editiones
444 1102 482 1139 in
507 1101 657 1152 sylloge
677 1101 780 1140 Petri
804 1098 955 1138 vander
983 1097 1042 1136 Aa
1061 1127 1069 1144 ,

113 1159 296 1212 Lugduni
315 1163 555 1202 Batavorum
596 1162 714 1211 4729,
740 1159 805 1200 4²⁰:
834 1160 993 1200 Recueil
1021 1159 1070 1199 de

113 1222 248 1262 divers
289 1235 464 1276 voyages
501 1226 666 1264 curieux
704 1224 818 1263 faites
856 1235 907 1262 en
937 1223 1074 1262 Tarta-

119 1285 174 1323 rie
198 1289 274 1324 etc.

168 1346 606 1398 ASCLEPIODOTUM,
644 1348 693 1387 de
724 1349 808 1387 vita
844 1348 1073 1387 Diocletiani

117 1408 265 1459 aliquid
289 1411 325 1448 in
351 1410 484 1449 literas
507 1412 679 1459 misisse,
704 1423 753 1450 ex
772 1411 926 1461 Vopisci
950 1410 1076 1449 Aure-

119 1471 221 1510 liano
243 1483 277 1511 c.
299 1473 348 1510 44
372 1484 450 1511 non
473 1473 522 1512 ab
553 1485 595 1512 re
623 1474 699 1512 viri
732 1472 836 1512 docti
872 1473 1074 1523 colligunt.

120 1535 210 1574 Fuit
223 1533 541 1586 Asclepiodotus,
557 1537 753 1575 incertum
767 1547 816 1574 an
834 1535 908 1584 ille,
927 1535 1077 1586 praefe-

115 1600 207 1636 ctus
230 1598 427 1636 Praetorio
447 1598 522 1637 sub
546 1599 789 1638 Constantio.
806 1596 919 1637 Alius
933 1597 1075 1636 deinde

111 1657 244 1709 junior
263 1659 413 1698 Consul
435 1658 510 1698 An.
547 1660 591 1700 C.
619 1660 695 1698 423
716 1660 764 1698 de
798 1671 876 1710 quo
904 1659 1074 1699 Jacobus

116 1719 362 1761 Godosredus
379 1723 418 1760 in
432 1722 762 1774 prosopographia
780 1722 934 1763 Codicis
951 1722 1075 1760 Theo-

118 1782 282 1821 dosiani.

170 1843 446 1885 ASCLEPIUS
460 1845 569 1894 Afer,
586 1846 634 1885 de
650 1858 727 1897 quo
744 1846 997 1896 Gennadius(
1010 1846 1076 1896 qui

119 1905 165 1945 Α.
187 1907 263 1946 495
282 1909 457 1959 scripsit)
479 1920 562 1960 cap.
587 1908 637 1947 73
669 1909 710 1947 in
740 1907 903 1960 Bojensi
921 1910 929 1958 (
944 1909 1080 1948 Numi-

120 1967 224 2017 diae)
248 1969 448 2008 territorio
471 1970 549 2009 vici
570 1982 646 2009 uon
665 1970 835 2022 9randis
851 1970 1079 2022 Episcopus,

119 2030 283 2081 scripsit
307 2030 522 2071 adversum
543 2032 715 2072 Arianos
741 2037 778 2072 el
797 2033 908 2072 modo
938 2033 1082 2072 adver-

120 2103 210 2132 sum
231 2092 458 2133 Donatistas
479 2092 656 2133 scribere
679 2094 838 2134 dicitur.
850 2096 897 2133 In
913 2094 1081 2134 docendo

121 2159 255 2195 autem
288 2167 344 2196 eae
367 2160 558 2209 tempore,
593 2157 746 2209 mandi
780 2157 956 2210 opinione
987 2157 1084 2197 cele-

125 2216 282 2257 bratur.

177 2281 312 2321 Simon
338 2281 454 2333 ASH,
492 2284 578 2322 sive
614 2283 828 2323 Fraoeinus
859 2283 1084 2323 Canonieus

125 2345 327 2384 Ecclesiae
349 2345 662 2385 Herefordiensis
687 2347 725 2384 in
749 2346 891 2398 Anglia
913 2348 1017 2386 circa
1039 2346 1085 2385 A.

127 2408 169 2446 C.
193 2407 294 2446 4490
316 2408 469 2446 amicus
489 2408 686 2458 Sylvestri
707 2408 854 2447 Giraldi
875 2408 1089 2449 Cambren-

128 2470 198 2518 sis,
221 2480 291 2520 pro
326 2469 442 2520 cujus
465 2468 622 2521 speculo
651 2468 870 2519 Ecclesiae,
894 2481 972 2520 quo
991 2471 1088 2509 vitia

129 2531 276 2569 sae-culi
299 2532 361 2570 sui
387 2536 428 2570 et
449 2532 772 2570 Cisterciensium
790 2542 920 2569 mores
940 2531 1003 2584 ille
1022 2542 1090 2569 no-

129 2596 298 2642 taverat,
321 2593 478 2644 scripsit
496 2591 714 2645 apoloyiam
735 2591 946 2645 duplicem3
968 2593 1089 2630 leoni-

131 2655 193 2692 nis
217 2654 398 2693 versibus
421 2654 602 2702 alteram,
625 2654 790 2693 alteram
810 2655 932 2705 elegis
955 2654 1090 2692 defen-

132 2728 252 2757 surus
271 2715 466 2755 adversus
498 2714 695 2754 Adamum
718 2716 934 2755 Dorensem
959 2717 1091 2754 Mona-

134 2780 255 2819 chum
284 2778 600 2819 cisterciensem.
636 2778 851 2827 Utriusque
889 2778 1088 2828 specimen

134 2841 238 2893 apud
272 2841 464 2880 ,loannem
501 2840 637 2878 Prince
659 2839 697 2876 in
722 2838 941 2877 illustribus
964 2839 1090 2876 Devo-

132 2902 354 2951 niensibus,
375 2906 415 2941 et
437 2913 487 2940 ex
506 2912 551 2939 eo
576 2902 615 2939 in
637 2899 747 2939 Actis
770 2899 891 2938 Erud.
917 2899 962 2938 A.
987 2899 1088 2939 4702

132 2978 170 3018 p.
194 2966 271 3006 285
290 2965 356 3004 ubi
379 2970 419 3004 et
432 2962 631 3017 Epistolae
654 2962 758 3001 illius
773 2961 821 3001 ad
836 2961 1032 3010 diversos,
1049 2967 1090 3001 et

139 3027 373 3068 Carminum
393 3027 495 3075 libri,
518 3030 638 3076 atque
659 3024 764 3064 aliud
787 3022 840 3062 acl
853 3021 1090 3074 Mayz'strum

139 3087 347 3128 Giraldum
369 3089 562 3140 scriptum
586 3090 867 3126 memorantur.

192 3151 317 3200 Liber,
333 3150 466 3192 ASIM
480 3148 822 3203 poenitentiarius,
841 3147 889 3186 de
907 3158 985 3197 quo
1001 3147 1095 3185 Mat-

140 3215 243 3254 thias
266 3215 420 3253 Flacius
444 3215 482 3252 in
505 3214 689 3264 catalogo
725 3212 887 3249 testium
912 3209 1092 3246 veritatis

141 3288 226 3328 pag.
264 3277 340 3316 903
377 3275 535 3315 edition.
559 3276 708 3327 primae
748 3273 864 3312 Basil.
900 3271 997 3310 ‘¹556
1024 3271 1092 3308 81⁰

143 3338 292 3378 Nactus
324 3349 413 3378 sum
444 3337 676 3391 percleyans
708 3333 946 3390 pot'maa‘on,
982 3331 1092 3372 tetulo

2016 222 2092 262 135

1129 293 1464 333 Poemtentiarius
1484 292 1617 342 Asini,
1641 293 1721 334 200
1744 292 1859 331 annis
1885 292 2090 333 vetustius.

1130 356 1234 395 Nam
1259 359 1348 394 erat
1369 354 1635 407 adscriptum,
1657 354 1867 407 completus
1890 365 1992 393 anno
2021 356 2097 393 Do-

1129 416 1228 456 mini
1247 417 1363 457 4545.
1387 415 1546 466 Dubito,
1571 428 1625 455 an
1647 416 1693 455 cle
1721 416 1998 468 descriptione,
2023 421 2097 456 aut

1123 480 1261 532 prima
1285 479 1566 532 compositione.
1592 480 1639 517 In
1658 491 1699 517 eo
1724 478 1983 529 inducuntur,
2020 482 2098 520 Lu-

1127 553 1225 593 pus,
1241 540 1379 592 vulpes
1400 544 1437 580 et
1460 540 1617 588 asinus,
1630 540 1912 593 poenitent-iam
1927 545 2096 594 aqentes.

1133 603 1313 642 Primum
1335 602 1540 654 conficetur
1564 601 1682 653 lupus
1706 602 1836 654 vulpi,
1859 615 1961 656 quae
1979 603 2098 656 facile

1134 677 1223 703 eum
1246 663 1441 713 absolvat,
1460 667 1497 705 et
1511 663 1674 715 insuper
1698 665 1814 704 etiam
1829 669 2004 705 excuset.
2022 666 2096 705 De-

1133 726 1220 765 inde
1237 726 1352 778 lupus
1368 717 1610 764 c'bnsimilem
1625 726 1869 765 clementiam
1892 727 2004 780 vulpi
2014 740 2102 767 con-

1133 788 1260 841 fitenti
1272 786 1442 827 exhibet.
1465 788 1608 827 Verum
1627 785 1699 825 ubi
1718 787 1870 837 asinus,
1895 790 1967 841 qui
1996 794 2102 830 stra-

1137 860 1226 887 men
1247 848 1405 887 cuidam
1437 850 1600 887 Romam
1635 847 1835 900 reliqionis
1872 862 1965 902 erqo
1985 864 2102 903 pere-

1137 910 1317 962 yrinanti
1336 910 1448 949 circa
1485 908 1605 950 tibias
1640 910 1816 949 vinctum
1839 911 2100 963 detraxerat,

1141 971 1280 1023 optime
1299 983 1468 1025 sperans
1494 975 1648 1023 (utpote
1671 972 1743 1024 qui
1784 973 1905 1012 sciret
1919 985 1995 1013 sua
2013 987 2104 1026 pec-

1142 1037 1232 1072 cata
1257 1033 1407 1073 leviora
1430 1045 1533 1084 esse,
1554 1045 1676 1085 quam
1698 1033 1784 1086 lupi
1795 1039 1868 1074 aut
1880 1035 2031 1089 vulpis)
2049 1037 2107 1077 ibi

1143 1094 1298 1134 demum
1321 1096 1446 1136 omnis
1469 1095 1663 1136 severitas
1684 1095 1916 1148 disciplinae
1940 1099 2106 1138 ostendi—

1145 1161 1230 1208 tur,
1251 1169 1320 1197 nec
1343 1157 1428 1197 ulla
1445 1169 1619 1210 prorsus
1639 1158 1756 1199 venia
1783 1158 1926 1211 digmus
1954 1161 2109 1212 reperi-

1146 1222 1213 1258 tur
1235 1220 1392 1269 asinus,
1416 1220 1485 1259 secl
1506 1233 1603 1260 moa:
1643 1233 1670 1259 a
1704 1220 1788 1261 suis
1828 1220 2107 1274 spiritualibus

1141 1281 1329 1334 patribus
1354 1282 1582 1322 devoratur.

1203 1364 1406 1393 Immensum
1431 1363 1536 1394 scelus
1560 1367 1629 1403 est,
1658 1364 1782 1404 injuria
1805 1372 1907 1404 quam
1931 1365 2110 1404 peregrlno

1243 1414 1381 1450 Fecisti,
1405 1417 1552 1444 stramen
1579 1412 1796 1454 subripiendo
1819 1414 1896 1445 sibi.

1203 1464 1273 1493 Non
1296 1462 1487 1500 advertisti,
1513 1464 1602 1503 quod
1625 1462 1720 1503 plura
1742 1464 1891 1503 pericula
1913 1471 2053 1503 passus,

1243 1513 1389 1544 Plurima
1411 1521 1592 1553 passurus,
1614 1513 1704 1553 quod
1727 1515 1922 1553 peregrinus
1945 1519 2016 1544 erat
2035 1526 2043 1545 z

1202 1564 1273 1594 Non
1295 1564 1488 1600 advertisti,
1510 1563 1598 1602 quod
1624 1563 1652 1593 ei
1676 1570 1735 1602 per
1763 1564 1906 1594 maxima
1928 1568 2037 1594 terrac

1243 1615 1284 1643 Et
1304 1613 1413 1654 pelagi
1436 1615 1550 1653 spacia
1571 1613 1614 1644 sit
1635 1612 1843 1653 peragranda
1866 1615 1935 1645 via.

1203 1664 1274 1694 Non
1297 1663 1471 1695 advertisti
1495 1667 1647 1702 sanctos,
1674 1671 1736 1696 nec
1759 1664 1876 1695 limina
1898 1668 2026 1696 sancta.

1244 1716 1441 1746 Sanctorum
1466 1718 1617 1746 sanctam
1638 1714 1695 1745 scd
1717 1722 1779 1746 nec
1806 1713 2024 1746 Hierusalem.

1202 1763 1258 1796 lile
1279 1767 1472 1797 retransivit
1496 1764 1612 1797 eadem
1639 1765 1729 1803 loca,
1753 1769 1822 1795 tam
1844 1764 2030 1796 violentum

1244 1817 1293 1846 Ex
1315 1817 1491 1855 inopinato
1515 1817 1619 1847 sensit
1642 1815 1757 1846 adesse
1779 1815 1915 1847 malum.

1206 1868 1251 1897 De
1274 1868 1362 1907 Papa
1385 1871 1498 1904 taceo,
1521 1868 1616 1906 eujus
1639 1868 1803 1906 protectio
1827 1866 1927 1896 talem

1249 1917 1437 1955 conduxit,
1464 1919 1557 1958 cujus
1581 1920 1619 1948 tu
1642 1916 1819 1956 vilipendis
1843 1924 1962 1957 opem:

1208 1970 1323 2000 Totius
1345 1967 1513 2000 Ecclesiae
1536 1966 1636 1998 ruerit
1658 1975 1734 1998 cum
1758 1969 1903 1998 nuncius
1928 1968 2011 2005 iste,

1251 2018 1392 2049 Pertulit
1413 2017 1579 2050 abstracto
1601 2019 1763 2050 stramine
1785 2017 1907 2049 damna
1931 2019 2019 2050 viae.

1208 2090 1454 2130 ASSERIUS
1477 2101 1527 2128 ex
1549 2089 1728 2127 Menevia
1749 2087 1956 2127 Cambriae
1972 2091 2118 2126 metro-

1155 2154 1244 2206 poli,
1269 2155 1490 2205 Episcopus
1532 2154 1571 2190 in
1605 2150 1746 2202 Anglia
1770 2150 2118 2196 Schireburensis,

1157 2218 1225 2268 qui
1240 2215 1414 2255 AEifredo
1427 2216 1522 2267 Regi
1538 2219 1675 2254 auctor
1691 2214 1763 2253 fuit
1778 2212 2007 2252 condendae
2022 2210 2122 2251 Aca-

1159 2280 1312 2319 demiae
1353 2279 1612 2319 Oxoniensis:
1650 2278 1762 2316 Diem
1797 2276 1892 2315 obiit
1923 2274 1998 2314 An.
2029 2275 2118 2313 909.

1158 2341 1258 2393 Ejus
1276 2340 1498 2381 Historiam
1517 2340 1564 2380 cle
1586 2338 1707 2379 rebus
1720 2339 1842 2391 yeslis
1857 2336 2034 2391 AElfredi
2049 2339 2122 2377 Re-

1157 2404 1220 2456 9is
1242 2406 1390 2456 optima
1406 2403 1481 2442 fide
1499 2404 1686 2455 scriptam
1702 2403 1883 2453 vulgavit
1898 2401 2120 2441 Matthaeus

1160 2468 1373 2515 Parkerus,
1397 2467 1460 2505 cui
1479 2467 1650 2504 Joannes
1666 2463 1833 2504 Asseres
1849 2464 2004 2511 dicitur,
2021 2464 2122 2501 Lon-

1161 2531 1241 2570 dini
1267 2529 1367 2569 4574
1392 2528 1535 2567 deinde
1573 2529 1676 2566 inter
1704 2527 1957 2577 Anglicarum
1987 2536 2120 2563 rerum

1163 2592 1382 2642 Scriptores
1402 2590 1624 2629 Guilelmus
1648 2588 1922 2636 CambdenuS,
1943 2587 2118 2626 Francof.

1163 2654 1265 2694 4602
1291 2653 1352 2691 fol.
1378 2652 1469 2690 hine
1485 2663 1577 2691 cum
1599 2652 1703 2689 notis
1719 2651 1872 2689 Henriei
1891 2649 2122 2701 Speelman-

1161 2717 1201 2754 ni
1225 2715 1366 2766 prodiit
1386 2715 1559 2753 Oxoniae
1586 2712 1685 2752 4670
1712 2712 1773 2751 fol.
1799 2711 1969 2761 denique
1999 2710 2121 2750 edidit

1163 2778 1334 2816 Thomas
1350 2777 1503 2816 Hearne
1520 2806 1528 2824 ,
1546 2774 1590 2813 A.
1608 2773 1709 2813 4707
1731 2775 1766 2811 8.
1782 2772 1975 2824 Ejusdem
1997 2772 2121 2813 Chro-

1161 2839 1297 2887 nicon,
1319 2840 1403 2877 sive
1419 2835 1592 2875 Annales
1613 2847 1636 2876 a
1658 2836 1751 2875 Julii
1775 2836 1955 2875 Caesaris
1976 2836 2014 2874 in
2039 2836 2121 2874 Bri-

1161 2902 1336 2941 tanniam
1363 2899 1540 2938 adventu
1571 2908 1696 2949 usque
1721 2897 1767 2937 ad
1799 2908 1923 2940 suam,
1944 2901 2117 2937 aetatem

1162 2964 1314 3014 primus
1334 2960 1456 3000 edidit
1472 2960 1643 2999 Thomas
1658 2960 1805 2999 Galeus
1829 2961 1930 2998 inter
1949 2960 2122 3010 Scripto-

1165 3036 1228 3064 res
1257 3035 1390 3063 rerum
1420 3022 1702 3073 Anglicarum,
1727 3021 1891 3061 Londini
1923 3022 2017 3061 4694
2056 3021 2118 3060 fol.

1167 3099 1252 3138 pag.
1293 3087 1379 3126 444.
1407 3096 1484 3126 una
1518 3096 1609 3124 cum
1643 3084 1934 3136 paralipomeno
1956 3085 2120 3124 alterius

1168 3149 1340 3188 auctoris
1364 3147 1492 3198 (quod
1514 3147 1691 3186 additum
1711 3147 1793 3198 jam
1825 3151 2018 3186 memorat
2050 3148 2122 3186 Ba-

1169 3211 1254 3248 leus
1290 3211 1322 3248 ΙΙ
1347 3210 1422 3257 25)
1445 3220 1571 3259 usque
1595 3208 1643 3248 ad
1680 3208 1755 3248 An.
1790 3210 1878 3250 944.
1904 3209 2016 3249 Unde
2041 3221 2117 3248 non

1171 3272 1276 3310 valet
1299 3276 1594 3322 argumentum,
1619 3282 1696 3321 quo
1719 3272 1881 3310 annales
1904 3271 2023 3310 hosce
2046 3271 2120 3310 As-

1169 3335 1269 3374 serio
1291 3333 1488 3385 abjudicat
1516 3332 1712 3382 Ondinus,
1737 3333 1841 3385 quod
1879 3333 1927 3374 ad
1957 3333 2116 3374 Annum
