2500 4009
393 210 446 251 ot
838 209 840 211 ’
1224 206 1563 248 ANGELUS

394 280 649 321 Bruncatium
673 281 711 319 S.
736 278 873 329 Angeli
897 277 1157 318 cardinalem.
1185 277 1347 319 Evolvit

400 343 510 382 illum
534 344 609 382 MS.
635 342 805 387 Gangius
835 341 871 378 in
901 340 996 380 Bibl.
1022 340 1060 379 S.
1085 339 1269 379 Germani
1298 340 1346 379 de

394 405 521 443 Pmlis
538 403 677 443 Codice
700 402 788 440 802.
804 401 947 441 Confer
965 401 1164 441 Oudinum
1186 406 1277 441 tom.
1294 403 1344 442 111

398 477 484 516 pag.
515 465 601 503 650.

446 525 762 574 ANGELOMUS,
785 524 999 565 Monachus
1022 527 1282 566 Luxoviensis
1307 528 1344 566 in

393 587 633 639 Burgundia,
649 586 807 626 Ordinis
823 587 1020 627 Benedict.
1036 588 1199 640 Scripsit
1213 589 1260 628 ad
1278 591 1347 628 Lo-

390 650 580 698 marium,
603 649 779 701 adeoque
793 654 886 690 ante
901 650 1061 690 Annum
1085 652 1162 691 855
1181 662 1259 702 quo
1276 653 1346 690 Lo-

391 712 542 751 tharius
579 713 794 763 Imperator
821 717 862 752 et
889 714 1014 764 Drogo
1043 713 1229 752 Metensis
1256 715 1347 765 Epi-

388 784 532 825 scopus
555 774 663 823 obiit,
682 775 702 797 ἕ
724 774 1018 825 enarrationes,
1041 776 1126 814 sive
1144 777 1346 816 Str-ornata

390 836 430 875 in
454 836 661 877 Canticum
690 836 966 887 canticorum,
991 843 1031 876 et
1058 842 1148 889 post
1178 844 1344 878 mortem

387 898 569 950 ejusdem
593 900 784 950 Drogonis
802 931 809 950 ,
835 901 1031 940 Stromata
1048 900 1089 939 in
1107 903 1279 952 quatuor
1301 900 1346 940 li-

387 959 480 1000 bros
499 962 647 1012 Reyum
668 962 832 1001 collecta
851 973 900 1001 ex
919 963 1099 1002 Patribus
1122 967 1162 1002 et
1190 963 1344 1002 laudata

387 1023 589 1075 Sigeberto
611 1034 694 1075 cap.
716 1025 765 1062 86
793 1029 834 1063 et
856 1024 1069 1063 Trithemio
1092 1036 1176 1076 cap.
1195 1026 1271 1064 266
1295 1025 1345 1064 dc

386 1086 425 1125 S.
444 1087 487 1125 F..
504 1091 544 1125 et
567 1085 615 1124 de
637 1086 857 1126 illustribus
875 1086 1140 1125 Benedictinis
1161 1087 1191 1126 11
1211 1087 1260 1126 42
1279 1089 1346 1137 qui

385 1150 503 1187 etiam
528 1147 615 1198 ejus
641 1146 787 1187 librum
806 1148 853 1187 cle
881 1147 1033 1188 Divinis
1071 1148 1217 1202 Officiis
1239 1161 1346 1188 com-

388 1215 590 1249 memorat.
624 1211 820 1250 Stromata
845 1213 881 1250 in
918 1211 1052 1250 Libros
1075 1212 1226 1262 Regum
1252 1216 1344 1252 ante

385 1272 597 1311 editionem
627 1274 736 1312 Rom.
775 1275 875 1312 4565
908 1274 969 1313 fol.
997 1273 1119 1313 habeo
1143 1273 1247 1313 edita
1271 1276 1344 1314 Co-

386 1335 509 1374 loniae
531 1337 632 1375 4530
666 1336 730 1375 fol.
763 1348 832 1388 per
863 1336 1104 1375 Eucharium
1140 1337 1343 1376 Cervicor-

385 1409 505 1447 num,
530 1399 597 1449 qui
626 1399 665 1436 in
694 1399 857 1438 Praefat.
891 1398 1045 1438 Utinam
1073 1397 1230 1450 reliqua
1256 1397 1340 1439 eius

383 1471 505 1512 opera
517 1492 527 1510 ,
543 1460 784 1513 praesertim
805 1460 910 1513 qaod
924 1463 962 1501 in
981 1462 1154 1501 Genesin
1173 1460 1341 1501 edidisse

383 1532 424 1561 se
450 1521 626 1575 fatetur,
655 1527 865 1563 eoestarent
886 1530 960 1563 etc.
992 1526 1072 1564 Ista
1100 1524 1141 1563 in
1176 1523 1342 1563 Genesin

383 1587 675 1626 Commentaria
705 1599 831 1638 nuper
863 1599 913 1626 ex
942 1587 1083 1627 Codice
1117 1587 1341 1626 Monasterii

383 1647 433 1686 ad
456 1650 642 1700 Petrum,
662 1649 951 1701 salisburgensi
976 1650 1155 1700 vulgavit
1179 1652 1343 1689 Bernar-

383 1709 459 1749 dus
478 1712 551 1750 Pez
575 1716 669 1750 tom.
693 1713 720 1751 1.
742 1711 1035 1752 Anecdotorum
1059 1724 1145 1764 pag.
1178 1712 1238 1750 43.
1264 1711 1344 1750 Au-

383 1778 524 1820 gustae
547 1774 697 1813 Vindel.
724 1774 817 1814 4724
845 1775 907 1813 fol.
928 1775 1073 1825 quibus
1099 1774 1342 1825 Angelomus

383 1837 625 1887 prooemium
650 1837 834 1876 versibus
857 1837 1100 1876 hexametris
1125 1835 1339 1888 praemisit.

385 1897 559 1949 Utraque
584 1900 621 1937 in
646 1900 883 1949 Canticum,
905 1911 1006 1950 quae
1030 1904 1071 1938 et
1096 1900 1179 1951 ipsa
1199 1909 1346 1938 excusa

383 1962 682 2001 Coloniensibus
697 1962 823 2013 typis,
848 1967 888 2001 et
912 1963 949 2000 in
971 1962 1088 2001 libros
1111 1963 1262 2012 Regum
1283 1972 1344 1999 re-

384 2035 480 2063 cusa
504 2028 665 2062 exstant
693 2025 732 2062 in
769 2024 1009 2064 Bibliotheca
1032 2025 1192 2063 Patrum
1229 2023 1341 2063 Colo—

384 2086 510 2123 niensi
549 2090 643 2124 tom.
664 2087 745 2133 lx,
780 2097 864 2137 pag.
896 2085 970 2124 780
1007 2089 1048 2123 et
1084 2084 1338 2135 Lugdunensi

385 2151 478 2184 toln.
505 2147 601 2195 XV,
627 2159 712 2198 pag.
738 2147 831 2193 307,
859 2148 944 2186 445.
970 2147 1013 2185 [n
1043 2146 1160 2185 libros
1188 2147 1337 2197 Regum

386 2220 463 2246 non
488 2207 678 2247 diffitetur
714 2220 757 2246 se
791 2210 980 2259 Drogonis
1012 2208 1167 2246 hortatu
1186 2206 1241 2245 ad
1259 2206 1339 2245 cal-

386 2281 466 2307 cem
495 2273 606 2309 tenus
637 2269 903 2322 perduxisse,
932 2281 1008 2307 non
1030 2269 1157 2308 solam
1184 2268 1340 2320 quidem

385 2332 480 2384 quia
500 2331 608 2383 filius
631 2336 720 2371 erat
733 2331 1073 2384 praestantissimi
1091 2331 1229 2372 Caroli
1243 2331 1341 2372 Cae-

386 2395 517 2443 saris,
539 2395 613 2433 imo
635 2394 766 2447 frater
789 2394 988 2434 mitissimi
1014 2393 1200 2433 Ludovici
1226 2393 1340 2432 Prin—

386 2458 485 2509 cipis
501 2490 510 2505 ,
533 2469 674 2497 verum
703 2458 839 2506 etiam,
863 2457 958 2509 quia
980 2461 1069 2496 erat
1100 2455 1339 2508 praeclarus

387 2520 596 2573 Pontifex,
620 2524 658 2559 et
677 2519 811 2560 Abbas
834 2530 943 2559 meus
966 2519 1161 2571 eyreqius.

438 2583 825 2633 ANGELRANNUS,
850 2584 935 2622 sive
968 2580 1241 2633 Inqelramus,
1265 2581 1342 2620 Ab·

386 2646 454 2684 has
477 2646 754 2695 Centulensis,
778 2647 844 2696 qui
869 2645 941 2684 An.
968 2645 1070 2684 4045
1097 2644 1215 2692 obiit,
1245 2645 1340 2682 scri-

387 2710 464 2759 psit
485 2708 607 2748 vitam
630 2709 673 2746 B.
693 2707 884 2748 Richardi
905 2705 1134 2759 Presbyteri
1160 2707 1267 2756 libris
1291 2707 1340 2746 lV

386 2772 569 2810 versibus
593 2771 857 2820 hexametris,
878 2781 1045 2822 quorum
1071 2771 1166 2808 liber
1188 2771 1341 2821 primus

387 2839 425 2871 et
449 2838 616 2884 quartus
652 2834 784 2873 editus
817 2835 855 2872 in
878 2832 989 2872 Actis
1018 2833 1252 2872 Sanctorum
1292 2832 1341 2871 26

387 2895 506 2946 April.
527 2900 621 2935 tom.
644 2897 719 2944 111,
743 2907 828 2947 pag.
855 2897 929 2935 459
953 2896 1052 2934 etin
1081 2894 1191 2934 Actis
1219 2896 1343 2933 Bene-

388 2958 543 2996 ‹lictinis
566 2959 783 2997 Mabillonii.
805 2958 902 2997 Vide
919 2960 1133 3008 Leyserum
1149 2956 1198 2995 de
1213 2957 1341 2995 Poetis

392 3020 504 3058 medii
526 3021 612 3059 aevi
637 3032 720 3072 pag.
747 3021 822 3060 342
855 3025 895 3058 et
917 3021 1047 3059 Jacobi
1080 3020 1116 3061 le
1140 3021 1246 3071 Long
1282 3020 1342 3057 Bi-

391 3081 521 3120 blioth.
567 3083 840 3122 historicorum
863 3083 1009 3121 Galliae
1032 3093 1118 3133 pag.
1143 3082 1219 3121 255
1243 3081 1342 3120 infra

391 3143 696 3185 ANSCllERL'S.

444 3205 673 3247 ANGELL‘S
694 3207 917 3261 Acciajolus
942 3209 1159 3258 Episcopus
1187 3203 1340 3246 Ostien-

447 3337 462 3351 ⁶
485 3336 563 3370 Vide
582 3339 744 3373 [abbeurn
762 3342 800 3374 de
818 3343 846 3374 S.
865 3345 900 3375 B.
917 3346 994 3375 torn.
1021 3344 1052 3381 Ι,
1076 3350 1107 3380 p.
1126 3342 1177 3374 77·

1419 280 1475 318 sis
1497 284 1537 319 et
1560 278 1802 325 Cardinalis,
1825 280 2037 321 defunctus
2060 280 2133 329 An,
2157 280 2258 321 4407
2278 278 2367 319 vide

1419 352 1538 393 supra
1560 341 1875 383 ACCIAJOLUS.
1904 343 2093 382 Diversus
2127 342 2189 381 hic
2215 341 2265 382 ab
2286 340 2371 381 AN-

1418 404 1574 454 GELO,
1598 403 1792 454 Acciajolo
1815 404 2037 443 Florentino
2056 434 2063 453 ,
2083 404 2150 454 qui
2170 402 2243 442 An.
2269 400 2370 443 4357

1418 465 1525 516 obiit,
1549 466 1597 505 de
1617 478 1694 517 quo
1724 465 1914 516 Ughellus
1937 470 2030 504 tom.
2049 466 2100 504 ΙΙΙ
2129 465 2221 504 edit.
2245 475 2370 504 novae

1418 539 1503 579 pag.
1543 529 1618 569 458
1647 533 1687 567 et
1722 527 1851 567 Julius
1887 528 2003 578 Niger
2030 526 2079 566 de
2115 527 2371 578 scriptoribus

1419 590 1652 629 Florentinis
1667 601 1751 642 pag.
1769 590 1817 628 39
1834 590 1900 641 qui
1915 601 2000 641 pag.
2017 589 2065 627 40
2075 590 2194 628 etiam
2208 590 2370 628 tertium

1418 651 1655 691 ANGELUM
1668 649 1908 703 Acciajolum
1923 654 2205 690 commemorat
2219 679 2230 700 ‚
2252 660 2274 690 a
2292 660 2371 700 quo

1417 713 1471 752 ait
1495 714 1629 752 Latine
1653 724 1703 752 ex
1722 713 1870 752 Graeco
1893 711 2101 751 Plutarchi
2120 722 2260 751 versas
2281 716 2372 750 esse

1417 775 1526 815 Vitas
1549 774 1782 824 Alcibiadis,
1807 774 2034 824 Annibalis,
2059 775 2251 826 Scipionis
2273 772 2374 813 Airi-

1418 839 1532 886 cani,
1559 841 1599 876 et
1622 838 1823 877 Demetrii.
1850 840 1969 888 (vere
1998 841 2132 877 tamen
2160 836 2209 876 ab
2234 834 2374 876 Acciae

1411 899 1495 953 jolo
1518 900 1711 949 Donato).

1471 962 1705 1002 ANGELUS
1731 960 1982 1001 Anachoreta
2003 961 2374 1015 vallumbrosanus,

1418 1023 1542 1075 cujus,
1570 1024 1693 1064 fertur
1716 1024 1846 1063 Oratio
1883 1034 1953 1075 pro
1988 1021 2159 1063 Concilio
2194 1023 2374 1062 Lateran.

1416 1092 1554 1127 contra
1573 1086 1894 1126 conventiculum
1920 1086 2107 1125 Pisanum
2128 1086 2275 1125 Romae
2299 1083 2375 1124 An.

1420 1149 1522 1188 4542
1546 1149 1594 1188 ad
1618 1149 1767 1188 Julium
1790 1147 2012 1187 secundum
2040 1147 2197 1196 habita,
2220 1145 2377 1186 eodem-

1417 1221 1494 1262 que
1514 1222 1617 1250 anno
1640 1211 1746 1251 edita
1775 1212 1926 1262 Lipsiae
1960 1207 2053 1259 Μ’,
2077 1214 2122 1250 ut
2157 1209 2375 1261 Epistolam

1415 1274 1704 1324 paraeneticam
1728 1273 1775 1312 ad
1799 1278 1998 1313 matronas
2027 1272 2274 1312 Florentinas
2296 1270 2377 1310 edi-

1419 1339 1500 1374 tam
1529 1336 1685 1385 Italice,
1715 1336 1764 1375 de
1791 1348 1870 1387 qua
1898 1336 2153 1386 Possevinus,
2181 1335 2374 1374 omittam.

1413 1396 1543 1445 Idem,
1569 1402 1614 1437 ut
1635 1398 1818 1440 videtur.
1847 1398 2082 1438 ANGELUS
2105 1395 2285 1436 Fundius
2306 1407 2374 1436 cu-

1408 1457 1475 1508 jus
1501 1460 1634 1499 Oratio
1670 1462 1908 1501 Senensium
1941 1460 2100 1500 nomine
2123 1459 2173 1499 ad
2201 1457 2371 1499 eundem

1415 1521 1564 1560 ,lulium
1595 1523 1626 1561 ΙΙ
1646 1522 1778 1562 habita
1805 1523 1948 1575 prodiit
1975 1523 2127 1574 Lipsiae
2153 1520 2228 1560 An.
2259 1520 2374 1570 4504,

1415 1582 1485 1621 sed
1508 1584 1608 1623 alius
1635 1583 1807 1625 lacobus
1834 1585 2068 1625 ANGELUS
2096 1584 2348 1623 Florentinus
2365 1612 2375 1632 ,

1414 1647 1481 1696 qui
1499 1647 2003 1699 PtolemaeiGeographiam
2015 1677 2023 1696 ‚
2037 1646 2374 1698 Quadripartitum

1416 1711 1456 1746 et
1479 1709 1772 1761 Centiloquium
1796 1711 1933 1749 Latine
1956 1710 2089 1748 vertit.

1464 1770 1486 1794 ³*
1511 1771 1736 1811 Orationem
1760 1772 1824 1811 hic
1846 1784 1869 1811 a
1892 1770 2066 1811 Fabricio
2089 1769 2298 1810 indicatam
2321 1769 2377 1809 di-

1417 1834 1519 1872 rexit
1540 1833 1683 1873 author
1705 1835 1752 1874 ad
1775 1834 1924 1873 Julium
1952 1835 2062 1873 Pont.
2093 1844 2170 1872 non
2192 1843 2287 1872 vero
2310 1832 2374 1872 illo

1423 1907 1553 1936 coram
1593 1898 1785 1937 recitavit.
1828 1897 1993 1948 Scripsit
2020 1897 2139 1935 etiam
2173 1895 2373 1947 ediditque

1416 1960 1601 2010 epistolas
1623 1959 1672 1999 de
1691 1959 1829 1999 eodem
1851 1962 2084 2010 argumento
2105 1961 2213 2008 tres,
2233 1958 2280 1997 ad
2304 1960 2373 1999 Ju-

1414 2022 1509 2060 lium
1542 2033 1710 2073 nempe,
1734 2021 1783 2060 ad
1820 2021 2035 2060 Galliarum
2065 2021 2238 2071 Regem,
2262 2024 2302 2060 et
2321 2020 2369 2060 ad

1412 2084 1696 2123 Bernardinum
1736 2081 1981 2132 Carvajalcm
2019 2081 2367 2122 schismaticorum

1411 2144 1565 2193 ducem,
1581 2149 1622 2183 et
1630 2145 1864 2196 principem:
1884 2143 2114 2182 Prodierunt
2130 2143 2226 2183 haec
2240 2145 2371 2184 omnia

1411 2206 1612 2245 volumine
1634 2206 1780 2256 duplici
1805 2207 1843 2244 in
1865 2205 1886 2244 4
1902 2205 2232 2245 Vallisumbrosae
2255 2207 2366 2246 4544.

1462 2269 1634 2307 Joannes
1649 2267 1882 2308 ANGELUS
1897 2268 2080 2308 Bavarus
2097 2297 2106 2317 ,
2123 2279 2173 2307 ex
2188 2267 2367 2318 Aichem,

1412 2329 1686 2370 Astronomiae
1708 2331 1907 2370 Professor
1929 2331 2128 2379 Viennae,
2151 2328 2246 2369 obiit
2266 2333 2370 2369 teste

1412 2394 1578 2432 Ricciolo
1616 2392 1689 2432 An.
1726 2393 1844 2441 45427
1882 2393 1931 2432 29
1969 2392 2168 2444 Septemb.
2206 2392 2371 2443 Scripsit

1412 2455 1678 2495 Astrolabium
1699 2456 1863 2507 planum
1876 2466 1968 2494 cum
1988 2454 2290 2506 aequationibus
2303 2453 2372 2492 do-

1415 2529 1568 2557 morum
1591 2518 1697 2558 Coeli
1721 2522 1761 2556 et
1784 2521 1996 2557 tractatum
2017 2515 2065 2556 de
2092 2515 2372 2557 Nativitatibus

1413 2581 1549 2619 Venet.
1568 2581 1682 2620 4494.
1699 2579 1985 2632 Ephemeridas
2003 2608 2010 2625 ‚
2028 2578 2279 2631 Prognostica
2294 2580 2369 2616 etc.

1414 2643 1669 2683 Abumasaris
1698 2643 1816 2682 libros
1838 2644 1924 2682 Vlli
1954 2642 2002 2681 de
2026 2642 2180 2693 magnis
2208 2638 2371 2690 conjun-

1412 2707 1607 2745 ctionibus
1623 2706 1850 2757 recognovit
1871 2703 2073 2755 Augustae
2089 2702 2237 2742 Vindel.
2256 2702 2369 2742 4489.

1466 2769 1701 2808 ANGELUS
1728 2765 2014 2814 Bellabuccus,
2046 2762 2368 2810 Mediolanensis,

1415 2830 1754 2882 Augustinianus,
1783 2828 1899 2880 cujus
1937 2827 2184 2868 Viridarium
2217 2825 2367 2865 Sacrae

1414 2894 1645 2946 scripturae
1667 2903 1860 2932 excusum
1883 2891 2059 2931 Venetiis
2083 2888 2184 2929 4549
2209 2888 2243 2925 4.

1466 2956 1697 2997 ANGELUS
1717 2956 1820 2995 Saxo
1835 2954 1883 2993 de
1901 2951 2122 2992 Brunsvz‘eo
2139 2980 2148 3000 ,
2169 2948 2367 2989 Professor

1413 3019 1618 3070 Gymnasii
1640 3017 1891 3058 Erfordensis
1909 3044 1917 3064 ,
1937 3018 2056 3065 atque
2079 3012 2278 3052 Ecclesiae
2291 3012 2368 3050 Mo-

1413 3081 1680 3132 guntiacensis
1713 3079 1946 3128 Presbyter,
1975 3075 2187 3114 defunctus
2218 3071 2368 3124 Argen-

1413 3146 1525 3184 torati
1543 3143 1587 3184 A.
1611 3143 1723 3184 4484.
1747 3139 1873 3190 Hujus
1893 3138 2175 3189 expositionem
2196 3135 2366 3176 Canonis

1411 3208 1576 3256 Missae,
1597 3210 1638 3245 et
1661 3207 1894 3248 Sermones,
1917 3199 2138 3251 Moguntiae
2160 3199 2199 3236 in
2226 3199 2366 3237 Metro-

1412 3270 1580 3321 politana
1604 3267 1651 3307 ad
1682 3265 1866 3319 populum
1892 3263 2043 3301 habitos
2072 3264 2264 3300 memorat
2286 3261 2365 3312 Ey-

1414 3332 1660 3383 scngreinius
1688 3340 1771 3381 pag.
1808 3325 1890 3364 ⁴72.
1922 3325 2160 3366 possevinus
2197 3326 2278 3362 tres
2314 3335 2362 3363 ex
