2500 3841
1036 209 1239 250 BEDAE

162 275 411 314 sculanarum
434 276 709 325 quaestionum
730 277 837 316 libris
855 279 902 327 V,
926 290 1011 330 pag.
1029 281 1102 320 480

161 337 280 375 Sexto
295 336 343 375 de
365 337 458 388 Rep.
481 338 591 387 (sive
614 339 772 378 Somnio
789 340 978 391 Scipionis
993 343 1002 391 )
1018 353 1103 392 pag.

161 398 248 437 483.
269 397 522 450 Epitaphium
536 399 735 440 Ciceronis
755 401 904 453 tripleoe
919 415 1002 454 pag.
1019 405 1105 444 484.

211 459 520 502 Proverbioruui
536 466 573 501 et
590 463 872 503 sententiarum
896 463 994 504 liber
1011 496 1018 515 ,
1038 465 1108 504 Or-

160 522 250 562 dine
277 523 521 575 alphabetico
557 537 643 576 pag.
684 528 770 567 485.
801 528 913 566 Hunc
941 532 981 566 et
1010 527 1108 567 duos

107 580 113 583 ⁷
160 587 380 637 superiores
410 589 698 627 sententiarum
736 589 854 628 libros
881 589 985 629 Beda
1014 589 1111 628 indi-

158 658 257 698 gnos
275 652 316 687 et
330 648 444 700 longe
463 652 692 689 recentioris
707 662 796 690 esse
816 653 1017 703 scriptoris
1031 652 1110 691 Ou-

160 710 278 751 dinus
295 710 482 762 disputat,

212 773 269 811 De
289 771 520 814 substantiis
539 774 690 815 libellus
712 788 798 827 pag.
823 775 899 816 200
919 788 996 826 quo
1017 777 1111 816 sub-

159 835 327 875 stantias
347 836 432 875 sive
453 836 555 876 bona
576 839 900 877 Monasteriorum
920 838 1109 889 dissipare

158 896 388 949 dissuadet,
417 903 457 938 et
484 900 559 939 alia
586 903 696 940 varia
723 902 914 952 praecipit
950 901 1112 940 Clericis

161 960 271 999 utilia
284 964 324 999 et
334 961 471 1000 Laicis.
484 962 764 1002 Benedictinus
779 963 921 1013 aliquis
936 961 1117 1002 duodeci-

159 1021 214 1060 mi
230 1022 295 1061 vel
311 1022 507 1062 undecimi
526 1025 659 1073 seculi,
663 1023 794 1075 judice
804 1023 1112 1064 eodemOudino.

210 1082 401 1136 Διδάξεων
423 1085 506 1126 sive
527 1085 820 1125 Elementorum
843 1084 1115 1137 Philosophiae

160 1144 256 1186 libri
288 1148 368 1197 IV,
391 1161 477 1200 pag.
510 1150 584 1188 306
623 1160 701 1187 non
737 1148 891 1198 Bedae,
917 1147 987 1187 sed
1008 1148 1114 1187 GUI-

159 1211 309 1250 LELMI
331 1210 379 1250 de
402 1211 567 1252 Conchis
582 1243 593 1261 ,
618 1211 666 1250 de
686 1222 764 1262 quo
788 1211 898 1249 infra.

211 1273 268 1312 De
284 1273 459 1313 Paschae
472 1271 729 1313 celebratione
746 1270 862 1321 liber,
885 1273 970 1312 sive
989 1270 1035 1311 de
1047 1284 1114 1311 ae-

160 1334 352 1387 quinoctio
371 1348 492 1376 verno
508 1336 623 1386 juxta
640 1333 866 1374 Anatolium
881 1336 1113 1386 AEgyptium

160 1398 264 1448 apud
279 1399 607 1450 Euseb.Epistola
621 1398 670 1437 ad
689 1396 940 1439 Wichredam
947 1398 1117 1448 Presby—

161 1464 431 1511 terum‚quem
445 1461 742 1500 sanctissimum
756 1461 916 1499 fratrem
932 1461 1114 1512 appellat.

160 1533 246 1573 pag.
271 1523 359 1562 230.
381 1523 425 1561 In
441 1522 515 1562 hac
537 1522 671 1562 laudat
691 1527 732 1561 et
749 1523 968 1562 Proterium
983 1527 1024 1562 et
1038 1523 1118 1574 Cy-

160 1584 294 1624 rillum
329 1583 619 1624 Alexandrinos
654 1583 865 1624 Antistites
896 1584 944 1624 de
978 1585 1117 1625 eodem

159 1652 403 1698 argumento,
412 1652 452 1687 et
459 1649 656 1688 Victorem
665 1649 909 1699 Capuanum,
918 1649 1117 1700 Epistolas

158 1709 369 1749 Paschales
387 1711 564 1761 Dionysii
581 1710 724 1761 Exigui
743 1715 807 1760 ,et
829 1711 1116 1750 ordinationem

159 1772 344 1811 feriarum
366 1771 613 1812 Paschalium
636 1784 706 1823 per
729 1773 989 1824 Theophilum
1022 1773 1115 1824 Epi-

161 1844 325 1885 scopum
347 1835 644 1874 Caesariensem
672 1846 717 1874 ac
748 1835 989 1885 reliquorum
1024 1837 1115 1887 Epi-

161 1907 368 1947 scoporum
389 1895 595 1947 Synodum
618 1908 703 1948 pag.
729 1897 818 1936 232.
842 1899 959 1936 Porro
978 1910 1114 1937 exem-

160 1958 272 2010 plum
307 1958 412 1998 Anni
440 1958 516 1998 776
545 1971 630 2011 pag.
660 1960 737 1999 232
771 1959 971 2010 adjectum
1000 1965 1063 2000 est
1090 1973 1113 2000 a

155 2019 310 2071 juniore
330 2033 476 2070 manu,
501 2021 606 2073 quod
630 2033 708 2061 non
731 2026 864 2061 exstat
884 2023 922 2060 in
942 2022 1112 2061 editione

157 2084 259 2122 Petri
301 2085 498 2123 Francisci
535 2084 705 2125 Chissetii
728 2114 736 2133 ,
773 2089 865 2124 ante
907 2084 1112 2123 historiam

157 2144 286 2185 Bedae
316 2145 572 2198 Anglicanam
611 2148 769 2186 Parisiis
793 2147 916 2195 4684,
941 2147 963 2185 4
993 2151 1112 2197 atque

158 2208 198 2245 in
237 2209 512 2259 antiquissimo
553 2209 694 2249 Codice
738 2209 834 2248 Bibl.
882 2209 1114 2248 Laubiensis

159 2269 299 2309 deesse
327 2272 480 2311 notavit
507 2272 752 2311 Mabillonius
786 2272 825 2310 in
854 2272 951 2323 elog.
985 2271 1114 2310 Bedae

159 2344 269 2372 num.
293 2333 343 2373 29
367 2337 535 2373 etvtomo
559 2335 587 2373 1.
611 2333 789 2373 Analect.
811 2346 897 2385 pag.
924 2336 965 2374 44
994 2333 1110 2383 (edit.

159 2406 285 2435 novae
307 2407 393 2447 pag.
418 2397 518 2446 398)
544 2397 731 2436 Petavius
753 2397 793 2434 in
820 2397 1008 2447 Epistolis
1026 2408 1111 2446 pag.

162 2457 238 2496 457
261 2462 396 2497 monet
424 2459 567 2498 librum
592 2459 640 2497 de
668 2459 914 2509 aequinoctio
935 2459 974 2496 in
1002 2459 1110 2498 MSS.

158 2519 386 2559 PHILIPPO
405 2520 523 2559 tribui
546 2520 780 2570 Presbytero
810 2519 887 2559 Sed
911 2519 1017 2559 haud
1040 2520 1114 2559 du-

159 2579 386 2619 bieBedam
408 2585 610 2620 auctorem
629 2581 772 2631 habet,
793 2580 908 2632 cujus
931 2582 1014 2632 ipse
1031 2593 1113 2620 me-

159 2643 275 2680 minit
298 2643 335 2680 in
360 2642 491 2681 Indice
517 2654 681 2694 operum
704 2654 868 2683 suorum
890 2643 938 2682 ad
962 2643 1110 2683 calcem

160 2705 364 2743 Historiae.

211 2766 268 2804 De
287 2764 523 2804 divinatione
547 2766 684 2804 mortis
721 2770 759 2805 et
781 2766 903 2814 vitae,
928 2768 1113 2806 Petosiris

159 2828 210 2868 ad
228 2829 448 2879 Necepsum
466 2829 613 2879 Regem
636 2828 795 2879 AEgypti
824 2829 995 2878 Epistola
1026 2840 1111 2879 pag.

160 2892 250 2931 233.
267 2891 374 2929 Hanc
390 2901 481 2929 cum
500 2889 674 2938 duabus,
691 2890 878 2940 proximis
897 2891 1114 2940 scriptioni-

159 2952 237 2992 bus
259 2953 362 2991 inter
394 2953 554 2991 naenias
577 2952 680 2991 Beda
725 2951 904 3000 indignas
932 2951 1114 2991 Oudinus

161 3014 293 3066 refert,
303 3025 380 3065 quo
395 3013 600 3053 referenda
613 3014 732 3053 etiam
746 3014 844 3052 Rota
858 3011 962 3052 vitae
975 3013 1114 3052 mortis

161 3087 281 3127 quam
305 3076 378 3116 sub
401 3076 527 3115 Bedae
548 3077 706 3115 nomine
728 3074 888 3113 exhibet
916 3073 1113 3115 Arnoldus
1149 3126 1151 3128 Ι

160 3139 291 3178 Wion.
311 3143 340 3179 t.
377 3140 410 3178 ΙΙ
434 3139 528 3190 ligni
550 3139 661 3179 Vitae
683 3148 768 3188 pag.
810 3134 884 3174 827
920 3140 961 3174 et
988 3147 1038 3175 ex
1067 3148 1111 3175 eo

162 3201 403 3240 Possevinus
425 3205 518 3240 tom.
543 3202 558 3240 Ι
583 3203 792 3251 apparatus
811 3210 895 3249 pag.
920 3198 1008 3237 204.

213 3261 323 3302 Arca
344 3263 453 3303 Noae
472 3264 672 3303 Ecclesiae
696 3267 818 3314 typus
841 3272 875 3312 p.
897 3261 974 3301 235
1003 3265 1044 3300 et
1065 3260 1112 3301 de

170 3321 312 3374 linquis
330 3324 513 3375 yentium.
539 3324 628 3364 ibid.
730 3321 741 3333 ³

2062 210 2137 250 175

1229 279 1508 334 Sibyllinorum
1523 280 1735 322 verborum
1753 279 2027 333 Interpretatio
2043 293 2128 332 pag.

1178 345 1254 384 256
1277 349 1409 383 exstat
1431 350 1471 383 et
1506 344 1553 384 ad
1577 345 1725 384 calcem
1757 344 2041 395 Sibyllinorum
2070 344 2133 381 Jo-

1180 407 1294 446 annis
1316 407 1506 458 Obsopoei
1529 418 1614 458 pag.
1641 407 1729 446 545.

1499 533 1528 570 T
1552 530 1584 569 O
1606 532 1696 570 Mo
1746 531 1810 570 111.

1233 655 1434 695 Historiae
1457 654 1757 695 Ecclesiasticae
1771 655 1897 707 yentis
1918 653 2136 707 Anqlorum

1181 716 1235 756 ad
1255 716 1473 769 Ceolulfum
1495 719 1636 768 Reyem
1659 717 1755 757 libri
1779 720 1809 758 V
1828 731 1911 770 pag.
1936 721 1950 758 4
1974 730 1995 757 a
2011 719 2137 770 primo

1181 781 1271 819 Julii
1295 781 1474 820 Caesaris
1491 781 1528 818 in
1542 780 1783 819 Britanniam
1814 781 1989 820 adventu
2011 792 2138 831 usque

1182 841 1232 880 ad
1259 841 1419 880 Annum
1442 842 1592 880 CHristi
1613 841 1682 881 734
1713 846 1752 880 et
1776 842 1823 880 ab
1853 842 2028 882 adventu
2055 843 2136 882 An-

1183 904 1336 955 glorum
1358 904 1396 941 in
1418 904 1661 943 Britanniam
1696 904 1784 943 285.
1822 904 1931 955 Opus
1967 906 2139 956 praecla-

1188 976 1295 1014 rum,
1313 977 1539 1015 quanquam
1557 967 1736 1017 arguitur
1749 966 1854 1005 Beda
1869 977 1889 1005 a
1903 967 2137 1005 Montacutio

1188 1028 1212 1067 2
1232 1028 1380 1077 Origin.
1404 1039 1490 1079 pag.
1515 1029 1590 1067 240
1621 1028 1724 1079 quod
1748 1028 1865 1068 rebus
1903 1033 2041 1066 notatu
2084 1027 2139 1066 di-

1188 1090 1390 1142 gnioribus
1413 1092 1570 1129 omissis
1591 1091 1742 1130 fabulas
1766 1091 1943 1130 inficetas
1966 1090 2139 1142 quando-

1187 1164 1264 1202 que
1302 1152 1374 1191 fuit
1403 1156 1591 1192 sectatus.
1630 1154 1724 1192 Post
1761 1152 1952 1191 editiones
1980 1156 2138 1191 veteres

1187 1214 1434 1264 Argentorat.
1462 1215 1583 1263 4500,
1603 1216 1703 1255 4544
1720 1216 1863 1266 Hagan.
1883 1215 1984 1255 4506
2001 1214 2137 1254 Antw.

1189 1276 1290 1316 4550
1311 1278 1455 1316 Lovan.
1489 1279 1589 1317 4566
1613 1283 1653 1318 et
1676 1278 1809 1318 Colon.
1838 1279 1956 1327 4604,
1978 1279 2001 1316 8
2030 1282 2070 1316 et
2100 1278 2138 1314 in

1188 1339 1495 1378 Commeliniana
1514 1342 1749 1392 scriptorum
1769 1340 1817 1379 de
1833 1340 1951 1380 rebus
1965 1339 2138 1390 Anglicis

1188 1401 1338 1452 sylloge
1378 1400 1452 1440 An.
1493 1402 1593 1441 4587
1637 1413 1729 1442 cum
1762 1402 2052 1441 continuatione
2089 1400 2138 1439 de

1190 1474 1268 1513 qua
1297 1474 1416 1513 supra
1438 1467 1478 1502 et
1501 1465 1585 1503 sine
1614 1465 1678 1503 illa
1706 1465 1807 1502 inter
1841 1464 1967 1503 Bedae
2002 1475 2135 1514 opera:

1190 1526 1558 1565 commemorandae
1593 1530 1675 1565 tres
1711 1528 1973 1574 recentiores,
1997 1526 2140 1565 Canta-

1192 1588 1378 1638 brigiensi
1402 1599 1493 1627 cum
1518 1589 1709 1628 Saxoniea
1738 1588 1886 1628 Alfredi
1908 1590 2023 1638 Regis
2051 1599 2141 1626 vcr-

1193 1652 1301 1689 sione
1326 1651 1410 1689 sive
1434 1650 1682 1702 paraphrasi,
1701 1655 1740 1689 et
1758 1649 1981 1689 Abrahami
2002 1649 2144 1691 Weloci

1191 1715 1313 1760 notis,
1341 1713 1440 1752 4644
1466 1713 1528 1751 sol.
1553 1714 1784 1753 Parisiensis
1800 1713 2027 1765 locupletior
2042 1713 2144 1751 notis

1187 1782 1226 1817 et
1249 1775 1592 1815 dissertationibus
1631 1774 1743 1814 Petri
1768 1775 1979 1814 Francisci
2007 1774 2145 1826 Chisle-

1187 1840 1248 1890 tii,
1274 1838 1295 1861 ἕ
1321 1839 1358 1877 S.
1383 1838 1417 1875 J.
1451 1836 1568 1883 4674,
1609 1838 1630 1876 4
1668 1842 1708 1876 et
1745 1838 2003 1876 Londinensis
2042 1838 2143 1876 4722

1187 1903 1249 1942 fol.
1275 1902 1302 1950 ἢ
1324 1911 1419 1938 cum
1444 1900 1533 1938 Vita
1561 1900 1770 1939 Cuthberti
1807 1904 1992 1949 utraque,
2024 1900 2146 1939 Chro-

1186 1966 1272 2004 nico
1295 1992 1302 2011 ,
1333 1961 1500 2000 historia
1527 1961 1725 2001 Abbatum
1749 1961 1989 2000 Wiramuth.
2014 1965 2054 1999 et
2082 1961 2147 1999 Gi-

1186 2039 1296 2077 rum,
1317 2023 1413 2064 libro
1437 2024 1485 2063 de
1519 2025 1614 2063 locis
1637 2026 1803 2073 sanctis,
1828 2025 1916 2063 Vita
1939 2024 2078 2062 Felicis
2106 2028 2145 2061 et

1182 2090 1472 2141 Martyrologio,
1490 2100 1540 2127 ex
1563 2088 1793 2126 recensione
1813 2084 1976 2124 Joannis
1994 2084 2146 2125 Smithi.

1236 2152 1412 2205 Epitome
1437 2152 1522 2189 sive
1543 2148 1774 2188 breviarum
1790 2146 1993 2187 Historiae
2008 2146 2150 2198 Anylo-

1184 2227 1278 2255 rum
1306 2227 1392 2266 pag.
1415 2212 1503 2254 447.
1528 2213 1636 2252 Hanc
1659 2215 1812 2262 oportet
1825 2210 1874 2250 ab
1889 2210 1962 2249 alio
1978 2214 2066 2260 post
2081 2212 2152 2248 Bc-

1186 2279 1279 2318 dam
1314 2276 1527 2316 deductam
1559 2286 1648 2314 esse
1673 2285 1799 2323 usque
1823 2272 1871 2311 ad
1895 2272 2056 2311 Annum
2075 2272 2149 2311 766

1186 2352 1279 2380 nam
1313 2341 1351 2378 in
1376 2338 1654 2389 antiquissimo
1684 2335 1826 2376 Codice
1855 2346 1976 2385 quem
2004 2334 2152 2373 evolvit

1185 2402 1451 2447 Mabillonius‚
1477 2411 1555 2438 non
1578 2398 1741 2439 excedit
1763 2397 1924 2436 Annum
1950 2396 2038 2435 734.

1236 2466 1327 2503 Vita
1352 2460 1584 2509 Cuthberti,
1605 2461 1787 2512 Episcopi
1806 2459 2148 2505 Lindisfarnensis,

1185 2526 1234 2566 ad
1256 2524 1465 2564 Edfridum
1493 2524 1732 2574 Episcopum
1775 2527 1815 2561 et
1850 2523 1990 2560 fratres
2020 2519 2149 2558 Lindi-

1185 2587 1410 2626 sfarnensis
1434 2586 1591 2624 Insulae
1616 2596 1702 2635 pag.
1730 2585 1796 2623 454
1827 2584 1917 2623 huic
1941 2593 2058 2632 quarn
2081 2581 2148 2620 ha-

1183 2650 1250 2688 bet
1273 2649 1394 2687 etiam
1419 2648 1559 2686 Surius
1592 2648 1641 2685 20
1671 2647 1816 2691 Martii,
1840 2644 2017 2683 addenda
2046 2643 2145 2683 Acta

1184 2711 1392 2750 Cuthberti
1416 2709 1600 2748 versibus
1620 2709 1766 2757 scripta
1788 2707 2039 2745 Hexametris
2066 2705 2146 2744 edi-

1186 2778 1304 2823 taque
1328 2784 1351 2810 a
1373 2771 1528 2810 Canisio
1552 2774 1658 2808 tomo
1683 2769 1728 2816 V,
1750 2769 1773 2806 2
1806 2768 1894 2806 lect.
1919 2769 2069 2817 antiqu.
2100 2780 2137 2818 p.

1188 2835 1262 2874 692
1300 2837 1340 2872 et
1363 2838 1390 2870 t.
1416 2833 1448 2871 ΙΙ
1473 2832 1566 2871 edit.
1609 2842 1734 2869 novae
1770 2830 2036 2879 Basnagianao
2066 2830 2140 2869 sub

1188 2898 1270 2934 init.
1298 2897 1470 2944 Utraque
1508 2893 1546 2932 id
1569 2892 1678 2932 Actis
1701 2893 1877 2932 Sanctor.
1918 2896 1958 2930 et
1997 2893 2141 2931 iterum

1186 2959 1380 2997 recensita
1403 2969 1424 2995 a
1447 2958 1503 2994 Jo.
1529 2955 1674 3002 Smith,
1700 2956 1802 2993 inter
1830 2955 1975 3004 scripta
2010 2954 2139 2993 Bedae

1186 3019 1379 3070 quaedam
1403 3017 1522 3057 Lond.
1549 3017 1650 3057 4722
1675 3018 1736 3057 fol.
1758 3019 1858 3056 Loca
1882 3016 2068 3055 nonnulla
2098 3018 2135 3057 in

1238 3185 1252 3199 ·
1269 3185 1404 3217 Journal
1421 3185 1476 3217 des
1493 3187 1613 3219 Savans
1631 3186 1706 3218 1681
1724 3194 1798 3227 pag.
1823 3185 1895 3218 516.
1913 3189 1986 3219 Act.
2012 3185 2137 3218 Erudi-

1183 3240 1292 3267 torum
1314 3235 1393 3266 1682
1412 3243 1485 3275 pag.
1503 3236 1574 3268 530.

1237 3283 1261 3325 †
1278 3283 1324 3315 ld.
1343 3283 1420 3315 1724
1439 3293 1513 3325 pag.
1533 3284 1602 3316 124.
1618 3286 1711 3318 Mem.
1735 3284 1783 3318 lit.
1800 3284 1840 3318 dc
1864 3285 1894 3318 la
1911 3285 2036 3327 grande
2055 3289 2136 3318 Bre-

1107 3354 1115 3362 ,
1180 3338 1277 3375 regne
1290 3338 1370 3369 tom.
1393 3336 1438 3374 X,
1457 3342 1531 3375 pag.
1548 3334 1621 3368 520.
1660 3362 1663 3366 .
