2500 4009
408 239 485 277 5015

410 308 493 345 siue
534 304 787 344 Britannicae·
825 303 1045 337 int-morant
1078 298 1222 335 Baleus
1249 298 1262 334 -l
1290 326 1297 336 .

409 376 445 406 ct
474 371 627 407 l‘itseus
667 378 749 415 pac.
787 364 833 400 97
873 360 941 399 sed
981 360 1109 398 neutri
1150 360 1374 408 inspectum

409 432 555 479 opinor.
580 430 714 476 ltaque
731 425 779 462 dc.
796 434 932 461 eorum
955 422 1030 460 tide
1051 420 1259 459 addubitat
1282 419 1379 457 Vos-

410 494 491 528 sius
522 502 593 539 pag
625 489 707 526 170.

464 549 765 588 ΙίιλὈῘὶϊιίῑῖὃ
797 545 972 593 Probus,
1006 547 1224 601 Britannus
1246 544 1379 581 Mona-

409 630 416 648 «
435 613 508 650 liuS
535 610 877 649 l3annochoi·‹·nsis
900 611 921 647 a
947 609 1078 646 l'itseo
1099 618 1185 658 pag.
1207 606 1283 645 403
1299 609 1379 642 tra—

409 673 514 711 ditur
525 672 740 711 Historiam
754 670 1030 709 Britannicam
1049 670 1261 720 scripsisse
1277 668 1379 706 circa

409 738 481 773 An.
508 737 583 773 590
609 735 709 773 addi*
735 735 896 773 Baleuin
925 734 1091 772 Centur.
1118 733 1158 780 1,
1195 742 1228 768 c.
1256 730 1306 768 67
1343 732 1383 765 ct

407 810 505 847 quai·
532 799 630 836 infra
656 799 753 836 inlra
781 799 817 835 in
843 796 1044 836 NENNlO.
1069 796 1153 834 Non
1194 794 1383 832 diversus

408 872 497 897 csse
524 860 683 898 videtur
708 860 769 897 liic
786 858 1095 898 ELVODUGUS
1114 857 1163 896 ab
1181 853 1381 896 ELBODO

410 922 457 960 ilc
475 934 552 972 quo
568 933 700 972 supra.
720 922 814 960 Vide
832 920 1056 959 Lclandum
1077 930 1162 970 cap.
1190 919 1239 957 45
1261 921 1301 956 et
1319 915 1381 955 57.

465 984 781 1024 ELWACENSE
808 984 1044 1023 Clironicon.
1066 981 1156 1020 vide
1182 991 1272 1019 mox
1298 981 1380 1020 EL-

413 1046 715 1085 WANGENSl-l.

463 1109 521 1147 lix
567 1107 907 1146 ELWANGENSI
954 1106 1149 1145 Chronico
1186 1105 1378 1144 Abbatiae

412 1170 552 1207 nobilis
583 1171 619 1206 in
655 1169 812 1208 Circulo
845 1170 1016 1207 Svcvico
1055 1168 1293 1207 Germaniae
1330 1167 1377 1206 ad

410 1234 599 1282 ,tagistam
627 1232 797 1271 fiuvium
825 1233 968 1282 (Fagst)
996 1232 1035 1269 in
1052 1231 1231 1280 Yirguna
1253 1230 1381 1279 (Virn-

412 1294 574 1342 arunde)
601 1299 789 1345 excerpta
810 1306 879 1345 per
902 1293 1147 1334 Matthacum
1170 1291 1385 1331 Mareshal—

415 1358 495 1395 lum
522 1356 571 1393 (lc
596 1356 866 1407 Pappenhcim
896 1357 944 1395 ab
970 1358 1046 1396 An.
1078 1357 1180 1396 4095
1205 1355 1254 1395 ad
1281 1353 1385 1394 4477

414 1421 452 1456 in
492 1425 586 1457 tom.
626 1422 666 1468 l⁷
696 1420 937 1470 scriptorum
978 1420 1138 1458 Frelieri
1176 1419 1224 1458 de
1267 1419 1386 1458 rebus

415 1484 547 1520 Germ.
565 1493 650 1532 pag.
670 1483 744 1521 453
760 1487 800 1520 ct
821 1481 1007 1520 editionis
1033 1494 1159 1521 novae
1180 1494 1266 1532 pag.
1288 1482 1383 1520 675-

417 1546 505 1582 090.
528 1544 634 1582 Idem
651 1544 873 1583 Chronicon
892 1555 941 1582 ex
958 1544 1035 1583 MS.
1053 1544 1381 1583 Nevesliciniensi

411 1609 609 1658 integrum
629 1606 677 1645 ab
701 1607 982 1645 lncarnatione
1002 1607 1157 1645 Domini
1181 1618 1309 1658 usquc
1330 1607 1378 1646 ad

413 1671 487 1708 An.
513 1669 615 1708 4473
641 1670 981 1708 communicatum
1022 1681 1042 1708 a
1081 1671 1220 1720 Magno
1259 1670 1378 1718 Ster‚

415 1731 716 1770 Bibliothecario
764 1731 1102 1769 Ncrcslicimiensi
1164 1733 1383 1783 publicavit

418 1794 643 1832 Bernardus
674 1795 748 1831 roz
786 1794 822 1832 in
857 1798 964 1832 tomo
998 1795 1061 1832 lv.
1101 1795 1386 1835 anecdotorum

417 1861 527 1906 parte
559 1857 592 1893 3.
619 1868 708 1906 pag.
735 1856 811 1894 7539
833 1855 881 1894 ad
908 1856 985 1894 892
1009 1855 1084 1895 sub
1114 1857 1229 1896 titulo
1267 1857 1389 1896 Chro—

420 1919 494 1956 nici
518 1917 864 1956 ELWACENSIS.

467 1980 721 2019 EMERICL'S
733 1980 949 2019 Monachus
969 1980 1063 2019 Ord.
1082 1980 1284 2019 Benedict.
1297 1981 1387 2021 Ele-

421 2043 618 2082 fancensis
666 2044 699 2090 a)
736 2045 822 2080 sive
869 2043 1155 2092 Elwangcnsis
1180 2074 1187 2092 ,
1228 2044 1388 2093 scripsit

420 2106 521 2141 cii-ca
555 2106 627 2142 An.
672 2104 747 2142 870
789 2104 907 2153 jussu
949 2105 1167 2143 Lanthonis
1206 2106 1389 2156 Episcopi

421 2167 645 2212 Aagustani
675 2166 800 2203 Vitam
826 2168 865 2205 S.
886 2166 1203 2216 Maqm'Abbatis
1219 2171 1260 2204 et
1286 2167 1388 2205 Con-

421 2228 607 2270 fossoris,
629 2228 810 2278 discipuli
838 2231 878 2265 S.
903 2229 1015 2266 Galli.
1041 2230 1226 2266 Memoria
1259 2230 1386 2278 Magni

423 2288 543 2338 liujus
582 2289 770 2327 recolitur
800 2290 821 2326 6
853 2289 1076 2340 Septembr.
1118 2289 1213 2327 vido
1247 2289 1387 2328 Arnol-

422 2351 516 2388 duni
540 2351 655 2388 Wion
696 2356 789 2389 tom.
834 2352 856 2389 2
893 2352 984 2402 ligni
1025 2352 1135 2390 Vitae
1171 2363 1255 2402 pag.
1295 2350 1385 2398 ⁶295.

421 2418 460 2450 vt
491 2414 580 2450 290.

474 2474 670 2514 limem)
693 2480 778 2525 post
817 2475 1031 2514 Eclwrtuin
1071 2475 1202 2514 ,abbas
1245 2476 1388 2514 Schoe-

425 2538 654 2587 naugicnsis
669 2537 804 2576 Ordin.
824 2537 1025 2576 Benedict.
1042 2540 1144 2577 circa
1170 2539 1246 2576 An.
1269 2538 1386 2577 4490.

425 2597 520 2647 Ejus
558 2598 733 2648 rhythmi
775 2601 809 2637 in
858 2599 1014 2639 laudeni
1053 2601 1092 2639 S.
1133 2601 1386 2639 Elisabctliae

426 2661 807 2709 Sclioenaugiensis,
846 2662 939 2699 editi
980 2663 1016 2699 in
1053 2662 1163 2700 Actis
1207 2663 1386 2701 Sanctor.

424 2727 519 2760 toni.
545 2725 578 2761 3.
603 2724 707 2761 .lunii
740 2725 798 2762 18.
822 2736 908 2774 pag.
936 2726 1041 2773 6053,
1069 2725 1158 2763 606.
1185 2726 1314 2764 Vitam
1346 2725 1389 2763 il-

428 2786 502 2823 lius
523 2797 642 2834 quam
669 2792 863 2824 memorat
889 2787 1087 2836 Gangius,
1114 2798 1190 2825 non
1223 2787 1317 2835 vidi,
1350 2792 1390 2826 ct

428 2847 530 2895 quod
555 2847 602 2885 dc
641 2848 823 2887 laudibus
857 2849 1110 2888 Elisabethae
1145 2850 1390 2889 Trithemius

429 2921 517 2947 cuin
543 2910 773 2948 Ernichonis
804 2910 924 2960 hujus
950 2912 1202 2951 sermonibus
1218 2923 1391 2951 commc-

432 2977 553 3009 morat
576 3001 583 3017 ,
607 2972 701 3009 nihil
728 2973 893 3012 foi-tasse
925 2975 1158 3025 intelligitur
1196 2986 1216 3013 a
1251 2974 1393 3026 rhyth—

433 3033 505 3069 iiiis
530 3033 604 3071 illis
629 3033 846 3073 diversum.
1186 3070 1189 3071 γ

484 3095 610 3142 ΜΠ),
633 3097 718 3133 sive
742 3097 881 3136 EMMO
905 3127 912 3141 .,
934 3098 1066 3137 Abbas
1091 3099 1246 3149 prlmus
1282 3100 1387 3138 Horti

434 3155 554 3192 lloridi
597 3156 732 3194 Ortlin.
771 3159 1179 3199 Praerncmstratensis
1218 3163 1256 3199 in
1298 3173 1390 3212 agro

440 3215 687 3255 Wcrnnicnsi
728 3222 812 3256 sivi·
847 3222 1134 3262 Wittowerano
1163 3223 1264 3274 apud
1300 3223 1393 3262 Om-

494 3348 508 3366 :i
549 3340 706 3378 (Irirriiplc
734 3342 1081 3380 ΙιἸιψΙυιιιΙῖιιιίηςῐκ.

1164 225 1246 262 131.
1273 222 1620 262 VODUGUS

1323 295 1375 333 27
1442 293 1582 331 landos
1625 295 1794 340 Frisiae,
1829 297 1993 346 scripsit
2024 295 2247 335 Clirom'con
2273 306 2408 335 rerum

1450 365 1522 393 sua
1543 359 1673 394 aetate
1693 361 1897 405 gestarum
1922 359 1971 398 ab
1991 357 2066 397 An.
2094 357 2196 397 4204
2220 357 2269 396 ad
2309 356 2414 397 4237

1450 417 1555 467 quod
1579 416 1702 456 edidit
1725 418 1923 459 Antonius
1949 421 2175 459 Matthaeus
2205 420 2244 458 in
2277 419 2414 458 limine

1451 481 1545 517 tomi
1570 480 1605 518 3.
1628 479 1913 519 Analectorum
1936 481 2094 521 Veteris
2109 482 2197 521 aevi
2218 479 2413 532 Lugdum.

1449 544 1587 581 Batav.
1611 542 1726 590 4699,
1749 543 1785 580 8.
1800 546 1841 581 et
1861 544 2030 583 Carolus
2054 544 2281 584 Ludovicus
2306 543 2416 592 Hugo

1451 603 1584 642 Abbas
1606 605 1872 655 Stivagicnsis
1894 606 1932 643 in
1959 610 2054 644 torn.
2085 608 2100 646 4
2130 635 2139 655 ‚
2164 617 2300 646 sacrae
2334 604 2416 644 An-

1454 667 1650 716 tiquitatis
1666 672 2015 706 monumentorum
2026 668 2313 708 Historicorum
2338 668 2414 706 Do·
2487 683 2489 685 ·

1458 729 1721 779 gmaticorum
1759 733 1800 766 et
1833 729 2212 779 Diplomaticorum‚
2250 729 2416 781 Stivagii

1459 793 1472 829 4
1483 790 1561 830 725
1580 821 1591 838 ‚
1613 789 1679 828 sol.
1703 801 1790 840 pag.
1810 791 1885 828 429
1915 790 2050 830 addita
2079 802 2168 843 pag.
2193 791 2271 833 5010
2293 791 2419 831 conti-

1456 853 1643 892 nuatione
1667 852 1937 901 MENCONIS,
1957 852 2122 892 Abbatis
2141 854 2419 893 Werumensis

1454 916 1559 954 tertii
1584 915 1632 953 ab
1656 914 1730 953 An.
1754 913 1858 954 4237
1875 914 1924 954 ad
1943 915 2046 955 4272
2067 919 2108 953 et
2130 926 2218 966 pag.
2243 917 2417 957 552-556

1454 977 1753 1016 continuatione
1770 977 1885 1016 tertia
1903 976 2132 1018 ANONYMI
2155 977 2204 1017 ab
2220 977 2294 1017 A2n.
2316 978 2419 1018 4276

1454 1039 1502 1078 ad
1520 1038 1636 1079 4297.
1654 1040 1831 1090 Utraque
1846 1040 1966 1078 etiam
1983 1038 2183 1079 Antonius
2197 1039 2420 1079 Matthaeus

1453 1113 1539 1152 pag.
1578 1101 1654 1140 462
1688 1106 1728 1140 ct
1762 1100 1840 1141 275
1861 1101 1956 1140 dicti
1981 1102 2089 1140 tertii
2108 1102 2332 1142 voluminis
2355 1112 2422 1141 su-

1453 1162 1679 1212 bjunxerat.

1508 1227 1652 1265 EMMO
1674 1227 1808 1264 nescio
1827 1225 1931 1265 idem
1955 1236 2048 1265 cum
2070 1227 2274 1277 superiore
2294 1237 2343 1266 an
2365 1225 2422 1265 di—

1459 1299 1629 1336 versuS‚
1654 1288 1772 1338 cujus
1808 1288 2003 1340 scriptum
2023 1287 2071 1327 de
2092 1287 2288 1341 qualitate
2314 1287 2423 1330 Vitae

1459 1349 1624 1402 futurae
1668 1355 1863 1390 memorat
1904 1349 2103 1390 Antonius
2137 1351 2339 1391 Sanderus
2381 1351 2421 1389 in

1461 1413 1699 1451 Bibliotheca
1724 1413 1880 1463 Belgica
1904 1413 2012 1452 MSta
2043 1424 2082 1463 p.
2118 1411 2188 1453 274
2225 1417 2267 1452 et
2302 1411 2421 1463 cujus

1458 1471 1751 1524 Praefatc'onem
1782 1473 1819 1510 in
1859 1470 1982 1511 libros
2014 1475 2097 1512 tres
2114 1483 2171 1512 eae
2188 1471 2324 1524 pratis
2346 1473 2417 1513 SS.

1455 1535 1764 1586 Scrvpturarum
1787 1537 1824 1572 et
1847 1534 2016 1572 Patrum
2038 1534 2242 1574 sententiis
2276 1545 2420 1574 eaecer-

1451 1600 1538 1647 ptos
1568 1597 1614 1635 ad
1660 1597 1949 1645 wilhelmum,
1979 1608 2098 1647 quem
2123 1596 2424 1636 Reverendissi-

1456 1670 1567 1697 mum
1595 1660 1630 1697 in
1658 1660 1822 1699 CHristo
1846 1660 2005 1697 Patrem
2026 1659 2225 1710 appellat,
2245 1670 2295 1698 ex
2314 1658 2424 1698 MSto

1459 1725 1551 1758 ante
1574 1721 1649 1759 500
1667 1732 1794 1760 annos
1811 1725 1973 1760 exarato
1991 1721 2172 1772 vulgavit
2185 1719 2427 1760 Edmundus

1461 1784 1636 1821 Mai-tene
1657 1788 1752 1822 tom.
1782 1785 1814 1822 4.
1840 1783 2137 1822 Anecdotorum
2161 1793 2250 1834 pag.
2269 1781 2358 1821 667.

1514 1845 1767 1885 EMPORIUS
1812 1845 1959 1884 Rhetor
1982 1876 1990 1896 ‚
2014 1846 2082 1895 qui
2120 1845 2279 1884 saeculo
2312 1848 2427 1883 sexto

1461 1917 1610 1958 suppar
1648 1907 1887 1947 Cassiodoro
1910 1907 2072 1946 videtur
2094 1907 2278 1947 floruisse
2298 1936 2306 1957 ‚
2332 1907 2428 1946 scri-

1462 1970 1542 2019 psit
1566 1970 1709 2009 librum
1731 1968 1778 2008 de
1797 1968 2013 2022 Ethopoez'a
2031 1980 2080 2008 ac
2099 1970 2198 2008 Loco
2218 1968 2427 2019 communi,

1463 2042 1535 2069 nec
1556 2043 1631 2069 non
1648 2035 1867 2082 praecepta
1883 2031 2218 2071 demonstrativae
2236 2031 2430 2071 materiae

1463 2095 1501 2129 ec
1517 2091 1563 2130 cle
1576 2093 1703 2144 speeie
1720 2091 1995 2142 deliberativa,
2015 2104 2118 2143 quae
2133 2104 2225 2132 cum
2250 2089 2338 2132 aliis
2361 2105 2430 2133 ve—

1463 2158 1592 2191 terum
1612 2154 1829 2193 Rhetorum
1855 2156 2088 2193 Latinorum
2111 2155 2273 2206 scriptis
2293 2155 2424 2195 lucem

1464 2214 1652 2254 viderunt
1688 2216 1895 2263 Basileae,
1933 2217 2124 2265 Parisiis,
2157 2220 2279 2267 atque
2324 2218 2430 2257 inter

1461 2276 1656 2315 Rhetorcs
1699 2279 1888 2327 antiquos
1926 2278 2088 2316 Latinos
2126 2279 2324 2318 Francisci
2371 2280 2431 2318 Pi—

1464 2339 1582 2387 tlioci⁷
1600 2340 1759 2377 Parisiis
1782 2340 1884 2379 4599
1901 2370 1911 2387 ,
1939 2339 1976 2378 4.
2000 2350 2086 2390 pag.
2113 2339 2202 2388 278,
2224 2340 2315 2379 283.
2334 2341 2431 2380 Vide
2470 2338 2471 2342 ’

1463 2412 1565 2451 quae
1592 2403 1726 2440 notavi
1753 2403 1790 2440 in
1818 2401 2061 2440 Bibliotheca
2086 2402 2225 2440 Latina
2248 2402 2324 2452 IV,
2351 2404 2388 2442 8.
2490 2428 2494 2435 -

1520 2464 1789 2512 EMUNDUS,
1813 2466 1880 2515 qui
1904 2465 2030 2504 vitam
2051 2465 2091 2504 S.
2112 2463 2292 2504 Anselmi
2307 2496 2319 2515 ,
2341 2466 2433 2505 alia-

1463 2537 1541 2575 que
1568 2526 1740 2576 scripsit.
1767 2527 1897 2577 Supra
1920 2538 2010 2577 pag.
2033 2526 2123 2565 484.
2144 2525 2430 2567 EADMERUS.

1515 2589 1760 2628 EMUNDUS
1781 2590 1891 2637 Rex,
1916 2588 2157 2629 EMUNDUS
2183 2590 2354 2636 Divitis,
2382 2590 2434 2630 E-

1463 2651 1670 2690 MUNDUS
1694 2652 1885 2690 Dinterus
1907 2655 1983 2690 etc.
2009 2652 2136 2703 Supra
2157 2652 2432 2693 EDMUNDUS

1465 2725 1553 2764 pag.
1581 2713 1659 2753 495
1683 2745 1689 2762 .
1714 2724 1797 2764 seq.

1519 2777 1616 2816 EM]
1627 2776 1867 2816 HllllADES
1891 2773 1966 2814 sub
1983 2776 2159 2815 Persona
2174 2775 2364 2829 discipuli
2379 2776 2437 2816 in-

1465 2839 1708 2890 torr09a12t1·s
1730 2837 1970 2890 etMciyz'stri
1989 2837 2260 2891 respondentis
2273 2838 2435 2891 scripsit

1466 2902 1670 2953 Dialogum
1697 2901 1745 2940 de
1773 2903 1925 2940 ratione
1945 2901 2147 2949 Musicae⁷
2180 2904 2217 2939 et
2248 2900 2289 2940 in
2309 2902 2436 2941 tribus

1466 2964 1574 3002 libris
1586 2962 1850 3016 multiformes
1866 2963 2043 3002 Musicae
2053 2961 2218 3014 reyulas
2228 2961 2432 3016 eoeplz'cuz't.

1466 3027 1567 3064 llaec
1579 3026 1681 3065 deco
1693 3026 1926 3077 sigebertus
1937 3025 2239 3064 Gemblacensis
2249 3035 2331 3076 cap.
2344 3026 2358 3064 4
2371 3025 2434 3063 09.

1520 3089 1540 3110 ³*
1569 3089 1612 3127 In
1651 3088 1797 3128 Codice
1826 3087 1905 3126 MS.
1934 3085 2118 3125 Biblioth.
2148 3085 2434 3126 Ambrosianae

1467 3155 1578 3188 extat
1607 3150 1847 3201 opusculum
1874 3149 1960 3187 sine
1984 3148 2101 3187 titulo
2124 3147 2173 3187 de
2195 3148 2348 3187 musica
2378 3152 2437 3187 ta-

1468 3223 1559 3248 men
1586 3223 1710 3261 agens
1735 3211 1839 3262 quod
1869 3210 1932 3248 his
1961 3208 2159 3247 clauditur
2187 3209 2346 3248 verbis:
2372 3211 2438 3248 Fz-

1467 3273 1526 3311 m't
1547 3273 1689 3324 reyula
1714 3270 1983 3312 nancta-adis
2007 3273 2048 3309 et
2062 3268 2217 3309 Boethii
2243 3274 2281 3309 et
2306 3273 2437 3312 Domi-

1469 3346 1506 3371 m
1534 3334 1724 3374 (luidonis
1750 3335 1941 3382 (Al-otini).
1968 3333 2151 3372 Proxime
2180 3343 2274 3371 vero
2306 3333 2342 3372 in
2374 3346 2437 3374 eo-
