2500 3841
868 195 1321 236 BREVICOXA

144 264 449 314 Rothomaqense
486 261 562 300 An.
589 263 684 302 1491
717 263 780 301 fol.
820 264 934 303 1587.
959 265 1055 303 Car-

90 326 232 364 dinalis
254 336 277 364 a
313 324 532 371 Borbonio,
569 322 803 375 Rothomagi
842 326 972 374 1594,
1003 327 1052 366 12

88 385 243 425 duobus
258 385 536 424 Voluminibus
549 415 560 433 ,
577 389 618 423 et
635 385 750 423 1626.
768 386 824 423 De
841 397 943 424 novo
958 392 1050 425 ante

16 464 28 472 ·
85 458 233 498 paucos
251 446 451 498 publicato
474 457 619 494 annOS,
634 446 909 497 Bibliotheque
930 450 1051 487 Fran—

85 508 191 558 coise
214 508 260 547 A.
282 507 378 547 1731
409 512 507 545 tom.
530 508 628 557 XV,
653 519 740 558 pag.
767 507 854 548 173.

136 568 368 621 Rupellense
383 570 540 607 Ilenrici
556 568 605 607 de
621 570 741 608 Laval
759 598 767 618 ,
784 570 906 609 Paris.
928 572 1046 622 1686,

82 632 106 670 8
129 634 302 682 quatuor
323 630 407 670 Vol.

134 693 298 745 Sajense
315 723 324 741 ,
347 692 507 731 Parisiis
529 692 632 731 1616
659 693 693 730 4.

133 752 453 802 salmantinum,
479 754 519 790 in
540 754 563 791 8
588 758 708 792 vetus
732 754 862 794 editio.

131 814 441 867 Saltzburyense
460 819 582 855 vetus
605 815 724 854 editio
749 818 786 855 in
812 818 836 857 8
858 823 952 857 ante
975 831 1044 857 an-

77 889 149 918 nos
172 877 383 917 ducentos.

127 937 444 991 Sarz’sburqense
458 941 706 979 Breviarium
722 971 730 990 ,
747 942 834 980 sive
857 942 1041 980 Portifor-

74 1003 189 1051 tium,
207 1003 310 1041 1499
329 1006 369 1040 et
385 1001 552 1040 Londini
568 1003 686 1052 1555,
707 1003 728 1041 4
743 1004 867 1041 Duaci
884 1003 986 1042 1604
1005 1003 1039 1041 4.

125 1065 346 1104 Senonense
365 1064 511 1102 Nicolai
536 1063 591 1102 du
610 1065 713 1114 Puy,
734 1064 941 1110 Canonici,
970 1065 1043 1103 Pa-

71 1127 176 1164 risiis
197 1127 235 1164 in
262 1126 283 1163 4
300 1125 419 1164 editio
441 1129 587 1164 vetus:
605 1129 646 1163 et
666 1125 742 1164 alia
764 1126 803 1162 in
825 1125 861 1162 8.
881 1126 1041 1164 Parisiis

77 1187 205 1237 1528,
241 1187 295 1225 8.⁰
325 1186 481 1225 duobus
503 1182 793 1225 voluminibus.
818 1186 1041 1226 Cardinalis

69 1260 92 1286 a
115 1247 320 1286 Borbonio.
346 1246 516 1286 Senonis
540 1247 644 1286 1558
677 1251 718 1284 et
754 1248 856 1286 1560
892 1249 928 1286 8.
968 1249 1037 1287 Ηί5

68 1313 226 1359 praeter
241 1308 336 1348 illud
358 1308 464 1347 Anni
485 1309 580 1347 1641
612 1309 879 1347 novissimum
903 1320 1037 1348 acces—

68 1372 119 1409 sit
147 1369 193 1410 A.
233 1370 335 1410 1702
373 1369 561 1420 auspiciis
597 1368 895 1420 Archiepiscopi
920 1369 969 1408 de
997 1371 1035 1409 la

66 1434 274 1484 Ilogvette.
291 1432 437 1471 Confer
454 1429 638 1481 ejusdem
658 1431 880 1482 Epistolam
896 1433 1033 1470 Pasto-

63 1495 187 1533 ralem
209 1492 358 1531 editam
381 1492 531 1531 Gallice
553 1490 600 1530 A.
627 1491 743 1532 1718.

115 1557 334 1595 Servorum
355 1554 401 1592 B.
429 1552 603 1604 Virqinis
625 1551 671 1592 A.
696 1554 812 1592 1634.

113 1614 378 1656 Slessvicense
413 1614 461 1653 Α.
497 1615 616 1659 1512.
654 1615 776 1653 Paris.
801 1615 841 1652 in
867 1616 890 1653 8
908 1614 1028 1665 jussu

61 1677 297 1718 Godschalci
320 1677 370 1716 ab
392 1675 589 1715 Ahlet’eld.

111 1740 364 1788 Sossmense,
387 1738 549 1777 Parisiis
574 1738 698 1787 1548,
723 1739 747 1776 8
771 1736 929 1777 duobus
951 1739 1028 1778 Vo-

59 1801 290 1840 luminibus.

110 1862 300 1914 Spirense
323 1861 368 1901 A.
396 1860 500 1902 1478
519 1890 528 1910 ,
552 1860 658 1900 1507
677 1861 915 1900 auctoritate
937 1861 1026 1899 Phi-

57 1925 150 1976 lippi
166 1924 352 1975 Episcopi
373 1924 476 1963 1522
501 1924 538 1961 8.
556 1922 812 1962 directorium
835 1922 1024 1962 horarum

55 1989 131 2025 etc.
154 1989 275 2037 atque
300 1985 402 2025 1590
425 1996 518 2036 pars
536 1985 759 2036 hyemalis,
780 1983 900 2035 jussu
920 1985 1024 2025 Ebe-

60 2047 193 2086 rhardi
213 2048 411 2098 Episcopi.

104 2110 340 2159 Streynense
363 2107 571 2148 laudatum
594 2108 741 2148 illustri
762 2108 959 2147 Benzelio.

103 2169 385 2210 Svessionense
408 2171 583 2215 Parisiis,
600 2171 727 2210 forma
751 2171 1019 2210 minore.Bre-

52 2233 222 2273 viarium
231 2233 457 2272 Monialium
465 2233 544 2272 SM
547 2233 651 2272 ariae
661 2233 964 2272 Svessionensis
980 2233 1017 2271 8.

104 2293 425 2348 Sylvanectense,
441 2296 601 2334 Parisiis
618 2295 734 2344 1521,
751 2296 775 2334 8
803 2295 920 2334 duob.
938 2295 1016 2333 vol.

111 2357 142 2394 T
139 2356 362 2406 oletanum,
386 2368 532 2409 supra,
557 2356 835 2397 mozarabum.

108 2417 365 2470 Tolosanum,
389 2431 468 2470 quo
498 2431 601 2459 usus
636 2419 878 2460 Edmundus
914 2420 1015 2459 Mar-

52 2485 156 2520 tene.

109 2541 352 2580 Tornacense
374 2540 420 2580 A.
451 2541 554 2581 1497
580 2543 615 2580 8.

103 2601 401 2654 TrajectenseA.
415 2603 529 2651 1508,
542 2603 908 2644 45·‡8.Antw.1¹55l
921 2605 992 2654 ,8.⁰

110 2662 358 2704 Trevirensis
379 2665 580 2702 Dioecesis
594 2666 922 2705 Monasteriorum
943 2667 1012 2705 SS.

50 2727 271 2774 Maximini,
286 2725 462 2773 NaboriS,
477 2725 742 2764 Willebrordi.
760 2726 876 2765 Anno
897 2729 1011 2783 1600.

108 2787 286 2827 Tullense
307 2787 354 2826 A.
377 2788 492 2826 1535.

109 2849 331 2889 Turonense
349 2849 427 2888 MS.
455 2860 534 2899 quo
565 2847 807 2889 Edmundus
838 2851 1012 2890 Martcne

50 2923 171 2952 usum
195 2923 238 2950 se
262 2922 352 2950 csse
376 2914 562 2950 testatur.

107 2972 353 3013 Valentinum
368 3003 377 3021 ,
405 2972 527 3024 Lugd.
549 2973 650 3012 1526
675 2974 710 3011 8.

110 3035 340 3083 Viennense,
360 3034 485 3086 Lugd.
504 3035 628 3085 1498,
646 3035 669 3073 8
685 3035 759 3074 fuit
774 3036 811 3072 in
830 3035 1011 3075 Biblioth.

54 3098 278 3137 Baluziana.

107 3157 352 3199 Virdunense
370 3189 380 3210 ,
398 3159 560 3198 Parisiis
585 3159 715 3207 1499,
737 3159 760 3196 8
788 3158 901 3198 1625.

107 3219 316 3272 Upsalense
333 3250 342 3269 ,
362 3221 538 3260 Holmiae
556 3221 658 3260 1496
680 3221 713 3259 4.

112 3281 438 3324 Windesemensis
454 3283 780 3336 Congregationis
797 3284 1010 3325 Canonico-

2012 205 2093 244 257

1130 278 1219 305 rum
1256 268 1512 318 Regularium
1550 269 1588 308 S.
1626 270 1851 321 Augustini.
1883 272 2092 326 Antwerp.

1130 329 1231 367 1519
1259 329 1319 367 fol.

1187 391 1476 430 W'ormace'ense
1500 392 1545 430 A.
1573 393 1689 433 1576.

1181 452 1214 489 Z
1217 451 1482 502 aqabariense
1499 483 1507 502 ,
1527 455 1668 493 Venet.
1695 457 1824 505 1505,
1851 459 1972 507 1584,
1994 461 2030 498 8.

1177 513 1349 553 Joannes
1380 516 1674 555 BREVICOXA
1712 519 1893 569 (Belgico
1931 523 2091 561 nomine

1126 573 1363 623 Corlolzosa,
1387 577 1422 624 (a
1443 577 1584 615 Kurze
1600 579 1720 616 Hose:
1737 580 1885 619 Gallico
1905 582 1941 632 b)
1965 582 2091 622 cour-

1120 635 1305 685 tecuisse)
1336 637 1674 687 Cenomanensis,
1708 641 1852 679 Doctor
1887 642 1934 681 A.
1972 645 2087 684 1388.

1118 696 1377 744 Parisiensis,
1404 701 1445 734 ct
1468 697 1517 734 ab
1550 696 1666 737 Anno
1692 701 1795 738 1407
1823 704 1941 754 Regis
1965 706 2087 744 Fran-

1119 757 1202 795 ciae
1236 758 1366 797 Caroli
1390 758 1440 797 VI
1461 758 1510 796 ad
1543 760 1804 800 Benedictum
1829 766 1920 804 XIII
1950 772 1991 805 et
2014 770 2088 807 Bo—

1119 818 1307 857 nifacium
1330 819 1386 857 IX
1410 818 1459 857 de
1481 830 1577 869 pace
1601 822 1800 872 Legatus,
1825 835 1871 862 ac
1894 832 1986 875 post
2018 829 2088 868 ha-

1116 877 1240 918 bitam
1257 881 1296 917 in
1310 884 1512 919 conventu
1534 882 1748 920 Parisiensi
1771 882 1845 922 An.
1874 886 1976 925 1408
1996 900 2088 928 con—

1115 943 1177 976 tra
1200 940 1405 979 Benedicti
1440 941 1698 982 interdictum
1727 945 2085 1000 Ecclesiasticum,

1117 1011 1282 1049 gravem
1307 1004 1547 1053 orationem,
1571 1006 1690 1055 Regis
1718 1006 2085 1058 Eleemosynarcha

1116 1065 1156 1099 et
1179 1074 1250 1112 per
1272 1075 1399 1103 annos
1427 1066 1578 1116 aliquot
1598 1079 1743 1117 gerens
1766 1070 1877 1108 vices
1895 1071 1954 1108 Jo.
1991 1072 2087 1111 Ger-

1116 1124 1226 1161 sonis
1246 1124 1482 1165 Cancellarii
1497 1159 1508 1176 ,
1530 1127 1704 1179 denique
1724 1130 1770 1169 A.
1791 1132 1893 1171 1420
1918 1144 1993 1184 usq
2008 1146 2017 1183 3
2034 1136 2084 1173 ad

1116 1185 1219 1225 1422
1256 1187 1478 1238 Episcopus
1512 1191 1633 1229 Paris.
1657 1192 1748 1230 inde
1785 1192 2005 1245 Anglorum
2043 1202 2085 1236 et

1111 1246 1442 1298 Burgundionum
1464 1252 1612 1291 invidia
1627 1254 1881 1306 Gebennam,
1901 1259 1988 1296 sive
2008 1258 2083 1297 Ge-

1110 1319 1257 1347 nevam
1281 1312 1526 1362 translatus,
1553 1314 1684 1365 ibique
1706 1328 1785 1354 non
1809 1317 1877 1356 diu
1900 1324 1991 1369 post
2014 1320 2082 1359 de-

1111 1368 1287 1409 functus.
1303 1373 1359 1410 De
1383 1373 1727 1416 lucubrationibus
1748 1377 1836 1428 ejus
1856 1380 2081 1421 audiendus

1107 1430 1309 1483 Launojus
1335 1434 1371 1471 in
1397 1436 1569 1476 Historia
1591 1438 1799 1489 Gymnasii
1827 1441 2017 1481 Navarrei
2040 1455 2077 1494 p.

1105 1492 1182 1531 465
1205 1495 1215 1543 (
1235 1506 1401 1534 recusae
1425 1502 1521 1535 tom:
1546 1499 1597 1537 IV
1616 1502 1819 1550 operum.)

1156 1556 1329 1595 Joannes
1361 1557 1593 1599 Brevz‘cooea
1630 1563 1758 1601 multa
1783 1565 1943 1614 scripsit
1979 1578 2075 1617 opu-

1108 1618 1232 1667 scula,
1250 1630 1353 1668 quae
1375 1620 1552 1660 nondum
1570 1623 1702 1662 lucem
1722 1631 1980 1675 aspexerunt.
1994 1629 2074 1667 Ex-

1103 1683 1213 1717 stant
1236 1682 1382 1729 partim
1408 1683 1446 1719 in
1471 1683 1715 1724 Bibliotheca
1733 1687 1922 1726 Coenobii
1945 1693 2072 1728 sancti

1101 1739 1271 1779 Victoris
1289 1770 1296 1789 ,
1318 1745 1463 1791 partim
1488 1745 1528 1782 in
1552 1746 1797 1787 Bibliotheca
1816 1750 1936 1801 Regia
1954 1781 1962 1800 ,
1983 1763 2071 1802 par—

1102 1801 1174 1838 tim
1199 1802 1239 1839 in
1260 1803 1504 1844 Bibliotheca
1527 1807 1763 1848 Parisiensis
1786 1811 2004 1852 Ecclesiae.

1153 1864 1365 1903 Tractatus
1392 1865 1439 1904 cle
1461 1868 1658 1907 Potestate
1680 1869 1886 1910 Ecclesiae
1909 1877 1949 1911 et
1970 1874 2070 1913 Con-

1098 1922 1185 1962 cilz‘z‘
1200 1929 1312 1963 extat
1336 1927 1375 1964 in
1398 1927 1641 1969 Bibliotheca
1670 1933 1798 1969 sancti
1821 1933 2004 1972 Victoris.
2029 1936 2068 1974 Is

1097 1987 1182 2037 ipse
1202 1991 1290 2037 est,
1315 2000 1437 2038 quem
1460 2002 1510 2028 ex
1531 1991 1597 2029 illo
1621 1992 1763 2031 Codice
1785 1996 1861 2034 tis.
1881 1996 2068 2047 vulgavit

1095 2048 1324 2088 Ludovicus
1343 2051 1468 2090 Ellies
1492 2050 1546 2090 du
1568 2054 1639 2091 Pin
1668 2065 1762 2093 cum
1786 2057 1973 2107 operibus
1999 2059 2066 2096 Jo—

1095 2108 1240 2149 hannis
1262 2111 1453 2152 Gersonis
1489 2117 1584 2152 tom.
1605 2115 1648 2164 I,
1673 2127 1760 2166 pag.
1791 2118 1975 2156 805-904
2007 2120 2067 2157 in-

1092 2173 1334 2224 scripsitque
1359 2176 1589 2215 Tractatum
1612 2175 1658 2216 cle
1673 2178 1708 2215 F
1710 2177 1772 2217 cde
1785 2211 1796 2228 ,
1814 2183 1853 2217 et
1869 2179 2062 2230 Ecclesia,

1094 2235 1270 2273 Romano
1293 2237 1480 2289 Ponte’fice
1504 2242 1540 2277 et
1564 2239 1738 2279 Concilio
1755 2241 1947 2292 yeneralc'.

1145 2297 1295 2338 Gallica
1309 2300 1447 2338 Versio
1461 2300 1548 2340 libri
1568 2302 1617 2340 de
1634 2308 1806 2353 quatuor
1823 2305 2060 2353 Virtutibus,

1049 2374 1052 2375 ⁷
1091 2360 1264 2399 Senecae
1286 2362 1493 2412 attributi,
1530 2367 1642 2403 extat
1664 2365 1701 2402 in
1724 2365 1967 2404 Bibliotheca
1988 2368 2062 2406 Re-

1088 2423 1175 2472 gia,
1199 2434 1320 2473 quam
1342 2422 1460 2462 Anno
1484 2426 1725 2466 MCCCCIII.
1750 2428 1893 2466 Joanni
1913 2430 2058 2468 Bituri-

1087 2485 1269 2523 censium
1293 2486 1392 2524 Duci
1416 2490 1680 2527 consecravit.

1139 2546 1185 2583 In
1205 2545 1345 2584 eadem
1370 2547 1488 2597 Regia
1512 2549 1750 2600 Parisiensi,
1772 2552 1981 2589 Sermones
2010 2551 2057 2590 de

1085 2610 1281 2658 tempore,
1308 2609 1445 2646 Latine
1467 2613 1508 2647 et
1532 2610 1694 2649 Gallice.
1718 2612 1857 2650 Sermo
1898 2613 2053 2661 primus

1085 2666 1134 2706 de
1154 2667 1357 2716 Adventu,
1382 2669 1538 2720 incipit:
1554 2671 1706 2709 Bonum
1722 2671 2051 2722 estpraestolarz.

1085 2729 1145 2768 En
1171 2730 1380 2768 attendant
1404 2731 1440 2769 la
1464 2733 1580 2770 venie
1603 2736 1679 2770 etc.

1141 2791 1250 2837 Quae
1275 2795 1513 2841 sequuntur,
1525 2797 1666 2832 extant
1689 2795 1833 2844 partim
1855 2795 1893 2832 in
1909 2793 2053 2833 Biblio-

1085 2851 1202 2890 theca
1221 2853 1454 2891 Parisiensis
1477 2854 1704 2905 Ecclesiae,
1730 2857 1875 2906 partim
1914 2857 1953 2894 in
1990 2857 2053 2894 Bi—

1084 2913 1278 2952 bliotheca
1303 2916 1430 2953 sancti
1453 2916 1634 2955 Victoris.

1138 2975 1326 3021 Quaestio
1343 2989 1351 3014 :
1380 2977 1520 3015 Utrum
1536 2989 1626 3016 curn
1646 2978 1797 3017 unitate
1817 2979 1975 3018 divinae
1988 2991 2049 3019 es-

1084 3036 1234 3074 sentiae
1257 3040 1333 3075 stet
1341 3036 1562 3089 pluralitas
1576 3051 1848 3091 personarum
1868 3041 1952 3081 sine
1965 3040 2049 3094 for—

1086 3097 1184 3136 mali
1203 3097 1450 3139 distinctione
1466 3098 1486 3138 ‘?

1139 3248 1174 3287 a)
1190 3251 1285 3280 Bzov.
1304 3248 1343 3279 ad
1361 3252 1493 3280 Annum
1515 3249 1596 3281 1408
1614 3259 1707 3283 num.
1729 3251 1755 3283 1.

1141 3297 1177 3338 b)
1197 3298 1319 3331 Oudin.
1338 3302 1420 3330 tom.
1441 3300 1482 3329 ΙΙΙ
1497 3322 1508 3338 ,
1527 3307 1602 3339 pag.
1619 3300 1716 3333 2557.

1660 3370 1708 3406 :33
