2500 3841
852 225 1274 280 'FRANciAE

94 301 335 354 ceburyense
361 301 642 353 Baluzianum,
667 316 754 356 pag.
780 306 857 345 806
883 309 917 347 5.
948 308 1052 347 Ano-

86 365 198 417 nymi
225 364 450 406 Chronicon
483 364 816 418 Wirceburyense
837 367 913 407 An.
946 372 1047 409 4340

86 426 366 479 conscriptum,
388 429 425 464 et
455 437 582 478 usquc
615 427 670 466 acl
704 430 966 469 Laurentium
1001 432 1048 471 de

83 488 212 529 Bibra
249 487 546 537 continuatum,
585 501 636 528 ex
659 491 806 529 Codice
830 493 939 531 MSto
966 504 1048 532 mo-

86 552 251 592 nasterii
273 552 312 590 S.
339 550 533 601 Stephani
563 552 933 603 wirceburgensis,
959 566 1045 605 pag.

85 614 163 654 846
181 643 190 663 ,
211 615 247 652 6.
277 611 522 652 Venerabilis
541 612 671 651 Bedae
702 612 804 652 liber
827 613 873 653 de
891 615 1047 654 ratione

86 680 337 729 temporum,
375 686 466 714 cum
490 673 758 714 Bibliothecae
792 675 1046 716 Cathedralis

89 738 438 790 Wirceburqensis
480 736 625 778 Codice
654 737 847 786 collatus,
879 738 1046 790 adjectis

93 800 197 841 binis
222 800 431 842 Chronicis
453 799 738 839 vetustissimis
753 831 763 848 ,
788 812 876 851 pag.
907 802 984 840 825
1009 800 1046 838 7.

84 863 410 904 Additamentum
437 862 493 901 ad
525 861 657 901 Bedae
689 862 1046 914 Martymloyium,

84 939 134 967 ex
154 926 300 968 Codice
323 925 579 976 Wirceburg.
603 925 739 964 seculo
764 926 816 963 lX
838 956 850 974 ,
871 929 1046 974 exarato,

83 1001 172 1041 pag.
199 990 276 1029 829
306 990 343 1027 8.
375 986 655 1039 Necroloyium
692 987 888 1026 insertum
919 986 1050 1026 Bedae

84 1050 386 1104 Martyrotoyio,
406 1063 455 1090 ex
478 1050 625 1090 Codice
647 1050 898 1101 Wirceburg.
925 1051 1047 1090 seculi

84 1116 154 1159 IX.
178 1126 266 1166 pag.
299 1114 376 1153 830
416 1114 453 1152 9.
483 1114 686 1164 Excerpta
712 1125 768 1152 eac
808 1111 1049 1152 Calendario

86 1175 269 1218 Missalis
312 1174 583 1226 Frisinyensis
624 1174 893 1214 vetustissimo
916 1204 924 1223 ,
961 1187 1047 1226 pag.

85 1240 163 1279 834
191 1240 252 1278 40.
277 1236 497 1286 Euchardi,
524 1236 713 1289 Episcopi
740 1235 1047 1288 Wirceburyen·

84 1301 155 1352 sis,
173 1300 313 1342 Codeoe
331 1298 616 1349 Homiliarum,
633 1311 684 1338 ex
701 1299 946 1338 Bibliotheca
956 1300 1048 1339 Cat-

85 1363 237 1403 hedrali
259 1362 588 1413 wirceburgensi
610 1366 847 1412 excerthS,
864 1363 928 1401 cui
950 1374 1048 1401 non-

84 1427 194 1466 nulla
229 1437 280 1465 ex
319 1425 454 1473 MSto,
484 1436 575 1463 aere
604 1425 755 1464 caelata
781 1426 1045 1474 inseruntur,

83 1500 174 1540 pag.
198 1486 275 1528 837
293 1489 355 1528 44.
379 1485 545 1526 Glossae
565 1490 721 1527 veteres
746 1485 883 1538 linqua
901 1485 1047 1526 Hiber-

82 1551 199 1600 nica,
244 1550 437 1601 Epistolis
471 1551 518 1588 D.
557 1548 679 1588 Pauli
703 1549 956 1601 adscriptae,
995 1562 1045 1589 ex

81 1613 228 1654 Codice
250 1613 382 1653 Seculi
404 1611 474 1651 lx.
494 1612 842 1663 wirceburgensi,
861 1624 948 1664 pag.
968 1612 1045 1650 847

85 1678 149 1717 12.
163 1675 415 1716 Glossarium
431 1673 888 1724 Romano-Theotiscum,
905 1687 955 1714 ex
973 1676 1046 1715 Co-

85 1740 172 1779 dice
196 1739 320 1778 seculi
341 1740 474 1778 octavi
494 1768 502 1787 ,
528 1739 566 1776 in
591 1737 781 1777 Fuldensi
814 1737 1016 1788 quondam
1036 1767 1044 1785 ,

84 1813 193 1842 nunc
216 1801 462 1840 Bibliotheca
503 1800 881 1839 Hasso-Cassellana
916 1811 1046 1838 asser-

83 1868 178 1903 vato
195 1895 207 1914 ,
228 1865 293 1903 cui
309 1863 489 1902 eruditas
514 1861 724 1912 subjunxit
749 1866 865 1900 notas
885 1861 1014 1899 editor
1032 1893 1042 1910 ,

84 1937 172 1977 pag.
189 1926 280 1964 853.
298 1926 360 1965 43.
385 1923 671 1975 Fraymentu‘m
689 1921 854 1975 fabulae
877 1925 1046 1963 Roman-

85 1987 198 2036 ticae,
215 1986 424 2027 Saoeonz'ca
440 1985 629 2034 Dialect0,
647 1985 788 2025 Seculo
805 1989 941 2025 octavo
958 1998 1046 2025 con-

85 2050 286 2103 scriptae„
305 2062 356 2089 ex
377 2049 523 2089 Codice
540 2050 932 2098 Hasso-Cassellano,
953 2061 1046 2088 cum

82 2113 416 2163 interpretatione
440 2110 609 2150 editoris
632 2115 672 2149 et
695 2112 800 2149 notis
819 2111 1048 2162 praeclaris,

79 2186 118 2226 p.
149 2176 225 2213 864
250 2175 313 2215 44.
333 2175 369 2213 J.
409 2173 454 2212 G.
488 2172 668 2211 Eccarcli
713 2172 1050 2212 Commentatiun-

78 2235 171 2276 cula
192 2236 240 2276 de
267 2235 470 2288 Anonymo
492 2237 738 2283 Ravennate,
775 2234 942 2286 ejusque
975 2245 1042 2272 ae-

81 2301 188 2348 tate,
213 2299 364 2350 quippe
393 2310 515 2349 quem
540 2302 660 2349 gente
684 2297 875 2345 Gothum,
900 2308 946 2336 ac
978 2298 1049 2336 Se-

82 2362 172 2401 culo
197 2362 279 2409 VII,
303 2361 469 2411 vixisse,
494 2365 534 2400 et
556 2360 640 2412 Jam
665 2363 758 2399 ante
782 2358 945 2398 Annum
970 2359 1048 2397 647

81 2436 155 2464 sua
179 2424 472 2476 conscripsisse
494 2454 502 2474 ,
527 2423 683 2462 evincit
704 2451 712 2470 ,
748 2433 835 2472 pag.
869 2422 946 2460 902
984 2422 1045 2460 45.

85 2485 171 2525 Vita
198 2486 240 2525 S.
265 2484 545 2537 Chrodeyanyi
566 2516 575 2536 ,
609 2483 799 2536 Episcopi
827 2482 1014 2522 Metensis
1033 2513 1044 2531 ,

80 2560 132 2587 ex
155 2547 300 2589 Codice
325 2547 458 2586 Seculi
487 2548 577 2586 XII.
600 2546 928 2596 Guelferbytano,
956 2557 1044 2596 pag.

82 2611 161 2650 912
189 2611 251 2650 16.
278 2609 443 2659 Ottonis,
467 2608 591 2648 Ducis
610 2606 933 2656 Brunsvicensis,
958 2607 1048 2645 Pri-

83 2670 287 2723 vileyium,
302 2683 382 2722 quo
408 2673 428 2710 J
435 2682 483 2711 us
499 2673 743 2711 Francorum
763 2671 915 2708 civitati
936 2671 1047 2708 Mun-

84 2733 220 2783 densi,
250 2733 525 2773 confirmatur.
547 2745 635 2784 pag.
662 2733 751 2771 936.

137 2798 259 2835 Tomo
282 2796 494 2847 posteriori
518 2809 525 2834 ε
554 2798 589 2835 1.
628 2793 856 2847 Diplomata
899 2793 1047 2832 ll'irce-

86 2856 323 2910 burqensia,
354 2858 421 2897 ubi
445 2856 693 2906 Schannati,
728 2855 938 2895 Fuldensis
978 2856 1043 2893 Hi-

82 2920 359 2972 storiographi,
385 2931 542 2959 errores
567 2921 646 2958 acri
667 2919 748 2958 sale
768 2918 1046 2969 perstringun—

82 2988 160 3021 tur.
195 2994 282 3034 pag.
316 2984 394 3021 863
419 2983 495 3021 870
523 2984 559 3020 2.
598 2981 802 3033 Specimen
838 2979 1045 3018 Brevzarii

3 3053 6 3059 ¹
84 3056 226 3083 rerum
245 3043 469 3083 Fiscalium
497 3043 640 3085 Caroli
667 3042 825 3093 Mayni,
852 3053 930 3080 una
950 3054 1042 3081 cum

9 3121 14 3124 ·
84 3104 317 3157 Capitulari
334 3105 380 3144 cle
399 3105 506 3145 villis
523 3118 573 3145 ex
595 3106 738 3144 Codice
752 3104 1043 3142 llclmstadicn-

28 3223 32 3226 .
84 3170 130 3218 si,
149 3180 239 3219 pag.
264 3169 341 3208 902
362 3170 398 3207 3.
422 3167 597 3206 Annales
620 3166 760 3205 breves
778 3164 1039 3210 Colonienses,

82 3244 131 3271 ex
152 3233 260 3271 MSto
284 3231 529 3270 Bibliotheae
554 3233 716 3279 Meti-op.
737 3229 934 3276 Coloniae,
951 3239 1036 3278 pag.

84 3294 161 3333 917
188 3295 222 3332 4.
241 3291 457 3342 Cataloqus
478 3290 677 3330 Abbatum
704 3289 1036 3330 Werthinensium

1999 245 2076 285 589

1120 312 1188 350 XI.
1211 311 1486 351 Werthinensi
1508 343 1514 361 ,
1539 324 1628 364 pag.
1653 314 1729 353 948
1770 315 1805 353 5.
1845 314 2080 354 Eoeorcismi

1123 379 1161 412 et
1182 374 1438 413 Ceremoniae
1460 375 1500 413 in
1522 374 1692 415 Juch'ciis
1712 376 1809 414 DEI
1826 408 1834 423 ,
1859 389 1906 416 ex
1932 378 2077 417 Codice

1121 436 1396 475 Werthinensi
1436 438 1566 476 Seculi
1592 439 1660 476 XI.
1683 450 1770 488 pag.
1794 439 1871 477 949
1896 440 1933 478 6.
1963 440 2077 479 Cate-

1121 496 1248 537 chesis
1276 498 1502 546 Theotisca,
1527 511 1577 538 ex
1612 499 1755 538 Codice
1780 500 2046 540 Bibliothecae
2069 532 2075 538 .

1122 571 1208 610 pag.
1232 562 1308 599 923
1334 561 1369 599 7.
1394 560 1594 614 Confessio
1624 561 1834 610 Theotisca,
1857 574 1907 601 ex
1931 563 2077 602 Codice

1121 620 1389 661 Bibliothecae
1428 623 1678 662 Cathedralis
1702 624 2075 676 wirceburgensis,

1120 684 1295 733 pag.930
1315 684 1351 721 8.
1368 683 1639 723 Homiliarum
1664 686 1694 723 T
1693 685 1959 726 heotiscarum
1976 689 2008 726 F
2010 700 2078 726 ra-

1117 748 1304 793 9menta,
1333 756 1381 783 ex
1408 745 1553 784 Codice
1578 747 1796 793 Caesareo,
1823 760 1907 799 pag.
1933 750 2002 789 941
2040 752 2075 787 9.

1121 805 1272 856 Hymni
1290 806 1508 856 Francici,
1533 819 1580 845 ex
1605 808 1746 847 Codice
1780 811 1949 849 Juniano
1974 813 2079 852 Oxo-

1123 868 1253 905 niensi
1276 897 1284 916 ,
1307 879 1394 919 pag.
1418 867 1495 906 948
1522 869 1583 907 40.
1607 868 1767 909 Rabani
1794 872 1932 910 Mauri
1967 873 2077 913 Glos-

1122 929 1280 968 sarium
1315 929 1356 968 in
1383 931 1499 970 Vetus
1532 934 1570 969 et
1586 931 1740 969 Novum
1766 933 2075 982 Testamentum,

1123 1002 1173 1028 ex
1190 991 1285 1030 Cod.
1304 991 1732 1042 Biblioth.Caesareae,
1744 1006 1780 1044 p.
1798 995 1874 1033 950
1898 996 2079 1036 44.Glos-

1123 1063 1194 1091 sae
1218 1053 1440 1093 Theotiscae
1462 1084 1470 1102 ,
1491 1066 1541 1093 ex
1580 1055 1793 1094 Codicibus
1817 1057 2079 1097 Bibliothecae.

1124 1116 1374 1155 Cathedralis
1401 1117 1749 1168 Wirceburgensis
1766 1150 1777 1167 ,
1803 1130 1888 1169 pag.
1915 1119 1993 1158 977
2018 1121 2080 1158 12.

1125 1177 1288 1217 Glossae
1310 1178 1590 1229 Florentinae,
1616 1192 1665 1217 ex
1690 1181 1931 1220 Bibliotheca
1950 1183 2078 1232 Magni

1124 1242 1270 1290 Ducis,
1296 1253 1381 1293 pag.
1408 1243 1502 1280 984.
1527 1241 1776 1281 Glossarium
1800 1243 2081 1282 Latino-Theo-

1123 1304 1288 1355 tiscum,
1319 1316 1368 1343 ex
1406 1304 1553 1344 Codice
1591 1305 1858 1345 Bibliothecae
1887 1306 2081 1345 Hambur-

1121 1368 1256 1418 gensis
1281 1368 1367 1406 Sec.
1392 1369 1441 1406 X.
1467 1379 1543 1419 pag
1568 1368 1639 1406 981
1671 1369 1733 1407 14.
1763 1366 1927 1406 Glossae
1965 1367 2080 1406 Theo»

1123 1430 1256 1478 tiscae,
1275 1431 1312 1468 in
1335 1430 1465 1469 Beclae
1483 1435 1614 1469 artem
1636 1433 1855 1479 metricam,
1871 1443 1917 1469 ex
1936 1431 2079 1470 Codice

1123 1492 1349 1532 Goldastino
1373 1493 1640 1532 Bibliothecae
1670 1495 1901 1532 Bromensis
1925 1495 2011 1533 Sec.
2028 1495 2078 1532 X.

1119 1567 1206 1606 pag.
1234 1554 1336 1595 1002
1362 1556 1422 1594 45.
1450 1554 1612 1594 Glossae
1636 1555 1855 1594 Theotiscae
1874 1588 1884 1604 ,
1922 1568 1971 1595 ex
2001 1556 2080 1595 Eb-

1121 1618 1283 1656 neriano
1297 1617 1498 1656 Prudentii
1511 1617 1657 1657 Codice
1675 1619 1764 1657 Sec.
1781 1620 1848 1657 ΧΙ.
1868 1619 2078 1669 pag.4003.

1176 1679 1289 1718 Petri
1310 1680 1511 1719 PITHOEI
1543 1681 1760 1720 Annalium
1793 1686 1833 1719 et
1868 1683 2079 1720 Historico-

1121 1753 1210 1780 rum
1232 1739 1541 1781 FRANCORUM
1566 1743 1615 1781 ab
1642 1742 1718 1781 An.
1745 1744 1900 1782 CHristi
1925 1743 2001 1782 708
2031 1743 2079 1781 ad

1120 1803 1282 1842 Annum
1310 1804 1401 1841 990.
1425 1804 1654 1855 Scriptores
1678 1807 1881 1845 coaetanei
1900 1807 1986 1845 XII.
2011 1808 2081 1845 Pa-

1120 1866 1225 1903 risiis
1267 1866 1396 1912 4588,
1421 1871 1461 1905 et
1496 1868 1743 1906 Francofurti
1768 1870 1875 1918 typis
1900 1868 2078 1907 Wechel.

1120 1928 1249 1976 4594,
1275 1928 1310 1964 8.
1336 1929 1427 1966 Post
1452 1929 1714 1979 praemissam
1745 1941 1794 1967 ex
1819 1931 1981 1979 antiquo
2007 1930 2061 1968 Co

1119 1989 1206 2027 dice
1258 1991 1373 2040 Legis
1415 1990 1565 2029 Salicae
1591 2020 1598 2039 ,
1639 1989 1798 2030 brevem
1839 1990 2076 2030 notationem

1123 2050 1363 2090 Chronicam
1387 2053 1435 2090 ab
1459 2052 1534 2092 An.
1560 2053 1635 2092 697
1660 2054 1708 2092 ad
1735 2054 1811 2093 743
1837 2055 1873 2091 in
1899 2053 1973 2092 hoc
2010 2065 2079 2092 vo-

1122 2113 1273 2152 lumine
1295 2115 1578 2154 continentur:

1176 2176 1204 2213 I.
1235 2175 1412 2214 Annales
1437 2176 1741 2217 FRANCORUM
1765 2178 1814 2216 ab
1838 2188 1941 2216 anno
1959 2178 2085 2216 incar-

1124 2239 1299 2276 nationis
1348 2240 1504 2277 Domini
1552 2241 1743 2280 DCCXIV
1770 2270 1777 2288 ,
1830 2240 1878 2279 ad
1934 2251 2083 2278 annum

1121 2300 1474 2339 DCCCLXXXIII.
1513 2303 1772 2352 Maguntiae,
1809 2307 1855 2341 ut
1893 2301 2083 2344 videtur.

1122 2361 1198 2400 sub
1221 2361 1370 2401 ditione
1391 2363 1565 2402 Lotharii
1589 2369 1629 2402 et
1659 2364 1848 2403 Ludovici
1871 2365 1937 2403 filii
1956 2395 1964 2413 ,
1989 2365 2084 2402 scri-

1121 2425 1178 2474 pti
1208 2425 1459 2475 temporibus
1490 2426 1668 2464 Rhabani
1699 2428 1840 2474 Mauri,
1880 2426 2084 2475 Archiepi-

1122 2486 1256 2535 scopi,
1292 2497 1379 2536 pag.
1409 2487 1442 2526 4.

1174 2548 1220 2584 II.
1246 2545 1478 2585 Frodoardi
1513 2549 1738 2599 Presbyteri
1773 2550 1976 2588 Ecclesiae
2009 2553 2083 2590 Re-

1120 2609 1272 2646 mensis
1297 2608 1501 2658 Annales,
1544 2612 1630 2648 sive
1675 2610 1896 2650 Chronicon
1936 2615 2080 2651 aetatis

1121 2681 1216 2709 suae
1239 2700 1247 2718 ,
1284 2672 1305 2708 i.
1331 2671 1379 2709 ab
1405 2682 1509 2710 anno
1535 2673 1688 2711 CHristi
1713 2674 2003 2722 DCCCCXIX,
2029 2676 2077 2714 ad

1120 2744 1270 2771 annum
1296 2733 1698 2782 DCCCCLXVI,cum
1719 2735 1937 2785 appendice
1957 2748 2079 2776 anno-

1120 2806 1207 2833 rum
1234 2795 1414 2844 aliquot,
1445 2807 1532 2846 pag.
1566 2797 1654 2835 109.

1173 2858 1239 2895 ΙΙΙ.
1266 2858 1521 2896 Continuatio
1542 2858 1590 2896 ab
1614 2858 1687 2897 An.
1715 2859 2075 2905 DCCCCLXXVll,

1119 2918 1167 2957 ad
1193 2930 1344 2958 annum
1367 2921 1602 2960 DCCCCXC
1625 2950 1632 2968 ,
1658 2932 1707 2959 ex
1733 2921 1941 2959 Chronicis
1982 2922 2077 2961 wil-

1119 2979 1240 3019 helmi
1260 2982 1438 3033 Nanqii,
1467 2983 1645 3021 Monachi
1671 2984 1710 3021 S.
1745 2984 1949 3032 Dionysii,
1979 2989 2075 3024 tunc

1118 3043 1296 3082 nondum
1324 3044 1442 3082 editis
1461 3074 1468 3087 ,
1486 3055 1572 3094 pag.
1598 3044 1689 3083 ⁶207.

1172 3105 1233 3141 lV.
1262 3104 1476 3151 odoranni,
1503 3106 1679 3144 Monachi
1707 3107 1746 3144 S.
1768 3108 1870 3144 Petri
1894 3108 1981 3144 vivi
2006 3109 2076 3146 Se-

1117 3168 1308 3204 nonensis
1327 3196 1335 3209 ,
1361 3167 1582 3205 Chronicon
1600 3198 1610 3215 ,
1633 3167 1736 3216 quod
1761 3168 1823 3205 ille
1845 3167 1926 3217 jam
1959 3179 2072 3207 sexa-

1114 3230 1301 3278 genarius
1332 3228 1489 3277 collegit
1515 3227 1587 3266 An.
1615 3230 1767 3267 MXLV.
1791 3242 1877 3280 pag.
1903 3230 1994 3269 214.

1167 3291 1209 3327 V.
1235 3291 1514 3339 Fragmentum
1533 3291 1669 3328 Gallici
1689 3293 1892 3342 scriptoris
1909 3304 1957 3331 cx
1971 3294 2072 3333 Con-

83 3359 121 3394 et
143 3355 429 3406 Episcoporum
471 3352 601 3392 Gelon.
641 3365 689 3392 ex
727 3352 872 3391 Codice
905 3352 1034 3390 seculi
1111 3351 1208 3389 rarle
1234 3352 1409 3399 abbate,
1436 3351 1482 3389 ad
1505 3364 1566 3390 an.
1597 3354 1884 3393 DCCCCXXH.
1917 3367 1952 3405 p.
1980 3356 2068 3393 216.
