2500 3841
954 229 1187 269 DAVID

79 310 208 347 l'itseo
232 318 316 357 pag.
346 305 435 343 832.
467 300 738 351 elul-burins,
765 302 920 352 Alegrio
946 314 1030 354 pag.

79 370 168 410 332.
191 365 459 414 Kz’rburrius,
482 364 695 404 Carmelita
719 369 759 403 et
785 366 822 402 in
849 366 1033 405 Hibernia

76 433 296 483 Episcopus
332 429 635 476 Dromorensi5‚
678 427 892 467 defunctus
930 430 1033 467 circa

78 495 240 533 Annum
269 492 370 532 4420

129 555 284 595 DAVID
303 553 349 593 de
374 553 569 603 Dinanto,
591 554 658 604 qui
689 555 835 593 citatur
859 556 897 592 in
924 565 1033 593 sum-

78 630 142 658 ma
157 618 308 658 Alberti
319 618 447 667 Magni
465 621 527 655 est
548 621 668 655 notus
692 617 756 655 ille
773 615 1031 664 ALMARICI‚

78 682 164 720 sive
186 678 425 719 AMALRICI
445 708 452 725 ,
476 678 732 718 Carnotense's
755 709 763 728 ,
787 678 1032 729 discipuluS,

77 743 126 782 de
149 741 266 793 cujus
293 740 493 780 erroribus
509 742 720 781 Caesarius
736 742 1036 780 Heisterbaeen-

79 806 136 843 sis
158 806 204 844 V.
228 804 376 855 Dialog.
401 815 434 842 c.
475 805 526 843 22
561 802 683 853 hujus
716 803 835 842 libros
875 806 1033 844 Davidis

77 868 288 908 damnatos
311 871 352 906 et
381 871 548 906 exustos
585 871 778 906 testatus:
813 868 1034 907 Concilium

76 931 299 969 I'arisiense
327 928 403 968 An.
439 931 554 969 4209.
589 929 830 969 Edmundus
858 931 1034 968 Martene

81 996 177 1030 tom.
202 992 264 1030 IV.
290 991 585 1031 Anecdotorum
611 1003 695 1042 pag.
724 993 798 1031 463
821 1023 829 1041 ,
855 993 944 1030 166.
971 994 1034 1030 Bi-

81 1053 275 1093 bliotheca
299 1055 460 1092 Patrum
484 1053 577 1092 edit.
604 1053 724 1105 Lugd.
751 1059 844 1092 10111.
870 1055 919 1092 26
943 1065 1029 1105 pag.

86 1117 163 1154 488
178 1147 188 1167 ,
217 1117 258 1154 F.
281 1116 501 1155 Concilium
526 1117 793 1154 Lateranense
816 1115 890 1154 An.
915 1117 1030 1155 4245.

76 1177 273 1229 Rigordus
296 1178 345 1216 ad
368 1177 530 1217 Annum
562 1178 664 1217 4209
688 1189 772 1229 pag.
795 1179 872 1217 208
902 1179 938 1216 111
963 1180 1031 1217 Ρ6-

78 1241 129 1279 tri
153 1239 304 1279 Pithoei
327 1240 511 1279 undecim
536 1240 818 1291 scriptoribus:
845 1241 883 1279 S.
908 1241 1031 1279 Anto-

80 1303 202 1341 ninus
234 1306 330 1341 tom.
361 1303 398 1341 3.
422 1302 706 1342 Chronicorum
728 1314 813 1353 pag.
837 1303 887 1340 94
911 1314 1031 1354 supra

76 1367 117 1404 in
154 1363 412 1404 ALMARICO
445 1368 539 1403 tom.
581 1366 614 1404 4.
640 1376 726 1415 pag.
761 1364 823 1403 67.
859 1366 1030 1405 Bulaeus

80 1432 176 1466 tom.
210 1429 234 1466 3
278 1427 464 1465 historiae
501 1426 761 1466 Accademiae
799 1429 1030 1467 Parisiensis

78 1501 168 1542 pag.
193 1490 256 1539 24,
281 1501 364 1540 seq.
390 1494 431 1528 et
455 1490 517 1528 48.
540 1489 778 1540 Spondanus
801 1490 851 1529 ad
867 1491 1028 1530 Annum

79 1553 182 1593 4204
208 1564 319 1592 num.
357 1551 426 1601 47,
456 1563 538 1603 seq.
572 1554 745 1592 Bzovius
781 1553 830 1592 ad
866 1553 1029 1593 Annum

78 1617 180 1656 4209
205 1627 245 1654 11.
270 1615 319 1654 XI
335 1643 345 1659 ‚
368 1619 443 1654 etc.

126 1678 281 1718 DAVID
315 1677 566 1730 Morqanius,
592 1679 708 1718 Baleo
727 1679 842 1727 V111,
869 1680 930 1719 45.
954 1681 1029 1719 Da-

75 1741 143 1780 vid
163 1741 449 1790 Landavensis⁷
475 1742 568 1792 quia
590 1741 792 1780 Ecclesiae
814 1743 1027 1793 Episcopa-

72 1803 122 1842 lis
144 1803 429 1852 Landavensis,
447 1805 532 1842 sive
552 1807 596 1841 ut
612 1803 811 1842 Lelandus
832 1815 917 1855 cap.
939 1804 1028 1843 573.

75 1866 406 1914 Lannotavanae,
447 1867 486 1903 in
523 1863 705 1904 Cambria
738 1865 1027 1905 Thesaurarius

75 1928 149 1967 suit
171 1929 276 1967 circa
300 1927 463 1967 Annum
488 1928 602 1966 4480.
624 1928 791 1978 Scripsit
806 1926 1028 1980 Antiquita-

78 1994 135 2029 tes
160 1988 375 2030 Cambrz'ae
398 1994 438 2029 et
467 1989 774 2040 descriptionem
798 1989 911 2042 ejus,
942 1992 1026 2030 sive

75 2052 394 2104 Geoyraphiam,
433 2058 477 2091 ut
512 2064 560 2091 ex
599 2051 738 2091 eodem
764 2053 880 2091 Baleo
917 2065 1029 2104 repe-

71 2114 343 2154 tuntVossius
365 2126 453 2165 pag.
480 2115 556 2153 636
581 2118 622 2152 61
646 2115 803 2153 Pitseus
823 2126 910 2165 pag.
937 2116 1025 2153 669.

125 2176 280 2217 DAVID
307 2175 544 2228 Obuqaem,
576 2176 805 2225 Hibernas,
839 2178 1027 2218 Carmeli-

72 2244 205 2279 tarum
228 2240 486 2279 Provincialis
513 2241 616 2279 circa
646 2238 808 2278 Annum
848 2240 949 2279 4320
978 2239 1027 2278 de

73 2313 152 2354 quo
174 2302 289 2353 plura
318 2302 423 2341 idem
446 2303 591 2342 Baleus
611 2303 713 2351 XIV,
737 2303 800 2341 92.
825 2303 1028 2354 Theologi—

71 2377 134 2403 am
177 2364 312 2404 docuit
347 2366 523 2405 Oxoniae
561 2366 734 2416 primum
754 2394 762 2412 ,
806 2364 949 2403 deinde
988 2366 1026 2403 in

71 2427 284 2466 Germania
305 2428 513 2476 Treveris,
538 2429 577 2465 in
601 2428 729 2478 patria
747 2427 930 2466 Hibernia
960 2427 1028 2465 dc—

74 2488 193 2538 nique
211 2516 220 2533 ,
244 2487 311 2526 ubi
335 2489 373 2526 in
404 2489 599 2528 Coenobio
634 2489 884 2539 Kyldariensi
921 2488 1025 2528 diem

71 2549 166 2588 obiit
189 2560 435 2600 supremum.
462 2551 615 2601 Scripta
639 2551 727 2601 ejus
742 2552 859 2590 Baleo
878 2563 1027 2590 memo-

74 2616 159 2651 rata
190 2641 197 2659 ‚
239 2613 449 2651 Sermones
494 2611 548 2650 ad
590 2611 751 2652 Clarum
779 2644 788 2660 ,
827 2612 1027 2664 Ερίείοἰαε

75 2674 227 2714 XXXII.
246 2673 300 2713 ad
321 2673 514 2713 diversos.
545 2674 835 2726 Propositiones
851 2675 1027 2726 (lisputa-

73 2742 147 2776 tae.
171 2736 370 2776 Lectiones
387 2735 664 2788 {Trevirenses
701 2736 873 2788 Reyulae
907 2749 1028 2789 quae-

73 2799 166 2839 dam
180 2798 307 2847 Jurz‘s,
332 2802 373 2837 et
397 2799 590 2849 scriptum
612 2801 752 2837 contra
774 2798 1027 2838 Gerlzardwn

71 2861 352 2901 Bononiensem
376 2892 387 2910 ,
433 2860 670 2899 Generalem
721 2862 1025 2901 Carmelitarum

75 2927 261 2973 Priorem,
290 2924 358 2974 qui
387 2923 624 2962 Carmelitas
648 2925 686 2960 in
710 2922 851 2974 Anglia
872 2923 1027 2964 duabus

74 2987 288 3038 provinciis
310 2985 501 3036 distingui
530 2985 714 3033 volebat,
753 2996 912 3024 omnem
948 2987 1027 3026 Eu-

26 3074 30 3081 ·
75 3059 211 3100 ropam
225 3048 260 3097 a)
284 3047 560 3099 descripturus
581 3059 651 3098 per
673 3049 901 3086 Provincias
924 3049 991 3087 XI.

127 3111 283 3151 DAVID
303 3111 318 3148 I
340 3140 348 3159 ,
372 3110 420 3149 ab
441 3109 515 3149 An.
541 3111 643 3149 4444-
668 3109 716 3148 ad
745 3110 846 3148 4443
880 3114 919 3147 ct
944 3110 1027 3149 DA-

75 3174 160 3212 VlD
180 3174 213 3211 11
233 3203 240 3221 ,
264 3173 312 3211 ab
343 3172 420 3212 An.
446 3173 547 3212 4329
572 3171 619 3211 ad
647 3172 761 3212 4370.
786 3173 912 3222 Reges
935 3173 1026 3211 Sco-

78 3235 153 3275 tiae
171 3267 182 3284 ,
206 3247 376 3287 quorum
398 3237 522 3286 Leges
544 3235 681 3274 obviae
702 3239 797 3274 sunt
823 3236 858 3272 in
881 3235 1025 3273 Johan-

1986 234 2063 273 &323

1110 304 1171 341 nis
1196 303 1362 342 Skenaei
1394 305 1546 354 legibus
1571 305 1775 344 veteribus
1800 306 1989 353 Scoticis‚
2017 306 2066 344 de

1109 377 1186 415 quo
1211 366 1307 405 libro
1331 366 1483 405 dictum
1505 372 1600 405 tom.
1622 369 1656 406 4.
1683 379 1719 418 p.
1747 368 1821 407 402
1846 367 1951 406 edito
1980 368 2062 406 An-

1108 428 1206 479 glice
1241 430 1412 480 primum
1456 430 1675 481 Edinburgi
1714 431 1815 469 4609
1854 435 1895 469 et
1929 432 2065 469 Latine

1108 491 1273 530 Londini
1300 492 1425 541 4643,
1457 493 1519 532 fol.
1541 494 1676 531 confer
1695 524 1705 542 ,
1732 495 1764 531 si
1787 493 1918 544 placet
1937 525 1944 542 ,
1967 492 2064 531 Wil-

1107 553 1227 593 helmi
1267 555 1460 594 Nicolsoni
1499 555 1780 595 Bibliothecarn
1816 557 2055 607 scriptorum

1108 618 1262 655 Scotiae
1279 628 1364 668 pag.
1389 618 1478 665 256,
1503 629 1585 667 seq.
1613 623 1653 656 et
1673 629 1775 668 quae
1803 619 1901 657 infra
1923 620 1959 656 in
1979 619 2063 657 ΒΑ-

1111 679 1308 718 ·NULPHO
1330 678 1377 717 de
1399 677 1608 717 Glanvz'lla.

1164 740 1318 780 DAVID
1341 742 1506 789 smus,
1531 752 1651 790 quem
1678 743 1728 780 W
1733 744 1914 794 irciburgi
1948 744 2061 782 scho-

1110 804 1169 842 las
1190 807 1394 854 regentem
1411 804 1605 842 Henricus
1621 803 1665 841 V.
1687 804 1970 854 Cappellanum
1988 807 2059 845 sibi

1108 866 1329 913 assumsit,
1365 865 1588 916 Episcopus
1627 865 1718 904 inde
1742 868 2059 914 Bancornensis‚

1109 928 1195 966 sive
1219 928 1507 977 Bangorensis‚
1532 926 1581 965 de
1606 939 1684 978 quo
1709 927 1853 967 Baleus
1873 931 1985 979 XIV,
2012 932 2060 970 47

1101 994 1142 1027 61
1164 989 1357 1039 Georgius
1394 988 1619 1028 Mackenzie
1657 994 1752 1029 tom.
1784 992 1798 1030 4
1824 1021 1832 1039 ,
1857 994 1987 1043 operis
2012 994 2061 1033 de

1104 1052 1199 1089 vitis
1223 1052 1461 1102 scriptorum
1482 1053 1655 1105 nationis
1678 1053 1857 1093 Scoticae
1873 1066 1959 1106 pag.
1983 1057 2057 1094 409

1104 1125 1187 1163 seq.
1227 1115 1393 1165 Scripsit
1430 1114 1506 1153 iter
1532 1147 1543 1164 ,
1583 1116 1668 1155 sive
1702 1116 1964 1168 expeditionis
2002 1130 2061 1158 se-

1104 1176 1216 1227 riem,
1236 1188 1356 1227 quam
1378 1178 1595 1229 Imperator
1617 1179 1811 1218 Henricus
1828 1180 1871 1219 V.
1888 1181 2054 1220 Romam

1106 1242 1283 1291 suscepit
1306 1240 1503 1280 adversus
1527 1242 1757 1281 paschalem
1781 1243 1826 1281 ΙΙ.
1848 1243 1922 1282 An.
1942 1245 2057 1291 4440,

1104 1313 1163 1352 sq.
1188 1302 1258 1341 sed
1282 1303 1416 1355 judice
1453 1303 1667 1343 Wilhelmo
1708 1305 2049 1345 Malmesburiensi

1102 1365 1167 1403 lib.
1189 1365 1231 1404 V.
1254 1377 1290 1416 p.
1317 1366 1392 1404 466
1416 1368 1575 1418 scripsit
1597 1367 1724 1418 mayis
1748 1368 1788 1406 in
1807 1369 1924 1419 Reyz's
1957 1380 2054 1420 yra-

1104 1428 1198 1466 te'am
1222 1439 1344 1479 quam
1365 1428 1610 1468 His-coricum
1633 1429 1810 1470 deceret:
1835 1437 1875 1470 et
1894 1443 1971 1470 non
1988 1432 2058 1471 Hi-

1103 1490 1280 1540 storiam,
1290 1490 1360 1530 sed
1375 1492 1677 1544 Panegyyrz'eum.
1696 1495 1855 1532 Praeter
1873 1494 1945 1534 hoc
1961 1497 2058 1534 seri-

1105 1559 1218 1604 ptum
1241 1583 1249 1602 ,
1278 1553 1383 1604 quod
1407 1565 1530 1594 manu
1553 1560 1760 1595 exaratum
1785 1556 1899 1606 ajunt
1923 1558 2056 1597 adhue

1104 1628 1316 1668 superesse
1333 1618 1380 1655 ,111
1394 1617 1589 1657 Caesarea
1609 1619 1862 1667 Bibliotheca,
1879 1620 2060 1659 Macken-

1102 1680 1188 1718 zius
1208 1692 1295 1731 pag.
1320 1680 1395 1720 420
1416 1680 1536 1719 tradit
1559 1681 1608 1720 ab
1629 1682 1702 1721 hoc
1725 1683 1874 1722 Davide
1896 1695 2054 1735 compo-

1101 1743 1223 1780 situm
1256 1744 1374 1781 etiam
1410 1744 1531 1782 fuisse
1566 1745 1857 1797 Paneqyrz'czcm
1888 1746 2055 1785 Henrice'

1109 1806 1145 1843 V.
1190 1805 1375 1844 versibus
1405 1806 1596 1855 heroicis,
1635 1807 1807 1858 indeque
1849 1814 2054 1849 auctorem

1101 1865 1188 1917 ejus
1218 1878 1294 1905 non
1335 1867 1818 1920 historiographitantum
1838 1872 2052 1923 Imperato-

1101 1930 1165 1977 rii,
1189 1941 1331 1968 verum
1351 1931 1493 1969 Poetae
1517 1933 1636 1971 etiam
1658 1932 1824 1972 laureati
1847 1934 1971 1985 elogio
1991 1947 2052 1973 or-

1103 1996 1241 2030 natum
1272 1993 1406 2032 fuisse.
1447 1994 1523 2032 Sed
1561 1996 1701 2045 prioris
1730 1999 1886 2036 tantum
1925 2000 2055 2048 operis

1101 2055 1282 2092 meminit
1306 2055 1514 2095 Conradus
1537 2068 1558 2095 a
1583 2057 1813 2104 Lichtenau⁷
1835 2059 1970 2098 Ahbas
1984 2059 2056 2098 Ur-

1101 2118 1330 2168 spergensis
1350 2130 1436 2169 pag.
1454 2119 1530 2158 254
1552 2119 1616 2158 11111
1636 2118 1766 2160 tribus
1786 2120 1902 2161 libris
1911 2122 2051 2161 distin-

1101 2182 1210 2216 ctum
1251 2179 1373 2218 fuisse
1398 2185 1582 2220 testatur.
1612 2183 1723 2229 Quod
1750 2190 1886 2223 autem
1916 2183 2057 2236 Apolo-

1098 2240 1207 2291 9e'am
1227 2243 1346 2281 etiam
1371 2243 1426 2282 ad
1446 2244 1678 2293 Caesarem,
1704 2251 1744 2284 et
1767 2246 1814 2285 de
1840 2247 2055 2298 Mayzstra-

1103 2307 1214 2342 tecum
1237 2304 1484 2357 itzse'qnz'bus,
1510 2313 1551 2347 et
1579 2308 1626 2347 cle
1663 2321 1784 2360 refluo
1823 2311 2053 2359 Scotorum,

1102 2367 1245 2407 librum
1270 2371 1478 2421 scripsisse
1503 2373 1692 2422 referunt,
1719 2374 1755 2412 id
1787 2375 1891 2412 Balei
1916 2374 1991 2414 fide
2008 2376 2056 2414 ab

1101 2429 1175 2467 illis
1206 2431 1288 2470 fieri
1312 2436 1511 2474 existimo·

1155 2492 1309 2532 DAVID
1334 2495 1520 2535 Tavensz's
1536 2528 1548 2546 ,
1575 2508 1717 2548 supra,
1742 2498 1875 2537 David
1898 2502 2053 2550 Moryo-

1102 2566 1202 2593 mus.

1154 2617 1308 2657 DAVll)
1333 2619 1576 2670 Teutonicus,
1603 2633 1735 2672 supra,
1761 2624 1894 2663 David
1911 2624 1957 2663 de
1972 2626 2051 2664 Au-

1099 2684 1232 2731 ynsta.

1152 2741 1324 2781 Jacobus
1356 2745 1506 2783 DECA.
1531 2746 1635 2784 Infra
1654 2776 1661 2792 ,
1683 2746 1858 2786 Βίάαοιιε
1883 2750 2024 2788 DEZA.

1152 2804 1326 2856 Angyelzcs
1364 2807 1686 2848 DECEMBRIUS
1707 2839 1716 2856 ,
1740 2809 1876 2849 Oberti
1918 2811 2021 2850 lilius
2042 2842 2049 2860 ,

1102 2869 1203 2906 Petri
1227 2868 1391 2908 Candidi
1416 2870 1560 2917 frater7
1592 2872 1716 2921 patria
1752 2873 2050 2924 Viglebanensis

1101 2930 1325 2982 (Vigevano)
1352 2932 1388 2970 in
1414 2932 1562 2972 ducatu
1581 2934 1872 2984 Mediolanensi,
1893 2937 2049 2975 Ducum

1099 2992 1448 3033 Mediolanensium
1478 2995 1526 3035 ad
1550 2997 1697 3035 Julium
1725 2998 1769 3036 ΙΙ.
1801 2998 1966 3047 Orator,
1997 2999 2050 3038 la-

1100 3056 1272 3095 tinarum
1311 3057 1531 3097 litterarum
1555 3063 1595 3098 et
1624 3060 1768 3111 ingenii
1796 3060 1910 3100 laude
1946 3062 2048 3101 cele-

1099 3118 1204 3167 bris⁷
1229 3123 1318 3169 post
1338 3120 1567 3159 Leonellum
1591 3122 1802 3161 Estensem
1828 3124 2045 3174 principem

1093 3181 1176 3231 Jam
1200 3180 1431 3221 defunctum
1453 3184 1517 3221 Pio
1547 3183 1721 3222 secundo
1746 3185 1918 3224 Pontifici
1943 3189 2046 3227 circa

1100 3242 1257 3282 Annum
1288 3244 1387 3282 4462
1412 3246 1552 3284 obtulit
1577 3245 1696 3286 libi-os
1717 3251 1858 3300 septem
1883 3248 1928 3288 (le
1949 3249 2044 3302 poli—

133 3375 164 3412 n)
189 3375 267 3407 Vlde
292 3376 459 3417 ‚tlegriuin
485 3386 558 3416 pag.
588 3379 658 3409 260.
697 3377 838 3408 rai-mlh}
866 3376 1028 3408 (ξω-1116111.
1074 3375 1212 3408 decom.

1700 3422 1748 3457 ,’“).’”.
