2500 4009
488 230 558 268 '02⁴3

468 301 742 337 t'linllSSllllulll
773 296 950 345 appellat.
976 298 1007 330 2.
1036 293 1241 341 ,xiiiilogus
1264 295 1403 330 contra

470 360 640 398 ludaeos
661 390 667 397 .
693 358 738 396 ud
782 357 986 392 Honestum
1007 384 1012 392 .
1036 353 1309 400 [clarissimum
1343 364 1404 391 se.-

469 422 639 460 eundum
665 418 821 466 ,Ἑρ-μω
847 416 965 464 hujus
989 414 1173 452 tenebras
1194 414 1342 452 Virum.
1367 415 1402 452 3.

468 483 644 526 Dialogus
669 481 767 515 inter
798 476 990 514 Judaeum
1031 476 1296 525 requirentem
1319 506 1328 524 ‚
1365 480 1405 513 et

468 543 731 581 Christianum
755 537 1074 588 respondentem.
1100 536 1134 573 4.
1161 536 1402 587 Disceptatio

464 599 667 652 synodalis
696 599 744 636 de
767 599 957 637 electione
981 593 1180 636 Pontificis
1195 629 1205 645 ,
1226 598 1274 636 ad
1304 599 1405 638 Con—

463 665 591 701 cilium
619 659 878 709 osboriense,
904 661 976 699 An.
1001 660 1102 699 ⁴062
1128 661 1247 698 missa
1268 689 1276 707 ,
1301 661 1404 698 inter

465 728 577 775 Regis
607 725 764 772 llenriei
792 724 861 769 ΙΥ.Ἰ
888 723 1133 762 Advocatum
1150 727 1190 760 et
1209 723 1405 761 Romanae

463 788 660 826 Ecclesiae
698 786 946 824 defensorem
983 795 1052 836 pro
1090 784 1313 824 Alexandro
1347 785 1406 830 ΙΙ,

463 854 598 887 eontra
619 849 834 887 Cadaloum
854 849 1077 895 (lionorium
1097 848 1404 897 ILantipapam.)

464 913 539 951 lloc
577 911 811 962 opusculum
855 910 972 948 hahet
1013 911 1132 948 etiam
1167 908 1407 957 Goldastus,

465 981 558 1012 tom.
596 975 631 1012 2.
659 973 716 1018 (al.
742 974 789 1011 3
815 971 1058 1010 Monarchiae
1083 971 1237 1022 Imperii
1270 983 1305 1021 p.
1333 971 1406 1017 45,

464 1038 499 1073 li.
524 1035 643 1074 Actus
663 1032 967 1073 Mediolanenses
985 1065 993 1080 ‚
1016 1033 1064 1072 ad
1086 1032 1407 1080 llildebrandum.

464 1097 709 1137 (Iardinalem
747 1095 1104 1143 Archidiaeonum⁷
1129 1094 1176 1132 de
1215 1094 1407 1145 legatione

466 1171 534 1197 sua
559 1169 676 1207 quam
707 1157 846 1195 Nicolai
885 1157 916 1194 ll
935 1185 942 1202 ,
964 1155 1081 1206 jussu
1105 1160 1349 1206 susceperat.
1372 1157 1407 1193 6.

465 1221 575 1258 Liber
598 1220 661 1269 qui
696 1218 916 1269 appellatur
941 1217 1202 1256 Gratissimus
1218 1249 1228 1265 ,
1255 1217 1303 1256 de
1332 1228 1406 1256 non

466 1279 732 1320 reordinandis
763 1282 832 1327 iis,
857 1281 921 1330 qui
944 1282 965 1318 ii
985 1279 1219 1319 Simoniacis
1243 1279 1408 1318 ordinati

467 1344 616 1381 fuerant
636 1355 644 1380 ·.
670 1341 716 1380 ad
742 1343 953 1380 llenricum
971 1341 1321 1392 Archiepiscopum
1336 1342 1410 1380 Ra-

466 1408 690 1441 vennatem.
717 1402 750 1441 7.
775 1403 887 1441 Liber
908 1402 1221 1442 Gomorrliianus
1249 1402 1297 1441 ad
1315 1405 1408 1442 Leo-

464 1476 552 1503 nem
578 1466 629 1503 lx
649 1494 657 1511 .
677 1464 792 1514 cujus
820 1466 994 1515 Epistola
1032 1466 1303 1516 premittitur,
1342 1464 1409 1503 ad-

464 1538 605 1565 versus
622 1526 853 1565 sodomitas.
876 1527 987 1566 Conf.
1008 1528 1183 1566 Baelium
1200 1528 1236 1565 in
1255 1528 1408 1572 Lemo,

468 1588 627 1626 lnnnien
652 1593 742 1627 nota
771 1589 812 1628 C.
843 1593 881 1626 et
909 1589 1168 1639 Campegium
1191 1590 1407 1639 Vitringain

465 1650 511 1687 ad
537 1651 797 1701 Apocalypsin
818 1681 826 1699 .
850 1662 885 1700 p.
925 1651 1026 1698 478,
1060 1652 1094 1688 8.
1120 1651 1174 1688 De
1200 1650 1408 1701 parentela

464 1716 500 1749 et
520 1712 757 1761 eoynationis
790 1711 984 1763 yradibus
1016 1712 1063 1750 ad
1088 1714 1281 1751 ¹loannem
1319 1714 1409 1763 Epi-

467 1786 626 1824 scopum
648 1775 993 1813 (jaesenatensem.
1015 1774 1110 1812 Vide
1132 1775 1330 1813 Benedicti
1348 1776 1409 1813 Pi-

465 1841 557 1872 cti-ti
582 1836 789 1874 {historiam
816 1837 961 1875 saeculi
985 1837 1038 1875 XI
1058 1866 1065 1883 ⁷
1091 1848 1176 1887 pag.
1197 1838 1272 1876 636
1292 1867 1300 1884 ,
1325 1848 1410 1887 seq.

465 1900 499 1934 9.
524 1898 577 1935 De
600 1897 837 1948 eleemosyna
868 1898 914 1936 ad
951 1898 1220 1946 lilainardum7
1249 1899 1410 1949 Episco-

469 1971 558 2008 pum
579 1959 815 1998 L’rbinatem.
840 1960 899 1998 10.
916 1960 971 1997 De
991 1962 1133 2010 septem
1152 1958 1262 1998 lioris
1285 1960 1410 2000 Cano-

468 2020 585 2066 nicis,
612 2020 675 2059 ubi
697 2022 822 2070 capite
846 2022 982 2059 ultimo
1007 2022 1125 2059 etiam
1143 2021 1326 2060 horarum
1352 2032 1413 2059 se—

470 2087 572 2130 ptem
600 2084 638 2120 B.
660 2083 828 2127 Viminis
850 2084 1008 2120 mentio.
1031 2084 1092 2120 11.
1119 2082 1230 2120 Liber
1253 2085 1319 2132 qui
1356 2084 1414 2119 in-

469 2143 651 2180 scribitur
671 2143 856 2181 Dominus
878 2141 1091 2189 Vobiscum,
1113 2155 1160 2181 an
1183 2143 1278 2181 haee
1295 2145 1414 2182 verba

474 2206 509 2239 in
537 2203 744 2240 solitudine
769 2215 815 2241 ex
839 2206 975 2242 Oilicio
999 2204 1228 2252 omittenda,
1253 2205 1299 2243 ad
1322 2207 1414 2242 Leo-

473 2277 561 2301 nem
592 2266 808 2302 eremitam.
835 2265 893 2303 49..
920 2265 1215 2316 Apologeticum
1247 2266 1292 2304 (le
1328 2278 1415 2304 con-

474 2330 589 2363 temtu
613 2324 781 2366 saeculi.
807 2326 852 2364 ad
878 2326 1106 2365 Albizonem
1138 2330 1343 2367 eremitam
1375 2334 1414 2366 et

474 2388 631 2426 Petrum
656 2387 901 2425 Monachum.
927 2389 987 2426 13.
1014 2388 1068 2426 De
1082 2388 1320 2440 perfectione
1335 2391 1415 2428 Μο-

473 2448 698 2487 nucleorum.
729 2450 784 2487 14.
809 2450 864 2487 De
902 2449 1048 2488 Ordine
1087 2451 1343 2489 eremitarum
1375 2457 1414 2489 et

475 2510 724 2548 facultatibus
753 2512 881 2549 liremi
911 2513 1042 2549 Fontis
1065 2511 1256 2550 Avellani.
1284 2514 1344 2552 45.
1361 2513 1415 2551 De

472 2584 567 2609 suae
592 2572 968 2623 Conyreyatiationis
1004 2573 1218 2621 Institutis,
1248 2575 1294 2613 ad
1331 2578 1416 2614 Ste-

473 2634 642 2682 phanum
668 2633 910 2672 Monaclium.
939 2636 999 2673 16.
1031 2635 1258 2674 Rhetoricae
1287 2636 1414 2676 decla-

475 2696 654 2732 mationis
678 2695 847 2733 invectio
872 2695 910 2732 in
932 2695 1186 2748 Episcopum,
1207 2698 1416 2736 Monaclios

472 2756 524 2793 ad
537 2755 735 2794 saeculum
753 2761 1011 2796 revocantem:
1029 2758 1075 2797 ad
1093 2760 1304 2798 Gislerium
1324 2761 1415 2811 Epi-

473 2830 631 2868 ¹scopum
657 2819 938 2858 Anximanum.
958 2820 1018 2859 17.
1040 2821 1095 2859 De
1113 2820 1318 2861 Caelibatu
1339 2826 1411 2862 Sa-

473 2878 667 2916 verrlolum
700 2880 798 2917 etin
834 2879 1072 2931 fornicarios
1105 2883 1336 2922 Sacerdotes
1364 2884 1412 2923 ad

477 2942 670 2979 ‚Nicolaum
698 2941 741 2979 ll.
768 2943 827 2980 18.
862 2943 1009 2981 Contra
1035 2943 1209 2984 Clericus
1234 2945 1415 2997 intempe-

475 3005 604 3040 rantes
627 3002 924 3043 dissertationes
947 3010 1028 3044 tres
1048 3007 1094 3044 ad
1121 3008 1277 3046 Petrum
1304 3010 1415 3047 Late—

476 3066 650 3101 ianensis
674 3066 890 3102 Canonicae
919 3066 1313 3119 Arcliipresbyterum
1337 3100 1344 3118 ,
1376 3075 1415 3107 et

476 3124 521 3159 ad
547 3124 786 3164 Adelaidem.
821 3129 881 3166 10.
906 3129 960 3166 De
989 3127 1233 3170 abdicatione
1257 3132 1416 3182 Episco-

475 3188 590 3230 patus
613 3186 659 3223 ad
692 3188 888 3227 Nicolaum
914 3191 958 3228 ll.
985 3191 1047 3228 ⁶20.
1079 3192 1348 3243 Apoloyeticus
1371 3191 1417 3230 ob

479 3242 677 3282 dimissum
705 3248 988 3300 lz‘piqumtnin.
1017 3255 1076 3290 2²1.
1102 3255 1155 3291 De
1174 3255 1271 3305 jussa
1293 3254 1415 3305 {lusizi-

483 3307 597 3341 tsitnrn
626 3308 995 3350 [sernas-iastimirnm.
1028 3318 1084 3352 2'2'.
1120 3318 1264 3355 santra
1294 3316 1414 3356 (fleri-

1297 222 1617 261 DAMlANl

1477 303 1540 330 cos
1563 292 1713 331 (atticos
1736 322 1743 341 7
1781 295 1866 333 sivo
1893 296 2023 333 aulam
2050 300 2250 334 sectantes
2271 326 2280 346 ,
2304 301 2350 336 ut
2376 297 2424 336 ad

1476 354 1687 403 dignitates
1716 355 2001 405 provehantur.
2039 358 2102 397 23.
2140 358 2197 397 De
2233 356 2426 399 brevitate

1481 416 1585 454 Vitae
1606 415 1837 467 Pontificum
1870 419 2134 459 Romanorum
2157 425 2197 461 et
2219 419 2266 460 de
2280 419 2425 461 Divina

1479 477 1746 518 Providentia.
1766 479 1828 518 24.
1849 479 1997 519 Contra
2017 480 2191 522 Ctericos
2214 481 2425 534 reyulares

1473 539 1776 592 proprietarios.
1801 541 1863 580 25.
1887 541 1942 580 De
1969 541 2156 593 diqnitate
2190 542 2422 584 sacerdotii.

1478 603 1541 640 26.
1569 602 1717 642 Contra
1756 602 1951 642 inscitiam
1974 607 2012 643 et
2033 604 2231 646 incuriam
2254 605 2426 647 clerico-

1478 676 1581 703 rum.
1607 665 1670 703 27.
1695 665 1750 704 De
1773 666 1971 704 communi
1996 667 2081 706 vita
2104 667 2393 708 Canonicorum
2411 699 2422 716 ‚

1478 726 1525 765 ad
1551 727 1724 766 Clericos
1745 728 1936 766 Fanensis
1961 729 2174 769 Ecclesiae.
2199 731 2262 771 28.
2285 729 2425 783 Apolo-

1475 787 1624 838 qeticus
1644 788 1923 827 Menaenorum
1946 789 2142 830 adversus
2174 791 2392 832 canonicos
2412 823 2422 840 ,

1480 850 1691 900 subjuncto
1715 851 1899 889 Bonilaeii
1921 852 1990 900 IV⁷
2010 850 2195 901 decreto,
2217 853 2322 904 quod
2346 855 2425 893 Μο-

1482 912 1620 958 naehi,
1646 912 1884 962 presbyterii
1907 912 2054 952 honore
2069 912 2240 952 decorati
2254 919 2426 965 potesta-

1480 981 1559 1014 tem
1579 974 1724 1013 liabent
1739 974 1883 1022 ligandi
1901 980 1940 1014 et
1957 974 2219 1015 solvendi.29.
2234 975 2425 1028 Despben-

1480 1037 1568 1076 dido
1583 1037 1726 1076 vestitu
1746 1036 1780 1074 E
1782 1035 2033 1076 eclesiasticis
2050 1048 2126 1075 non
2139 1037 2362 1090 appetendo,
2375 1039 2425 1078 ad

1481 1099 1723 1139 Mainardum
1757 1099 1963 1139 Abbatem.
1995 1100 2058 1139 30.
2077 1100 2134 1138 De
2156 1100 2426 1140 sacramentis

1475 1174 1549 1213 per
1572 1161 1767 1213 improbos
1803 1161 2120 1212 administratis,
2155 1162 2260 1214 quod
2295 1163 2426 1204 valida

1481 1236 1568 1264 esse
1589 1236 1664 1263 non
1682 1224 1879 1263 desinant:
1897 1223 1943 1263 ad
1962 1224 2222 1264 Florentinos.
2242 1226 2305 1264 31.
2325 1224 2426 1266 Con-

1481 1291 1546 1325 tra
1564 1287 1859 1339 philargyyriam
1878 1290 1915 1326 et
1931 1297 2141 1326 munerum
2159 1285 2423 1340 cupiditatem,

1480 1350 1526 1388 ad
1548 1350 1777 1389 cardinales
1798 1350 2014 1401 Episcopus
2033 1348 2278 1401 Apostolicae
2299 1349 2424 1390 Sedis.

1481 1414 1542 1451 32.
1559 1413 1613 1451 De
1634 1411 1950 1463 Quadraqesima
1965 1415 2004 1452 et
2016 1412 2132 1451 XLII.
2146 1410 2424 1452 Hebraeorum

1480 1473 1748 1514 mansionibus
1792 1474 1839 1513 ad
1864 1475 2236 1514 reverentissimum
2265 1474 2427 1515 fratrem

1481 1536 1802 1575 llildebrandum.
1829 1536 1890 1574 33.
1923 1536 1978 1575 De
2007 1534 2104 1574 bono
2136 1535 2428 1588 suffrayiorum

1480 1601 1518 1636 et
1535 1597 1662 1637 variis
1685 1597 1906 1647 miraculis,
1930 1598 2164 1649 praesertim
2185 1599 2226 1637 B.
2243 1598 2429 1648 Virginis,

1480 1660 1529 1699 ad
1552 1660 1832 1710 archangelum
1856 1659 2147 1709 Monachorum,
2164 1659 2424 1699 Desidet-ium.

1482 1723 1545 1760 34.
1580 1723 1634 1760 De
1658 1721 1788 1761 variis
1811 1720 2063 1762 miraculosis
2095 1719 2397 1761 narrationibus
2417 1752 2427 1770 ,

1482 1784 1528 1822 ad
1558 1784 1729 1823 eundem
1753 1784 1999 1823 Desiderium
2016 1815 2026 1834 ,
2048 1783 2261 1836 subJuncta
2295 1783 2432 1834 dispu-

1481 1847 1626 1883 tatione
1650 1845 1698 1884 de
1719 1846 1838 1884 variis
1869 1846 2177 1896 apparitionibus
2197 1849 2240 1884 et
2262 1845 2430 1884 miracu-
2470 1877 2475 1881 .

1482 1908 1540 1945 lis.
1559 1907 1608 1946 35
1625 1907 1679 1945 De
1698 1906 1871 1946 Picturis
1892 1906 2119 1960 Principum
2137 1904 2426 1958 Apostolorum,

1481 1981 1551 2008 cur
1574 1969 1716 2008 Paulus
1740 1969 1787 2007 ad
1808 1968 2011 2008 dexteram
2035 1971 2068 2017 a)
2095 1970 2235 2009 Petrus
2255 1969 2305 2008 ad
2333 1969 2431 2007 sini·

1485 2035 1607 2069 stram
1627 2030 1938 2076 collocentur‚ad
1963 2030 2208 2070 Desiderium
2222 2030 2429 2071 Abbatem.

1487 2093 1549 2130 36.
1577 2092 1632 2130 De
1655 2091 1799 2130 Divina
1830 2090 2080 2131 Providentia
2103 2091 2145 2130 in
2169 2091 2423 2143 reparatione

1486 2156 1696 2203 corruptae
1713 2182 1722 2200 .
1754 2157 1790 2191 et
1808 2152 1926 2205 factis
1945 2151 2098 2205 infectis
2119 2152 2342 2193 reddendis.
2364 2153 2428 2192 37.

1487 2215 1541 2252 De
1582 2213 1709 2253 variis
1742 2214 1871 2254 sacris
1904 2213 2199 2266 quaestionibus
2217 2246 2227 2264 ,
2268 2215 2318 2254 ad
2355 2216 2429 2254 ΧΠ

1487 2276 1509 2313 d
1517 2276 1993 2323 ubitat.i0nesAlberici‚ex
2005 2278 2081 2318 Cas
2088 2277 2430 2320 sinensiMonacho

1486 2338 1714 2377 cardinalis.
1738 2339 1799 2377 38.
1822 2340 1968 2378 Contra
1982 2350 2155 2378 errorem
2173 2340 2428 2388 Graecorum,

1487 2399 1533 2438 de
1557 2400 1809 2439 Processione
1840 2401 2016 2452 Spiritus
2045 2402 2084 2441 S.
2110 2402 2172 2441 39.
2199 2401 2349 2442 Contra
2371 2413 2431 2441 se-

1487 2461 1618 2501 dentes
1639 2466 1807 2515 tempore
1830 2463 1965 2502 Divini
1985 2463 2122 2518 Officii.
2151 2464 2212 2503 40.
2245 2464 2302 2503 De
2321 2463 2432 2517 frae-

1488 2523 1620 2562 nanda
1642 2524 1705 2563 ira
1721 2528 1758 2563 et
1775 2523 2043 2566 simultatibus
2059 2524 2344 2579 exstirpandis.
2366 2527 2408 2567 4⁴
2419 2557 2428 2565 .

1488 2586 1543 2624 De
1578 2586 1723 2638 nuptiis
1761 2590 1929 2639 tempore
1961 2587 2313 2640 Quadrayesimali
2353 2599 2431 2628 non

1488 2647 1771 2688 contrahendis.
1799 2651 1859 2689 42.
1883 2651 1939 2689 De
1957 2650 2033 2702 fide
2065 2651 2172 2690 ΠΕΟ
2193 2661 2264 2702 per
2288 2655 2428 2692 votum

1487 2707 1674 2748 obstricta
1687 2723 1762 2749 non
1780 2711 1968 2764 fallenda,
1983 2713 2031 2752 ad
2047 2713 2322 2765 Landulphum
2339 2713 2428 2753 Cle-

1488 2774 1609 2811 ricum
1634 2777 1674 2812 et
1694 2773 1884 2814 Senatorii
1905 2776 2060 2828 generis
2078 2775 2281 2815 Mediolan.
2300 2779 2341 2814 et
2364 2787 2432 2827 pe-

1540 2887 1574 2927 a)
1597 2888 1730 2919 Paulus
1753 2888 1794 2919 de
1818 2888 1913 2920 tribu
1932 2886 2138 2927 nonjamin.
2154 2886 2349 2927 Benjamin
2370 2896 2436 2920 au-

1485 2941 1552 2967 iem
1575 2936 1744 2970 Hebraico
1759 2962 1769 2977 ‚
1793 2938 1917 2969 Latine
1943 2937 2040 2978 filius
2067 2937 2235 2969 dexterae
2255 2945 2436 2979 nuncupa·

1482 2991 1539 3016 tur
1552 2999 1562 3024 ,-
1587 2988 1632 3018 ita
1654 2989 1833 3020 Damianus
1855 2995 1930 3028 pag.
1953 2987 2026 3020 265.
2041 2987 2129 3020 Anas
2147 2988 2292 3020 rationes
2313 2990 2348 3019 et
2368 2986 2435 3018 alia

1485 3034 1526 3065 ad
1548 3035 1633 3067 hanc
1657 3038 1884 3075 quaestionem
1912 3035 2069 3069 facientia
2090 3035 2165 3068 vide
2187 3035 2232 3067 sis
2254 3036 2342 3076 opud
2364 3036 2434 3066 Mo-

1485 3084 1595 3116 lanum
1607 3109 1617 3123 ,
1637 3087 1670 3117 in
1688 3086 1824 3118 historia
1848 3093 2016 3121 sacrarum
2040 3086 2223 3126 imaginum
2241 3085 2291 3124 11,
2307 3083 2360 3116 46.
2378 3085 2433 3115 ΙΙΙ.

1481 3135 1534 3166 24.
1556 3133 1712 3167 Allatium
1735 3134 1774 3166 de
1798 3142 1963 3166 consensu
1981 3136 2154 3174 utriusque
2167 3133 2333 3166 Ecclesiae
2347 3157 2357 3171 ‚
2375 3133 2434 3167 lib.

1486 3182 1513 3215 1.
1538 3192 1568 3215 c.
1592 3184 1622 3215 6.
1650 3186 1775 3216 Macros
1807 3183 1922 3217 fratres
1946 3184 1979 3214 in
2003 3182 2203 3215 hierolexico
2224 3190 2305 3215 voce
2326 3181 2434 3214 bulla.

1486 3235 1623 3272 pagium
1647 3233 1687 3265 ad
1711 3237 1748 3265 Α.
1769 3235 1805 3265 C.
1827 3233 1866 3264 40
1880 3255 1890 3270 ,
1915 3241 1946 3263 n.
1972 3233 1992 3263 ὅ
2013 3237 2078 3265 etc.
2094 3231 2360 3272 papebrochium
2379 3242 2435 3274 pa·

1488 3282 1697 3322 raiipomenis
1719 3284 1758 3315 ad
1782 3281 1994 3323 liropylaeuin
2030 3284 2100 3314 Aet.
2135 3285 2330 3315 sanctorum
2355 3285 2429 3324 Maji

1484 3339 1555 3371 pag.
1580 3332 1614 3362 (il
1635 3355 1643 3370 ‚
1667 3341 1754 3372 seqq.
