2500 4009
339 244 415 282 :375

335 316 506 365 positum
531 311 808 363 Epitaphium,
829 305 932 355 apud
949 304 1194 342 Germanum
1211 303 1294 341 Bri-

333 388 447 414 ceum
474 377 511 412 in
533 372 796 420 descriptione
817 367 995 404 Lutetiae
1016 370 1110 403 tom.
1130 366 1180 414 Il7
1206 376 1292 415 pag.

340 440 412 476 183
436 443 472 474 et
502 436 597 472 alios
623 431 769 469 multos
791 428 959 465 relatum
981 440 987 463 :

333 527 448 553 Petrus
462 529 549 561 eram
565 526 664 557 quem
685 520 777 555 petra
797 516 897 553 tegit,
916 513 1093 553 dictusque
1117 513 1301 544 comestor

330 576 419 602 Nunc
445 567 615 601 coint-dor.
638 568 737 596 Vivus
759 565 858 595 (locui
875 589 884 601 ‚
910 571 969 595 nec
994 571 1085 596 cesso
1106 563 1228 594 docere

331 625 475 652 Mortuus
495 641 503 654 ‚
528 621 561 647 ut
587 616 679 646 dicat
698 639 707 652 ,
731 615 788 653 qui
817 621 868 644 me
891 613 981 644 videt
1008 613 1257 648 incineratum,

329 669 420 708 Quod
435 676 560 702 sumus,
572 668 632 696 istc
645 661 1060 703 ruit,erimusquandoque
1070 661 1159 702 quod
1176 662 1228 693 hic
1238 665 1299 692 cst.

333 745 496 794 Scripsit
520 740 739 780 Historiam
766 738 1053 779 Sclzolasticom
1079 738 1126 777 ad
1149 737 1296 775 Guilel-

341 819 448 845 mum
490 805 843 854 Archiepiscopum
883 802 932 840 ab
969 801 1086 839 Anno
1119 801 1219 839 4469
1250 799 1296 838 ad

340 871 445 908 1175.
473 869 774 906 Senonensem:
801 865 886 902 sive
925 863 1115 901 librorum
1145 863 1300 900 Veteris

330 936 367 968 et
394 931 493 969 Novi
533 929 780 967 Testamenti
821 927 1109 964 HistorIcorum
1147 925 1300 963 brevia-

331 995 431 1031 rium
458 990 678 1042 quoddam.
698 989 862 1028 Scholae
886 1000 961 1027 usu
986 987 1208 1039 probatum,
1231 986 1299 1025 ad—

328 1056 445 1106 jectis
474 1053 641 1092 subinde
673 1056 828 1102 practer
857 1051 1145 1101 expositionem
1177 1051 1297 1087 variis

341 1130 420 1156 non
447 1122 602 1155 tantum
630 1126 679 1153 cx
702 1113 874 1164 Josepho
898 1117 937 1150 et
972 1112 1158 1162 probatae
1182 1111 1297 1159 fidei,

335 1180 406 1218 sed
422 1181 541 1217 etiam
558 1190 604 1215 cx
625 1175 866 1227 apocryphis
883 1179 1004 1224 atquc
1022 1174 1193 1212 ethnicis
1204 1174 1299 1212 scri—

333 1242 524 1292 ptoribus.
553 1240 649 1277 Vide
674 1239 840 1277 Joannis
869 1236 1047 1275 Bainoldi
1084 1247 1296 1274 censuram

333 1303 650 1354 apocryphorum
689 1301 878 1339 librorum
918 1304 1014 1337 tom.
1041 1299 1083 1343 Ι,
1110 1309 1197 1348 pag.
1223 1297 1298 1335 477

333 1370 372 1402 et
405 1366 498 1403 1239
526 1376 608 1413 seq.
633 1363 778 1402 Prodiit
815 1362 1050 1411 [teutlingae
1085 1361 1187 1400 4473
1217 1371 1281 1398 rna

335 1429 398 1472 gni
427 1428 501 1464 folii
530 1427 651 1464 forma
671 1455 677 1473 ⁷
697 1431 736 1463 et
755 1425 916 1471 Argent.
937 1425 1064 1471 4483,
1088 1424 1204 1462 4502.
1227 1424 1300 1460 Ba-

338 1490 456 1527 silcae
488 1489 599 1527 1486.
626 1488 689 1526 fol.
715 1489 873 1526 Parisiis
900 1487 1014 1530 4543,
1034 1487 1068 1523 4.
1094 1487 1299 1535 Haganoae

340 1553 468 1599 4519,
504 1551 566 1588 fol.
600 1549 782 1599 Lugduni
820 1549 946 1596 4526,
974 1549 1007 1585 4.
1043 1548 1170 1594 4543,
1193 1548 1229 1584 8.
1254 1547 1299 1584 In

332 1615 508 1663 antiquis
534 1611 776 1649 editionibus
803 1610 957 1647 nullum
999 1608 1186 1646 librorum
1212 1609 1298 1645 sive

335 1677 436 1714 XVI.
463 1680 507 1712 ut
532 1673 717 1712 Labbeus
751 1677 790 1710 et
821 1672 1004 1709 Cavcus.
1031 1672 1116 1708 sive
1141 1671 1228 1708 XX.
1256 1674 1299 1707 ut.

337 1737 566 1775 Trithemus
604 1740 644 1771 et
683 1735 906 1781 Simlerus,
946 1734 1189 1781 vestigium,
1229 1730 1298 1769 sed

338 1804 494 1836 tantum
521 1797 711 1835 librorum
735 1796 1017 1834 Historicorum
1037 1794 1222 1831 historiae
1243 1792 1301 1830 di-

338 1862 599 1910 stinguuntur
617 1888 624 1894 .
643 1863 687 1896 ut
713 1857 882 1895 Historia
906 1857 1107 1893 Genescos
1132 1866 1201 1905 per
1234 1865 1299 1892 ca-

336 1924 414 1974 pita
444 1924 528 1960 1133.
557 1922 723 1958 Historia
748 1918 872 1957 Exodi
900 1930 969 1969 per
993 1919 1122 1968 capim
1150 1917 1198 1955 78
1221 1921 1297 1955 etc.

337 1986 398 2022 Sic
426 1986 462 2021 in
489 1984 596 2021 Novo
622 1983 880 2019 Testamento
905 1980 1073 2018 Historia
1089 1979 1300 2028 Evangeli-

340 2058 382 2084 ca
409 2058 479 2096 per
502 2047 630 2095 capita
658 2045 732 2083 498
757 2047 796 2081 et
818 2043 986 2081 Historia
1005 2041 1178 2080 Actuum
1200 2041 1301 2090 Apo-

343 2109 533 2145 stolorum
571 2118 640 2157 per
678 2107 807 2155 capita
847 2103 935 2142 427.
974 2105 1198 2142 Novissime
1229 2101 1301 2139 hoc

341 2181 440 2219 opus
471 2179 656 2206 recusum
695 2167 869 2203 VenetiIs
908 2165 1009 2204 4728
1046 2164 1301 2212 dicatumque

343 2229 700 2270 llevcreiidissimis
729 2232 767 2265 et
800 2227 1073 2265 Sanctissimis
1121 2224 1302 2263 Patribus

345 2290 631 2340 (Ionciliiquod
651 2295 744 2327 tunc
762 2288 1036 2326 celebrabatur
1057 2289 1305 2325 Beneventa-

349 2357 399 2392 ni.
425 2355 568 2392 Exstat
593 2358 629 2390 et
659 2349 811 2389 Gallica
836 2351 967 2387 versio
992 2350 1026 2396 a)
1043 2353 1134 2386 ante
1158 2348 1306 2386 ducen-

350 2422 411 2453 tos
435 2425 582 2453 excusa
606 2424 732 2451 annos
757 2414 841 2449 sine
860 2413 1049 2461 temporis
1074 2415 1166 2448 nota
1189 2414 1229 2447 et
1253 2410 1308 2447 lo-

349 2482 408 2516 ci.
434 2490 526 2516 curn
562 2476 740 2514 iconibus
778 2475 882 2523 ligno
920 2473 1129 2523 descriptis
1167 2473 1203 2509 in
1244 2471 1305 2510 Iol.

349 2540 502 2577 duobus
528 2536 816 2581 Voluminihus.
841 2535 969 2573 dicata
991 2535 1128 2573 Carolo
1153 2534 1237 2571 Vlll
1260 2533 1308 2571 ah

353 2605 579 2651 interprete.
596 2599 739 2637 siuiars
757 2597 804 2635 dc
824 2595 1109 2635 §IoulinsNide
1128 2594 1307 2633 Richardi

352 2665 522 2703 Simonis
561 2662 771 2700 Historiam
814 2661 1000 2698 Criticam
1040 2658 1134 2696 Novi
1175 2659 1310 2695 Testa-

355 2728 473 2765 menti
500 2725 562 2762 lib.
588 2725 627 2769 2,
646 2734 732 2773 pag.
752 2723 799 2761 49
819 2726 858 2759 ct
877 2721 967 2758 320.
995 2720 1058 2758 ubi
1086 2723 1195 2757 notat
1218 2729 1310 2756 can-

353 2788 441 2825 ‹lc-m
467 2787 689 2823 versionem
715 2796 762 2822 ex
789 2784 1006 2821 recentiore
1045 2781 1309 2831 recognitione

355 2855 391 2885 ‹·t
422 2848 721 2898 interpolatione
737 2845 916 2896 prodisse
933 2845 1090 2882 Parisiis
1103 2844 1175 2881 An.
1194 2843 1308 2881 4545.

358 2909 555 2959 Itlnsthmis
572 2907 785 2947 Sooeoniri's
799 2908 917 2956 jussu
939 2906 1094 2944 Henrici
1115 2904 1312 2955 Landgra-

412 3015 427 3035 ε]
472 3006 564 3037 nich.
591 3007 702 3036 Simon
727 3008 807 3034 tom.
833 3005 872 3033 ΙΙ.
899 3004 983 3033 uisi.
1000 3003 1082 3034 Crit.
1097 3001 1142 3032 du
1164 3003 1320 3031 Nouveau

354 3058 539 3085 Tcstament
565 3063 638 3094 pag.
662 3054 736 3084 520.
757 3053 787 3085 Il
805 3053 863 3091 n’y
880 3053 976 3082 avoit
1000 3052 1079 3081 rien
1097 3060 1139 3081 en
1158 3059 1194 3081 ce
1214 3049 1320 3080 te'ms-

357 3103 389 3133 tri
409 3105 448 3133 rte
468 3105 548 3143 ptus
570 3104 686 3143 qrnwl
705 3103 803 3133 uide
823 3103 903 3142 plus
929 3101 1053 3132 estime'
1074 3110 1164 3140 pour
1188 3099 1323 3131 l'Ecrt'-

362 3158 438 3182 (ure
463 3155 586 3184 sainte
619 3162 681 3192 qne
706 3153 736 3182 Ie
760 3153 883 3184 I’ierre
910 3154 1119 3190 comestor,
1144 3150 1204 3189 qui
1230 3159 1250 3179 a
1274 3147 1326 3180 εἰεί

358 3203 497 3231 trust-iit
522 3204 614 3232 dans
641 3204 821 3242 plusieurs
844 3202 993 3242 [unques
1013 3202 1053 3231 de
1071 3201 1253 3239 l'Europe.
1273 3200 1325 3230 On

358 3259 400 3280 ne
441 3251 541 3280 Iiwit
570 3252 603 3280 In
631 3253 730 3283 Bima
764 3261 827 3290 qne
864 3252 905 3281 tle
941 3252 975 3280 Ia
1015 3251 1172 3281 monim-e
1197 3249 1327 3288 qn'elle

361 3299 449 3329 αἰτοῖ-ι
476 3300 571 3329 daris
598 3310 632 3329 re
660 3302 903 3339 (Jornpilotenr
920 3324 928 3337 ‚
953 3305 983 3330 el
1005 3309 1086 3330 avec
1112 3308 1167 3330 ses
1191 3300 1324 3338 alosa-3.

359 3349 418 3380 Cel
443 3356 550 3386 umye
575 3358 595 3377 α
619 3349 705 3379 ‘Iure'
725 3351 808 3388 lons]
833 3347 918 3380 tems
944 3359 985 3380 en
1011 3349 1148 3379 Franco
1165 3372 1172 3379 .

1127 232 1531 285 ‹JOMESTOII

1368 305 1420 341 vii
1445 304 1684 355 Thuringiae
1709 307 1843 346 seculo
1859 308 1963 347 XIII.
1979 319 2168 359 expressa
2194 319 2323 358 usque

1367 365 1415 403 ad
1454 366 1650 405 Samuelis
1686 371 1883 419 tempora:
1909 375 2043 409 exstat
2079 372 2157 410 MS.
2182 375 2222 409 et
2245 381 2328 408 me-

1369 431 1547 466 moratur
1571 429 1609 466 in
1634 430 1818 480 Catalogo
1841 432 2105 472 Bibliothecae
2140 432 2324 471 Paulinae

1369 490 1562 539 Lipsiensi
1587 502 1623 541 p.
1651 491 1737 529 463.
1776 492 1966 530 Memorat
1989 498 2029 532 et
2055 493 2259 533 Sandcrus
2288 493 2327 530 in

1369 551 1609 590 Bibliotheca
1647 553 1799 603 Belgica
1837 554 1914 592 MS.
1957 566 2043 604 pag.
2084 556 2174 595 285.
2198 556 2328 594 Histo-

1369 614 1465 651 riam
1477 613 1762 654 Scholasticam
1780 617 1964 655 versibus
1975 615 2214 668 Rhythmicis
2229 617 2324 654 Teu-

1370 674 1507 712 tonicis
1530 675 1771 726 descriptam
1795 689 1865 726 per
1887 677 2077 716 Jacobum
2102 689 2180 718 van
2217 679 2330 717 Mier-

1370 736 1616 783 landt,ci1·ca
1640 736 1713 774 An.
1739 737 1852 776 4274.
1875 739 2055 788 Denique
2078 740 2116 776 in
2142 750 2329 790 compen-

1372 798 1481 837 dium
1519 809 1607 835 eam
1642 797 1795 848 redegit
1831 794 2169 839 GUALTHERUS
2196 801 2326 839 Hunce

1373 859 1778 910 AnglusCarmelita.
1801 859 1898 899 Vide
1923 861 2108 900 Vossium
2143 871 2228 912 pag.
2256 862 2330 901 434

1375 928 1416 962 et
1446 924 1522 961 635

1425 985 1766 1025 Commentarium
1802 984 1843 1022 in
1872 984 2072 1035 Epistolas
2108 982 2229 1024 Pauli
2248 985 2325 1023 MS.

1371 1049 1408 1086 in
1434 1047 1672 1086 Bibliotheca
1689 1047 1902 1086 Sorbonica
1919 1051 2079 1085 exstare
2096 1047 2256 1085 Parisiis
2275 1049 2336 1084 te-

1371 1114 1500 1149 statur
1521 1110 1691 1148 Jacobus
1715 1109 1751 1148 le
1775 1111 1883 1160 Long
1908 1110 1947 1147 ln
1970 1108 2212 1148 Bibliotheca
2225 1109 2331 1149 Exc-

1371 1174 1496 1224 getica
1519 1184 1606 1223 pag.
1630 1172 1718 1210 683.

1424 1235 1485 1273 Ex
1501 1236 1687 1273 Tractatu
1710 1235 1821 1272 brevi
1846 1233 1892 1272 de
1912 1232 2152 1286 poenitentia
2167 1264 2178 1282 ,
2197 1234 2277 1273 MS.
2294 1235 2331 1271 in

1372 1297 1613 1336 Bibliotheca
1632 1296 1797 1346 Angliae
1815 1296 2098 1346 Lambethana‚
2116 1299 2222 1334 etex
2241 1296 2334 1335 Ser-

1371 1370 1528 1397 monum
1558 1359 1768 1397 Volumine
1811 1359 1849 1396 in
1891 1358 2032 1397 eadem
2074 1357 2334 1405 Bibliotheca,

1371 1421 1476 1472 quod
1501 1424 1616 1460 vocat
1638 1420 1927 1471 pulcherrimo,
1952 1420 2038 1459 loca
2061 1418 2257 1470 quaedam
2280 1419 2336 1457 af-

1374 1485 1449 1522 fert
1486 1484 1680 1522 Henricus
1714 1483 1961 1521 Warthonus
1999 1483 2037 1520 in
2073 1482 2249 1521 auctario
2287 1480 2336 1520 ad

1374 1545 1507 1584 Usscri
1532 1545 1736 1582 historiam
1760 1544 2023 1594 dogmaticam
2041 1556 2078 1595 p.
2097 1542 2172 1582 407
2187 1546 2228 1581 et
2244 1543 2333 1581 353.

1426 1609 1480 1646 Dc
1505 1605 1765 1645 Sermonibus
1788 1606 2035 1645 comestoris
2060 1606 2146 1643 sive
2164 1604 2252 1653 illis,
2269 1604 2335 1654 qui

1373 1669 1447 1707 sub
1471 1670 1619 1706 PETRI
1644 1667 1867 1706 Blaesensis
1891 1667 1924 1715 a)
1945 1667 2136 1717 leguntur
2160 1665 2334 1713 nomine,

1373 1732 1458 1769 sive.
1483 1730 1568 1767 aliis
1592 1733 1632 1767 et
1655 1729 1703 1767 de
1728 1729 1863 1767 CXIV.
1888 1729 1992 1777 illis,
2017 1729 2084 1778 qui
2115 1730 2333 1766 servantur

1374 1793 1411 1829 in
1452 1790 1695 1830 Bibliotheca
1724 1791 1980 1841 Longipontis
2004 1789 2165 1829 Ordinis
2190 1789 2339 1828 Cister-

1373 1854 1520 1892 ciensis
1551 1853 1589 1890 in
1615 1853 1859 1903 Episcopatu
1900 1850 2211 1900 Svessionensi,
2235 1853 2275 1888 et
2299 1850 2338 1886 in

1373 1914 1626 1954 Bibliothecis
1664 1914 1750 1952 aliis
1774 1914 1923 1952 Galliae
1948 1912 2225 1963 Angliaeque,
2249 1909 2341 1948 vide

1373 1976 1575 2016 Oudinurn
1600 1981 1694 2014 tom.
1715 1977 1747 2014 II
1768 2007 1776 2026 ,
1797 1987 1884 2026 pag.
1903 1973 2019 2014 4527.
2036 1985 2119 2024 seq.
2140 1973 2339 2012 Bulacum

1374 2038 1464 2076 hist.
1492 2037 1751 2076 Accademiae.
1776 2037 2010 2075 Parisiensis
2034 2040 2129 2073 tom.
2158 2035 2222 2081 IV,
2247 2044 2336 2084 pag.

1376 2100 1464 2138 374.
1490 2110 1600 2148 seqq.
1624 2100 1733 2138 Nova
1775 2099 1979 2136 Litteraria
2019 2098 2139 2135 maris
2163 2096 2332 2134 Balthici

1376 2161 1450 2199 An.
1477 2160 1605 2208 4698,
1632 2171 1718 2210 pag.
1746 2159 1837 2197 246.

1429 2223 1637 2260 Sermones
1663 2220 1831 2259 LXVIII.
1860 2231 1988 2270 nuper
2013 2220 2229 2258 venierunt
2253 2218 2344 2258 llat-

1378 2285 1465 2321 niae
1490 2285 1528 2320 in
1552 2282 1789 2321 Bibliotheca
1814 2280 2123 2332 Rostgaardiana
2141 2291 2230 2331 pag.
2249 2280 2338 2319 464.

1434 2346 1659 2384 Sermonem
1698 2343 1744 2382 de
1779 2341 2040 2382 immaculata
2080 2342 2124 2380 B.
2169 2340 2342 2392 Viryim's

1380 2407 1623 2459 conceptione
1647 2406 1800 2445 editum
1839 2416 1931 2443 esse
1957 2403 2216 2453 Antwerpiae
2242 2402 2345 2441 4536

1381 2482 1429 2508 ex
1454 2471 1560 2508 MSto
1584 2468 1727 2507 Codice
1750 2466 2045 2506 Bibliothaecae
2074 2463 2318 2516 Anglicanae
2334 2492 2343 2506 ,

1382 2536 1492 2569 notat
1517 2531 1697 2569 Labbcus
1718 2533 1812 2567 tom.
1841 2529 1887 2567 II.
1917 2527 1965 2566 de
1992 2527 2031 2566 S.
2056 2526 2102 2565 E.
2128 2537 2214 2576 pag.
2239 2524 2331 2565 200.

1436 2592 1485 2631 Ut
1510 2604 1636 2631 venae
1674 2593 1794 2630 ctiam
1825 2590 2074 2630 comestoris
2098 2587 2302 2638 specimen
2326 2597 2349 2624 a

1383 2667 1445 2693 me
1471 2655 1620 2693 Lectori
1641 2654 1840 2702 offeratur⁷
1856 2663 1904 2690 en
1922 2648 2183 2690 Decastichon
2199 2647 2242 2686 in
2256 2645 2345 2686 lau-

1383 2717 1469 2755 dem
1505 2715 1727 2755 B.Marz'c1.e
1755 2713 1952 2765 Viryinis,
1988 2711 2094 2763 quod
2133 2713 2348 2750 servarunt

1383 2780 1616 2817 Vincentius
1654 2778 1801 2817 Bellov.
1827 2776 1986 2825 XXIX,
2014 2776 2049 2814 4.
2077 2771 2230 2824 speculi
2253 2770 2346 2810 hist.

1384 2846 1425 2879 et
1445 2841 1672 2880 Antoninus
1688 2839 1939 2878 Florentinus
1963 2845 2146 2876 summae
2170 2833 2263 2872 hist.
2286 2833 2345 2870 tit.

1389 2906 1435 2943 48
1455 2932 1464 2948 ,
1493 2915 1576 2954 cap.
1609 2904 1658 2951 8,
1689 2906 1783 2939 tom.
1813 2901 1895 2948 ΙΙΙ,
1926 2910 2014 2951 pag.
2044 2896 2112 2936 77.

1381 2987 1411 3016 Si
1439 2985 1509 3016 fieri
1536 2985 1645 3023 posset
1672 2979 1761 3020 quod
1784 2987 1907 3011 arenae
1930 2978 2040 3018 pulvis
2063 2980 2097 3008 et
2120 2973 2231 3007 undae

1383 3034 1552 3066 Undarum
1575 3035 1689 3072 guttae
1704 3054 1714 3068 ‚
1739 3037 1815 3060 rosa
1830 3052 1840 3066 ,
1865 3033 2016 3067 gemmae
2031 3048 2042 3064 ‚
2067 3025 2138 3056 lilla
2160 3022 2315 3054 flammae
2329 3043 2341 3060 ‚

1382 3084 1512 3116 AEtlicre
1534 3081 1712 3114 coelicolae
1726 3102 1736 3116 ‚
1762 3080 1819 3109 nix
1834 3101 1843 3115 ,
1871 3077 2000 3116 grando
2015 3100 2025 3114 ‚
2050 3081 2148 3106 sexus
2172 3074 2315 3110 uterque
2331 3093 2342 3108 ‚

1386 3137 1568 3165 ventorum
1579 3137 1718 3172 pennae,
1733 3127 1921 3163 volucrum,
1933 3123 2098 3165 pecudum
2108 3127 2213 3162 genus
2223 3126 2337 3156 omne,

1388 3183 1558 3223 sylvarum
1581 3181 1689 3219 rami,
1716 3176 1848 3209 frondes
1864 3199 1872 3213 ‚
1897 3176 2010 3206 avium
2033 3177 2167 3212 quoque
2191 3175 2346 3208 pennae,

1453 3294 1484 3332 a)
1507 3293 1662 3325 Biblioth.
1685 3294 1819 3323 patrum
1843 3290 1924 3318 tom.
1952 3285 2059 3315 xxiv.
2095 3279 2176 3312 edit.
2201 3277 2354 3318 Lugduni.

1394 3353 1471 3385 pag.
1496 3343 1587 3374 1533.
