2500 3841
872 223 1330 264 BONIFACIUS

101 300 181 338 siae
203 296 418 349 praelixam
440 294 599 336 viaticis
620 295 708 335 eius
736 295 1056 337 eoecurse'onibies.

96 360 232 408 Quoad
248 361 335 399 eius
355 359 663 410 apologiam7seu
678 359 991 409 Responsionem
1008 361 1057 399 ad

96 413 311 474 apologiam
336 421 432 460 nihil
456 420 563 460 aliud
577 431 668 459 esse
690 425 799 471 puto,
815 432 936 471 quam
956 434 1058 471 quae

98 486 241 537 legitur
256 485 450 535 impressa
473 484 510 521 in
537 483 614 521 fine
637 483 873 521 viaticarum
891 485 976 522 eius
991 495 1060 522 ex-

94 548 344 596 cursionum‚
369 545 436 585 ubi
460 548 595 584 narrat
618 556 720 595 quae
749 545 821 584 sibi
845 545 894 584 ab
918 546 1058 585 adver-

94 611 210 649 sariis
228 607 431 648 toleranda
456 609 603 647 fuerint-
625 607 807 646 adversa.
831 608 1057 660 Quadrage—

93 672 255 712 simales
277 672 364 710 eius
392 671 604 709 conciones
639 669 872 722 prodierunt
895 672 1053 710 Parisiis

93 745 157 773 an.
179 732 282 773 ⁴5⁴7
305 734 346 772 in
372 733 406 771 4.

136 794 437 836 BONIFACIUS
449 796 625 846 Scriptor
638 794 745 834 Vitae
758 796 796 834 S.
805 795 1053 835 Lz'vc‘niFlan-

89 859 197 898 driae
214 860 300 899 Sec.
315 859 385 897 VII
402 857 599 910 Apostoli,
615 869 736 908 quam
758 859 956 897 Bonifacio
975 860 1054 897 Mo-

89 923 257 973 guntino
281 923 432 960 incerta
461 920 538 959 fide
567 919 730 970 quidam
770 920 982 968 tribuunt,
1013 926 1053 959 et

89 996 182 1024 cum
205 983 292 1034 ejus
310 983 501 1034 Epistolis
527 983 710 1021 Serarius
729 982 831 1020 dono
847 987 1050 1033 acceptam

88 1058 111 1085 a
128 1048 290 1094 Miraeo‚
315 1045 450 1084 edidit.
472 1046 618 1084 Exstat
658 1046 697 1083 in
726 1044 935 1083 Mabillonii
964 1044 1050 1083 Sec.

88 1111 113 1149 2
133 1108 325 1148 Actorum
342 1109 581 1147 Sanctorum
601 1106 845 1145 Benedictin.
867 1117 952 1156 pag.
973 1106 1049 1143 448

87 1173 155 1222 qui
178 1182 266 1210 eam
291 1171 435 1209 seniori
450 1170 646 1208 Bonifacio
664 1169 769 1206 circa
787 1167 948 1206 Annum
972 1168 1050 1206 680

89 1233 237 1272 tribuit.
258 1232 370 1272 Adde
392 1243 497 1282 quae
516 1231 565 1269 de
584 1231 656 1268 hoc
672 1231 810 1268 Livino
827 1241 876 1268 ex
891 1231 1052 1269 Brevia-

88 1296 144 1334 rio
166 1295 368 1334 Ecclesiae
391 1293 616 1333 Gandensis
645 1292 787 1330 Surius
807 1292 856 1330 42
878 1292 1050 1330 Novem-

86 1357 188 1406 bris,
204 1358 272 1397 ubi
291 1358 410 1396 etiam
426 1356 476 1395 de
496 1353 667 1395 Lebuino
686 1355 928 1393 Francorum
943 1353 1047 1405 Apo-

88 1421 189 1458 stolo
213 1421 511 1469 saxonumque.

140 1481 444 1522 BONIFACIUS
467 1480 670 1519 Ferrarius
693 1478 742 1517 de
762 1478 954 1522 Valentia,
974 1478 1048 1518 fra-

88 1550 148 1583 ter
169 1545 211 1583 S.
231 1544 430 1582 Vincentii
453 1543 630 1590 Ferrarii,
646 1541 864 1580 Catalanus
879 1541 1049 1580 Carthu-

85 1608 232 1646 siensis
255 1607 379 1653 Prior,
401 1607 469 1656 qui
502 1604 619 1644 Anno
644 1605 746 1644 4419
768 1604 789 1625 *
812 1603 922 1651 obiit,
953 1605 1050 1642 scri-

84 1670 166 1721 psit
189 1673 294 1708 teste
315 1668 533 1708 Trithemio
552 1679 635 1719 cap.
675 1665 776 1713 757..
793 1667 878 1706 Cur
907 1665 948 1704 in
973 1666 1046 1705 Or-

84 1731 175 1770 dine
195 1730 476 1772 Carthasiensi
489 1729 617 1782 pauci
636 1728 865 1769 canonizati
884 1728 987 1778 sinc,
1013 1732 1050 1768 et

85 1793 284 1833 miracula
294 1791 454 1845 publice
462 1804 539 1830 non
554 1791 720 1844 faciant.
735 1791 784 1831 ad
803 1792 1047 1830 Bonifacium

85 1856 430 1895 Carthusiensem:
454 1855 507 1894 Et
529 1853 752 1907 Epz'slolas,
777 1858 818 1892 et
837 1853 884 1892 de
902 1864 1047 1906 appro-

89 1916 245 1957 batione
267 1916 442 1958 Ordinis.

138 1979 409 2033 *Bonifacius
431 1978 578 2018 Fereri
607 1990 680 2018 seu
713 1978 916 2017 Ferrerius
953 1978 1049 2017 scri-

83 2043 165 2094 psit
176 2045 394 2081 tractatum
412 2052 483 2092 pro
498 2040 728 2079 defensione
746 2040 949 2079 Benedicti
972 2041 1047 2079 XII

84 2103 302 2154 Pontificis‚
325 2104 392 2156 uti·
418 2107 591 2153 vocant,
613 2101 922 2141 Avenioniensis
939 2133 949 2149 ‚
979 2104 1047 2153 qui

85 2168 126 2205 in
157 2167 375 2205 schismate
405 2169 543 2205 contra
579 2165 784 2205 Urbanum
821 2166 871 2204 VI
909 2169 950 2204 et
976 2167 1049 2204 Be-

85 2228 289 2268 nedictum
311 2229 386 2284 XII
410 2227 525 2268 sedit.
549 2228 799 2279 Opusculum
823 2227 931 2266 istud
959 2228 1049 2267 vul-

83 2293 193 2343 gavit
215 2293 256 2330 P.
275 2292 451 2331 Martene
474 2290 669 2330 Anecdot.
697 2291 750 2337 11,
784 2291 885 2329 ⁴435
913 2290 978 2329 ubi
1008 2294 1050 2329 et

86 2353 230 2393 adiecit
257 2353 438 2393 eiusdem
460 2353 649 2392 Bonifacii
671 2353 892 2404 Epistolam
915 2352 961 2391 ad
987 2354 1050 2391 Fr.

82 2415 343 2462 Bernardum,
359 2427 481 2467 quem
495 2417 704 2455 certiorem
715 2416 807 2454 facit
826 2417 868 2454 F.
884 2415 1052 2454 Guillel-

84 2489 176 2517 mus
213 2477 262 2517 de
297 2479 429 2517 Motan
453 2478 767 2517 Chartusianum
803 2478 941 2516 relicto
964 2476 1051 2515 Bal-

83 2540 266 2579 thassare
307 2540 416 2579 Coxa
457 2541 652 2579 transisse
696 2539 745 2579 ad
788 2538 1049 2578 Benedictum

83 2601 189 2642 XIII.
216 2600 520 2653 Subiunguntur
543 2601 688 2639 ibidem
712 2601 848 2639 literae
871 2604 955 2637 tres
977 2600 1050 2637 Be-

85 2662 232 2702 nedicti
247 2662 297 2702 ad
316 2663 504 2702 eumdem
524 2663 767 2701 Bonifaeium
782 2692 790 2710 ,
807 2673 927 2712 quem
947 2661 1050 2711 prio-

84 2737 168 2764 rem
190 2723 351 2775 majoris
373 2724 609 2765 Carthusiae
631 2735 721 2762 esse
742 2723 917 2762 mandat.

137 2786 438 2827 BONIFACIUS
481 2787 702 2825 Simonetta
741 2784 1045 2824 Mediolanensis

83 2849 217 2889 Abbas
242 2849 468 2889 Monasterii
492 2849 530 2888 S.
555 2847 746 2898 Stephani
769 2845 818 2884 de
841 2846 974 2885 Cornu
1003 2846 1042 2883 in

85 2912 256 2951 dioecesi
277 2905 528 2957 Placentina,
553 2909 712 2948 Ordinis
735 2908 1010 2948 Cisterciensis
1027 2937 1039 2956 ,

86 2976 190 3014 circa
204 2974 366 3014 Annum
388 2974 503 3013 4490.
520 2973 695 3023 Scriptor
709 2970 850 3022 Operis
866 2971 904 3007 in
921 2969 1058 3017 libros,

84 3038 136 3076 VI
152 3037 352 3076 distributi
375 3036 676 3088 complectentis
693 3033 890 3084 Epistolas
905 3031 980 3071 279
1000 3035 1041 3069 et

84 3100 292 3138 Orationes
313 3104 415 3149 tres,
440 3100 479 3137 in
500 3098 645 3150 quibus
675 3096 940 3136 Christianam
968 3093 1042 3132 Re-

85 3162 268 3212 ligionem
287 3162 515 3213 Moysisque
552 3165 592 3199 et
625 3157 866 3199 Mahomedis
896 3158 1039 3203 Legem

86 3225 189 3262 inter
201 3235 244 3262 se
259 3229 480 3275 comparat,
499 3236 520 3263 e
535 3227 692 3275 praeter
711 3221 818 3259 varia
843 3217 1043 3257 Anatomi-

85 3297 155 3331 ca,
178 3285 351 3334 Medica,
381 3285 672 3337 Geographica.
702 3281 975 3322 Astronomiea
1004 3282 1044 3315 et

12 3371 17 3373 Α
85 3347 359 3388 Mathematica
382 3353 538 3396 tractat.
563 3348 611 3387 de
635 3347 882 3388 Christianae
903 3341 990 3382 tidei
1007 3345 1046 3379 ct

2017 221 2094 260 2111

1131 299 1240 336 Rom.
1266 296 1501 336 Pontificum
1527 292 1872 346 persecutionibus
1910 303 1930 330 a
1957 292 1995 331 S.
2027 294 2096 331 Pe-

1132 365 1192 399 tro
1229 360 1277 399 ad
1320 360 1598 398 Innocentium
1633 357 1734 395 VIII.
1763 355 1875 406 Opus
1916 354 2094 393 dicatum

1131 423 1269 461 Carolo
1300 423 1387 461 VIII
1430 421 1578 459 Galliae
1619 420 1740 469 Regi,
1777 421 1897 467 atque
1942 416 2094 456 editum

1129 485 1353 524 Mediolani·
1386 484 1500 524 4492.
1552 487 1593 521 ct
1640 483 1878 530 Hieronymo
1928 480 2096 518 Emsero

1130 553 1295 586 curante
1339 547 1516 586 Basileae
1558 545 1659 583 ⁴509
1698 547 1738 582 et
1770 553 1935 581 versum
1974 542 2092 580 etiam

1127 610 1274 649 Gallice
1295 610 1315 632 ³*
1338 609 1386 648 ab
1405 607 1624 647 Octaviano
1640 605 1688 643 de
1705 606 1744 643 S.
1766 605 1911 649 Gelais7
1931 604 2094 653 Episco-

1127 683 1176 722 po
1198 669 1504 721 Engolismensi.
1529 667 1627 706 Vide
1667 666 1854 705 Carolum
1893 665 1941 704 de
1972 665 2091 704 Visch

1125 745 1211 784 pag.
1238 734 1287 772 55
1311 744 1383 781 seq
1419 730 1516 769 Bibl.
1541 728 1830 768 Cisterciensis.

1177 792 1480 834 BONIFACIUS
1501 791 1743 842 EpiscopuS‚
1768 800 1887 839 quem
1913 790 2092 840 Sigeber-

1126 862 1193 896 tus
1215 855 1516 895 Gemblacensis
1553 863 1637 903 cap.
1674 852 1742 891 1121
1790 855 1900 888 notat
1924 853 2088 890 metrico

1127 919 1233 969 stylo
1256 919 1401 957 librum
1425 917 1634 966 scripsisse
1658 912 1705 952 cle
1733 911 1953 953 Virtutibus
1969 917 2007 951 et
2033 915 2092 952 Γί-

1129 981 1216 1029 ῐι“ιῗ3;
1238 993 1317 1019 non
1355 979 1542 1018 diversus
1584 979 1752 1016 fortasse
1777 988 1800 1015 a
1823 976 1861 1015 S.
1892 976 2089 1014 Bonifacio

1126 1044 1381 1094 Moguntino,
1406 1042 1454 1080 de
1479 1052 1558 1091 quo
1583 1051 1715 1091 supra.

1176 1105 1481 1145 BONIFACIUS
1504 1103 1744 1142 Veronensis
1768 1101 1969 1151 Princeps,
1999 1101 2091 1139 Sae-

1124 1168 1213 1207 culo
1236 1168 1309 1207 XV
1328 1172 1465 1206 auctor
1487 1166 1681 1217 poematis
1701 1164 1807 1202 mille
1832 1174 2025 1202 versuum
2042 1163 2089 1201 tle

1124 1232 1164 1269 S.
1187 1229 1393 1277 Veronz'ca,
1415 1227 1521 1279 quod
1536 1228 1614 1266 MS.
1638 1227 1710 1265 fuit
1726 1226 1764 1263 in
1780 1225 1876 1264 Bibl.
1893 1224 2087 1263 Gabrielis

1123 1292 1311 1332 Naudaei.
1349 1292 1508 1342 Incipit:
1547 1288 1739 1330 coelestes
1781 1287 1915 1327 aditus
1946 1290 1984 1326 ec
2009 1286 2092 1326 clivi

1122 1353 1299 1394 Numimz
1327 1352 1474 1393 vultus.

1172 1418 1412 1457 Laurentius
1430 1414 1832 1455 BONINCONTRIL'S
1864 1414 2086 1462 Hetruscus

1119 1480 1386 1528 Miniatensis,
1411 1479 1566 1517 amicus
1586 1476 1745 1515 Marsilii
1757 1476 1890 1523 Ficini7
1908 1477 1975 1526 qui
1993 1487 2087 1514 eum

1119 1543 1210 1594 plus
1235 1541 1400 1592 simplici
1426 1541 1514 1578 vice
1553 1538 1689 1577 laudat
1712 1539 1751 1575 in
1771 1539 1973 1588 Epistolis.
2003 1540 2085 1577 Hu-

1122 1605 1320 1644 maniores
1343 1604 1497 1642 litteras
1531 1601 1666 1640 docuit
1702 1602 1902 1646 Mantuae,
1928 1604 1972 1638 ut
1995 1612 2088 1639 con-

1121 1671 1202 1706 stat
1224 1678 1275 1705 ex
1294 1665 1447 1705 Alberti
1468 1665 1634 1703 Mussati
1670 1664 1709 1700 in
1734 1674 1826 1701 eum
1856 1664 2031 1701 carmine
2057 1668 2085 1702 t.

1119 1730 1170 1768 VI
1193 1716 1386 1767 Thesauri
1409 1728 1654 1777 Scriptorum
1675 1725 1810 1763 ltaliae
1826 1726 2085 1763 Burmannia-

1120 1793 1159 1830 ni
1190 1793 1232 1831 Ρ.
1255 1792 1289 1830 ΙΙ
1312 1803 1399 1842 pag.
1425 1791 1486 1829 50.
1507 1790 1617 1827 Inter
1637 1788 1784 1838 scripta
1803 1786 1926 1837 hujus
1944 1789 2088 1825 Bonin-

1118 1853 1260 1892 contrii
1279 1853 1533 1901 Pocciantus‚
1557 1854 1597 1889 et
1612 1850 1744 1888 Julius
1767 1850 1885 1899 Niger
1902 1850 1941 1887 in
1958 1850 2087 1887 Histo—

1120 1917 1177 1955 ria
1200 1917 1446 1968 Scriptorum
1474 1913 1792 1952 Florentinorum
1817 1911 1938 1949 refert
1959 1910 2083 1963 facto-

1120 1991 1213 2018 rum
1238 1977 1402 2027 librum,
1421 1988 1499 2027 quo
1524 1975 1724 2026 designari
1745 1973 1936 2013 videntur
1950 1973 2086 2012 Anna-

1121 2040 1194 2089 les,
1218 2053 1352 2081 rerum
1375 2039 1695 2078 Florentinorum
1715 2037 1906 2085 maxime,
1932 2037 1981 2075 ab
2005 2037 2085 2076 An—

1121 2115 1172 2142 no
1197 2104 1299 2143 ⁴360
1323 2113 1454 2153 usque
1477 2100 1526 2140 ad
1548 2099 1594 2139 A.
1622 2099 1724 2138 4458
1763 2100 1801 2136 in
1833 2099 1964 2137 lucem
1993 2098 2085 2136 editi

1120 2165 1284 2205 demum
1306 2176 1434 2215 nuper
1457 2175 1480 2202 a
1502 2161 1759 2201 celeberrimo
1781 2161 2015 2210 Muratorio,
2050 2163 2087 2198 in

1121 2228 1256 2267 limine
1275 2229 1372 2266 tomi
1394 2227 1506 2273 XXI,
1532 2223 1709 2275 (XXIII.)
1735 2223 1982 2273 Scriptorum
2006 2224 2083 2262 Ita—

1121 2291 1216 2341 liae,
1240 2304 1262 2331 a
1283 2302 1362 2342 quo
1384 2289 1472 2340 ejus
1492 2286 1615 2326 libros
1638 2286 1693 2325 IX
1722 2284 1769 2324 de
1807 2288 1901 2323 orm
1934 2287 2085 2336 Reyum

1123 2352 1475 2404 Neapolitanorum
1490 2349 1510 2372 *ς
1535 2353 1575 2388 et
1597 2360 1732 2387 rerum
1756 2347 1933 2398 undique
1957 2354 2087 2398 gesta-

1123 2427 1214 2454 rum
1236 2415 1286 2454 ad
1308 2414 1496 2464 Equitem
1525 2410 1785 2451 Antonellum
1823 2410 1871 2448 de
1901 2412 2085 2456 Petram,

1123 2477 1198 2515 alio
1238 2476 1450 2514 Volumine
1498 2472 1746 2523 vulgandum
1788 2476 2085 2522 exspectamus.

1124 2538 1235 2577 Idem
1256 2542 1320 2576 est
1339 2535 1753 2584 Bonincont1·ius,qui
1773 2533 1931 2572 Μαηιῖίί
1943 2535 2086 2573 Poetae

1121 2599 1424 2638 Ast-renomicon
1463 2598 1582 2636 libros
1603 2597 1637 2634 V
1661 2606 1753 2634 cum
1778 2596 2084 2634 Commentariis

1121 2661 1243 2699 edidit
1265 2661 1461 2700 Bononiae
1479 2658 1581 2698 4474
1599 2657 1711 2703 folio,
1736 2666 1922 2694 recusum
1938 2657 2084 2696 Romae

1122 2723 1223 2761 4484
1244 2722 1465 2772 eodemque
1485 2719 1600 2759 Anno
1619 2719 1858 2757 Florentiae:
1883 2718 1970 2768 Ipse
1987 2731 2083 2769 quo-

1118 2797 1195 2836 que
1215 2785 1376 2823 Heroico
1395 2783 1570 2822 carmine
1595 2780 1753 2830 scripsit
1777 2777 1899 2819 libros
1923 2783 2004 2818 tres
2019 2793 2080 2819 re-

1116 2858 1205 2885 rum
1222 2845 1463 2884 naturalium
1472 2848 1512 2883 et
1526 2844 1777 2885 Divinarum,
1793 2843 1879 2881 sive
1895 2841 1941 2881 de
1957 2842 2079 2882 rebus

1118 2906 1360 2948 Coelesczssbus
1375 2937 1383 2956 ⁷
1399 2918 1447 2945 ex
1472 2908 1600 2945 Lucae
1617 2905 1774 2944 Gaurici
1798 2902 2076 2955 recognitione,

1113 2970 1240 3009 editos
1256 2969 1431 3009 Basileae
1446 2967 1519 3007 An.
1534 2969 1546 3006 vl
1559 2968 1651 3010 5540,
1670 2968 1705 3005 4.
1720 2968 1758 3005 in
1775 2967 1920 3017 quibus
1939 2966 2076 3006 stilum

1113 3031 1274 3082 quidem
1289 3030 1397 3081 loiiye
1419 3028 1646 3082 inferiorem
1665 3032 1897 3080 armamento
1924 3027 2075 3078 judicat

1112 3093 1242 3133 Julius
1265 3092 1410 3133 Caesar
1430 3092 1603 3142 Scaliger
1628 3092 1692 3130 lib.
1719 3092 1765 3129 VI
1791 3090 1839 3129 de
1860 3102 1901 3128 re
1918 3091 2071 3130 Pomm

1172 3252 1186 3266 '⁶
1208 3253 1317 3284 Lablie
1340 3261 1416 3293 pag.
1435 3252 1496 3283 5231
1520 3252 1678 3284 Bibliolli.
1705 3254 1765 3282 MS.
1791 3252 1827 3282 ln
1849 3252 2074 3291 pei-securiori

1111 3302 1152 3333 de
1173 3302 1324 3342 l'quise
1347 3307 1381 3334 ee
1402 3304 1463 3334 des
1486 3303 1700 3335 Sonenraim
1723 3303 1892 3342 Eue-ques.

1175 3354 1186 3366 ⁸
1212 3358 1291 3386 Acta
1313 3355 1414 3387 Erud.
1437 3357 1474 3385 Α.
1499 3353 1578 3385 1755
1602 3362 1675 3393 pag.
1699 3352 1772 3384 412.

1643 3424 1663 3457 ῖς
1676 3424 1683 3460 Ι
1867 3439 1937 3473 ·.·.-.·.'=
