2500 3841
862 207 1243 247 BUCONIUS

107 272 357 319 BUCONIUS
380 273 548 313 Honorio
571 272 636 312 lib.
664 275 694 312 ll
719 286 803 326 cap.
825 275 873 313 77
893 276 942 313 de
959 276 1018 314 lu-

56 338 273 380 minaribus
294 336 522 384 Ecclesiae,
543 336 760 375 Trithemio
783 342 917 376 autem
931 349 1015 388 cap.

60 401 144 442 174.
183 397 435 439 Victorianus
467 397 687 446 Buconius,
709 398 813 437 idem
838 404 926 448 est,
951 400 1018 450 qui

56 465 94 501 in
118 460 312 501 Gennadii
336 459 578 499 editionibus
601 472 686 511 cap.
706 461 756 498 78
781 460 829 500 de
854 462 1019 512 scripto-

53 523 163 563 ribus
185 517 480 562 Ecclesiasticis
494 520 749 562 VOCOMUS
768 523 991 574 appellatur
1008 553 1016 572 ,

52 597 102 625 ex
126 584 324 635 frequenti
349 583 574 637 litterarum
595 586 637 623 B.
659 589 699 623 et
720 585 766 624 V.
785 585 1016 636 passimque

50 647 166 686 obvia
179 646 472 698 permutatione
489 658 497 683 ς
515 657 747 697 quanquam
764 645 1016 697 Corbejensis

51 707 186 749 Codex
197 707 396 747 Gennadii
413 738 422 758 ,
438 712 479 746 et
497 708 878 759 Gvelpherbytanus
894 710 1014 747 etiam

50 774 154 809 teste
168 769 426 810 celeberrimo
443 771 610 809 Doctore
619 771 790 810 Ernesto
805 770 1016 809 Salomone

49 831 266 883 Cypriane,
283 832 406 870 refert
427 831 663 870 Buconium.
679 832 749 870 Hic
766 831 1016 871 Castellanae

47 893 159 933 urbis
180 894 439 933 Mauritaniae
454 894 559 932 circa
575 892 739 932 Annum
758 893 833 932 450
853 893 1017 944 Episco-

48 967 126 1006 pus
156 956 318 1006 scripsit
337 955 482 994 librum
505 954 703 994 adversus
722 954 926 994 Ecclesiae
945 955 1018 991 ini-

49 1019 174 1056 micos
189 1018 209 1055 J
216 1016 364 1056 udaeos
382 1046 390 1065 ,
414 1021 455 1056 et
476 1016 644 1056 Arianos
662 1047 670 1066 ,
694 1021 735 1055 et
757 1017 854 1055 alios
878 1016 1016 1054 haere-

46 1080 163 1126 ticos,
179 1085 221 1118 et
238 1079 589 1133 Sacramentorum
604 1079 822 1130 egregium,
838 1081 882 1116 ut
898 1081 1015 1115 vocat

46 1141 290 1190 GennadiuS,
308 1141 525 1191 volumen,
549 1138 620 1179 sed
644 1152 695 1179 ex
719 1139 807 1190 ejus
831 1139 1015 1179 lucubra-

47 1203 221 1242 tionibus
245 1202 346 1241 nihil
370 1202 419 1241 ad
445 1213 517 1240 nos
540 1203 736 1253 pervenit.

98 1264 436 1304 BULGARANUS
474 1265 618 1304 Comes
643 1264 718 1302 sub
755 1263 1011 1303 Gundemaro

46 1327 266 1365 Gothorum
289 1328 395 1378 Rege
429 1327 535 1366 circa
557 1325 721 1365 Annum
754 1326 830 1365 640
862 1326 1011 1365 Galliae

49 1387 317 1428 Narbonensis
340 1389 585 1439 praefectuS,
601 1386 663 1438 cuj
672 1399 719 1427 us
734 1386 1012 1439 Epistolarum

39 1448 195 1489 ε’κτσῖδα
218 1449 420 1489 editurum
445 1461 488 1489 se
516 1451 699 1501 promisit
713 1449 934 1490 Cardinalis
963 1450 1011 1488 de

47 1513 348 1564 Agvirre,notit.
370 1512 637 1552 Conciliorum
653 1513 863 1563 Hispaniae
878 1524 914 1563 p.
935 1512 1010 1551 404

45 1575 288 1626 exscriptam
317 1586 368 1613 ex
395 1573 539 1614 Codice
562 1573 781 1613 Overensis
806 1574 1010 1614 Ecclesiae

47 1637 350 1676 membranaceo
365 1640 458 1675 ante
471 1636 713 1686 quingentos
732 1647 858 1674 annos
874 1647 1013 1674 exara-

48 1704 103 1737 to:
120 1710 292 1749 quarum
310 1699 439 1749 prima
457 1702 499 1736 et
514 1697 692 1736 secunda
706 1697 832 1737 estad
848 1698 1012 1748 Episco-

46 1772 143 1812 pum
166 1759 368 1810 quendam
401 1760 607 1808 Franciae,
636 1760 753 1798 tertia
777 1759 824 1798 ad
849 1760 1013 1810 Episco-

45 1833 144 1873 pum
162 1822 294 1860 nescio
308 1832 445 1871 quem,
462 1824 605 1870 quarta
627 1825 668 1859 et
686 1822 825 1870 quinta
840 1820 890 1859 ad
911 1820 1014 1870 Aga-

45 1885 155 1935 pium
169 1884 427 1934 Episcopum,
445 1887 485 1921 et
508 1886 624 1921 sexta
645 1882 695 1921 ad
710 1881 1010 1921 Gundemarum

44 1948 205 1997 Regem.
236 1944 334 1984 Vide
355 1944 560 1985 Nicolaum
589 1945 810 1983 Antonium
828 1943 1011 1982 Biblioth.

44 2009 196 2047 veteris
215 2007 412 2057 Hispanae
433 2006 497 2044 lib.
513 2006 546 2045 V
560 2017 645 2056 cap.
664 2007 688 2045 5
704 2011 799 2044 tom.
817 2007 849 2055 I,
864 2018 902 2056 p.
920 2004 1012 2044 274.

21 2107 25 2109 Δ
99 2067 420 2108 BULGARINUS
441 2067 521 2117 (De
536 2065 790 2118 Bulyarinis)
809 2068 1012 2116 SenensiS,

42 2131 184 2179 JCtus,
198 2130 266 2181 qui
282 2129 382 2168 Pisis
397 2133 438 2167 et
458 2130 498 2166 in
517 2127 645 2180 patria
661 2128 796 2168 docuit
814 2130 920 2167 circa
933 2127 1008 2167 An.

49 2194 151 2233 4490
172 2194 341 2243 scriptor
363 2192 638 2230 commentarii
663 2192 703 2230 in
722 2192 782 2229 tit.
805 2190 854 2230 de
875 2191 1015 2229 verbo-

47 2266 138 2294 rum
161 2253 466 2306 obligationibus
486 2258 527 2292 et
550 2254 589 2291 in
613 2254 673 2292 tit.
699 2254 768 2304 qui
794 2252 951 2292 admitti
972 2254 1012 2291 in

45 2317 240 2356 bonorum
262 2316 559 2367 possessionem
582 2320 765 2367 possunt.

98 2377 120 2401 ³·
131 2379 231 2418 Eius
248 2379 505 2428 quaestiones
521 2379 561 2416 in
577 2379 637 2416 tit.
655 2377 751 2417 Cod.
767 2378 838 2430 qui
852 2377 1013 2416 admitti

47 2438 102 2478 ad
133 2437 266 2478 bonor.
297 2439 536 2491 possession.
566 2439 745 2491 possint,
777 2439 1011 2490 prodierunt

48 2501 166 2540 Senis
197 2511 268 2552 per
295 2502 394 2552 Mag.
427 2502 643 2540 Henricum
667 2501 826 2540 Harlem
858 2500 960 2540 4Ιι92
985 2501 1010 2539 f.

48 2561 242 2602 Eiusdem
257 2561 472 2613 disputatio
487 2573 528 2600 ιη
539 2573 616 2601 seae
631 2561 755 2601 dubia
771 2561 915 2613 leyalia
932 2574 1013 2601 una

48 2635 142 2663 cum
158 2623 320 2662 consilio
339 2621 394 2661 ad
404 2622 567 2661 eandem
585 2622 799 2662 materiam
814 2626 1013 2674 spectante

52 2684 142 2724 ibid.
169 2685 274 2724 4493
294 2695 365 2735 per
383 2683 505 2724 eund.
526 2685 566 2721 in
588 2685 652 2722 fol.

105 2748 150 2786 ln
175 2746 270 2787 Cod.
286 2747 363 2786 289
384 2747 578 2797 impresso
600 2746 782 2784 Biblioth.
807 2745 930 2784 Felini
954 2750 1017 2785 est

52 2811 247 2861 scriptum
269 2807 470 2860 Bulgarini
488 2818 577 2858 sup.
599 2807 768 2846 Rubrica
787 2806 913 2846 soluto
931 2809 1018 2847 Ma-

53 2869 235 2910 trimonio
263 2867 595 2921 quemadmodum
632 2867 702 2907 dos
730 2871 920 2919 petatur,
947 2870 1018 2908 im-

51 2943 239 2984 pressum
264 2932 380 2971 Senis
402 2942 473 2982 per
494 2931 593 2980 Mag.
611 2931 826 2969 Henricum
850 2929 899 2968 de
922 2931 1017 2970 Har-

54 2994 132 3033 lem
154 2994 250 3033 4494
261 3020 272 3033 .

106 3055 391 3102 BULGARUS,
411 3055 579 3094 Pisanus
597 3053 702 3100 aliis,
722 3052 849 3091 Arisio
867 3054 905 3091 in
923 3054 1017 3093 Cre-

55 3126 172 3156 mona
192 3118 382 3159 Litterata
399 3121 495 3155 tom.
516 3116 531 3154 1
549 3144 558 3164 ,
575 3126 663 3166 pag.
681 3114 731 3153 75
752 3125 834 3164 seq.
855 3116 1015 3153 Cremo-

57 3180 212 3229 nensis,
243 3178 314 3218 sed
339 3179 512 3231 Sigonio,
541 3177 1012 3226 Pancir0110,1³astrengo

55 3240 221 3292 aliisque
245 3241 394 3281 rectius
419 3241 459 3289 a)
484 3240 771 3288 Bononiensis,
797 3238 945 3277 Alberti
970 3239 1011 3276 F.

111 3318 145 3358 a)
169 3320 324 3353 Giornale
340 3319 556 3352 de’Letternti
578 3317 714 3351 d'itaiia
733 3321 812 3350 tom.
831 3319 882 3348 XV
900 3325 931 3356 p.
945 3315 1019 3347 205·

1976 208 2055 246 273

1088 279 1214 317 JCtus
1237 277 1439 316 excellens
1457 306 1464 325 ,
1486 282 1607 328 atque
1628 277 1814 316 Friderici
1835 277 2048 316 AEuobarbi

1092 341 1130 377 in
1150 339 1240 390 jure
1264 339 1312 378 de
1350 341 1505 378 caussis
1541 339 1851 390 appellationum
1883 338 2051 377 dicendo

1092 402 1283 452 vicarius,
1299 402 1401 440 circa
1421 400 1584 440 Annum
1607 399 1708 439 4160
1731 399 2052 452 scripsitqlossas

1093 463 1132 501 in
1149 464 1223 503 Jus
1242 461 1366 503 Civile
1381 463 1580 502 admixtas
1596 461 1864 510 Accursianis,
1880 467 1920 502 et
1931 463 2050 503 Com-

1093 527 1333 564 mentarium
1361 524 1408 563 cle
1441 523 1600 575 Reyulis
1623 524 1736 562 Juris
1773 523 1956 575 antiqui,
1981 525 2049 575 qui

1090 586 1235 625 additis
1257 588 1359 625 notis
1374 586 1590 625 Placentini
1607 587 1765 636 saepius
1789 586 1919 625 lucem
1937 585 2049 624 vidit.

1090 648 1234 687 Confer
1273 647 1496 687 Guidonem
1538 647 1802 686 Pancirollum
1841 647 1891 686 de
1933 647 2052 686 claris

1089 711 1239 760 Legum
1259 708 1548 759 Interpretibus
1568 707 1632 746 lib.
1659 709 1691 746 11
1716 719 1800 759 cap.
1820 710 1879 747 45.
1902 710 1970 759 qui
1992 710 2051 747 in-

1089 776 1150 810 ter
1169 772 1245 810 alia
1274 775 1384 808 notat
1406 769 1565 820 Bulgari
1589 771 1833 817 sententias,
1855 769 1904 808 de
1925 770 2049 808 ambi—

1090 844 1166 884 guo
1195 832 1285 883 jure
1322 831 1520 882 prolataS,
1545 831 1584 867 in
1607 831 1797 869 universa
1826 831 1939 870 ltalia
1963 834 2045 870 vim

1088 895 1188 945 Iegis
1211 894 1416 941 habuisse,
1433 897 1473 931 et
1493 893 1624 943 ipsum
1648 892 1754 943 quod
1773 897 1946 931 venusta
1963 905 2051 943 pro-

1090 956 1343 995 nunciatione
1367 953 1545 1002 doceret,
1571 965 1613 993 os
1636 965 1809 992 aureum
1842 954 1961 1004 vulgo
1986 965 2052 1005 ap-

1088 1017 1293 1068 pellatum.
1307 1018 1378 1056 Hic
1394 1017 1505 1055 Mart..
1530 1016 1714 1065 Gosiani,
1735 1017 1886 1066 Legum
1910 1016 2052 1054 Docto-

1088 1079 1168 1128 ris,
1193 1079 1448 1118 adversarius
1471 1079 1591 1117 etiam
1615 1089 1760 1128 corpus
1784 1089 1903 1116 suum
1923 1076 2049 1116 Anno.

1090 1140 1193 1180 4467
1216 1142 1258 1191 b)
1286 1142 1504 1179 moriturus
1527 1140 1726 1179 Bononiae
1750 1138 1797 1178 ad
1834 1139 1872 1178 S.
1906 1140 2053 1178 Procu-

1086 1202 1169 1241 Ium
1190 1203 1380 1242 tumulari
1396 1201 1519 1252 jussit
1531 1201 1646 1252 juxta
1663 1201 1803 1239 valvas
1818 1196 2023 1240 Ecclesiae
2040 1231 2047 1248 ,

1086 1266 1241 1304 Martini
1257 1265 1469 1315 sepulchro
1482 1263 1631 1302 directe
1646 1264 1864 1314 oppositas,
1875 1266 1933 1311 ut,
1950 1262 2055 1301 sicut

1086 1326 1222 1365 vivens
1245 1325 1306 1364 illi
1337 1325 1567 1364 contrarius
1593 1324 1748 1377 fuerat,
1774 1324 1831 1363 sic
1866 1324 2050 1376 deficiens

1087 1385 1327 1440 objiceretur
1359 1387 1400 1426 in
1436 1390 1571 1426 morte.
1596 1388 1636 1436 c)
1661 1387 1811 1426 Graeca
1850 1391 1986 1425 autem
2010 1388 2048 1424 in

1086 1450 1296 1489 Pandectis
1333 1462 1412 1488 non
1448 1450 1670 1500 BulgaruS,
1695 1453 1740 1487 ut
1764 1459 1784 1486 a
1808 1447 2048 1498 quibusdam

1086 1511 1297 1562 traditum,
1313 1516 1450 1563 utpote
1473 1511 1717 1550 Graecarum
1738 1510 1960 1548 litterarum
1980 1521 2048 1561 pe-

1086 1575 1223 1625 rinde,
1258 1580 1302 1614 ut
1337 1575 1556 1613 Accursius
1594 1573 1728 1611 minus
1761 1573 1940 1623 peritus,
1978 1572 2049 1611 sed

1086 1637 1377 1679 BURGUNDIO
1400 1638 1568 1675 Pisanus
1592 1635 1731 1673 Latina
1754 1634 1846 1672 fecit
1865 1664 1873 1682 ,
1907 1635 2050 1672 Leonis

1085 1700 1369 1740 Jurisconsulti
1406 1710 1533 1749 avus,
1558 1702 1602 1737 ut
1625 1709 1676 1736 ex
1698 1695 1895 1735 Odofredo
1924 1696 2048 1744 JCto,

1085 1764 1153 1814 qui
1187 1762 1234 1802 A.
1260 1763 1363 1802 4265
1397 1762 1596 1800 Bononiae
1619 1759 1739 1808 obiit,
1763 1759 2050 1798 commentario

1086 1826 1126 1862 in
1150 1825 1225 1876 leg.
1248 1825 1411 1875 l¹l,Dig.
1431 1823 1480 1861 de
1503 1821 1656 1873 legibus
1679 1820 1728 1859 ab
1752 1819 1892 1858 eodem
1916 1821 2053 1858 Panei-

1086 1887 1181 1926 rollo
1203 1886 1474 1925 observatum.

1125 1950 1200 1999 (50
1221 1948 1319 1988 Vide
1351 1947 1445 1987 Cosi
1469 1945 1533 1986 del
1567 1944 1689 1985 Vollia
1709 1945 1747 1982 in
1768 1955 1830 1994 op.
1865 1943 2051 1982 Memorie

1087 2010 1290 2050 d’Illustri
1310 2009 1461 2049 Pisani.
1485 2010 1574 2048 Pisa
1599 2006 1714 2047 4790.
1742 2006 1775 2043 [ι.
1804 2017 1837 2041 v.
1869 2006 1902 2044 4.

1126 2072 1379 2112 BULLARIA
1391 2072 1456 2111 ET
1471 2068 1736 2110 EPISTOLAE
1749 2066 2050 2107 PONTIFICUM

1087 2134 1417 2175 ROMANORUM.
1446 2134 1603 2172 Primus
1623 2129 1838 2181 Dionysius
1866 2129 2050 2180 Exiguus

1086 2198 1189 2236 circa
1213 2197 1361 2237 saeculi
1376 2197 1479 2235 sexti
1503 2195 1640 2244 initia,
1661 2192 1890 2232 Canonibus
1914 2191 2053 2231 Conci-

1085 2260 1227 2299 liorum
1245 2262 1365 2299 etiam
1382 2257 1620 2298 Pontificum
1634 2253 2053 2294 RomanorumDecre-

1084 2328 1124 2362 ta
1147 2324 1276 2374 coepit
1295 2321 1512 2373 adjungere
1531 2333 1537 2358 :
1559 2320 1678 2369 cujus
1701 2316 1932 2367 exemplum
1956 2320 2054 2355 sunt

1085 2385 1227 2423 imitati
1254 2385 1506 2435 complureS,
1531 2381 1580 2421 ad
1619 2379 1863 2419 Gratianum
1893 2389 2046 2427 usque,

1085 2445 1133 2483 de
1150 2446 1295 2496 quibus
1312 2445 1443 2483 dicere
1460 2456 1525 2482 me
1549 2443 1712 2481 memini
1729 2442 1768 2478 in
1789 2440 1923 2479 limine
1944 2444 1970 2476 t.
1993 2439 2049 2477 Xl

1084 2507 1350 2546 Bibliothecae
1373 2506 1574 2553 Graecae,
1600 2503 1771 2542 laudatis
1808 2503 1928 2540 etiam
1953 2500 2050 2537 viris

1087 2568 1214 2607 doctis
1237 2569 1304 2618 qui
1329 2567 1434 2605 idem
1460 2571 1553 2605 ante
1575 2576 1638 2603 me
1662 2566 1946 2614 argumentum
1971 2565 2051 2599 tra-

1088 2634 1323 2679 ctaverant,
1347 2633 1387 2667 et
1421 2627 1567 2678 quibus
1601 2625 1683 2676 jam
1707 2625 1800 2662 licet
1833 2622 2051 2673 adjungere

1089 2693 1285 2730 illustrem
1326 2691 1465 2728 Virum
1507 2690 1670 2727 Justum
1713 2685 1980 2724 Fontaninum
2010 2685 2050 2722 in

1090 2754 1184 2792 diss.
1210 2753 1258 2791 de
1282 2750 1591 2791 Collectionibus
1616 2749 1823 2787 Canonum
1844 2774 1851 2793 ,
1871 2755 2051 2795 praeser-

1091 2816 1161 2853 tim
1191 2814 1367 2853 Gratiani
1400 2813 1593 2857 Decreto‚
1616 2813 1709 2848 ante
1742 2808 1957 2846 editionem
1990 2807 2048 2844 Jo.

1090 2878 1441 2922 Turrecrematae,
1464 2874 1574 2911 Rom.
1612 2870 1713 2910 4726
1743 2870 1805 2908 fol.
1830 2867 2050 2918 Josephum

1093 2939 1219 2977 Saenz
1243 2936 1292 2974 de
1316 2935 1482 2985 Agvirre
1498 2966 1509 2983 ,
1534 2933 1784 2974 Cardinalem
1806 2930 1900 2969 diss.
1928 2931 1951 2968 2
1975 2930 2051 2968 Ec—

1079 2999 1336 3046 ‚clesiastica,
1361 2997 1579 3047 praemissa
1616 2994 1802 3034 Conciliis
1839 2992 2048 3042 Hispaniae

1090 3065 1184 3099 tom.
1211 3060 1244 3109 1,
1268 3070 1357 3110 pag.
1384 3059 1431 3096 42
1456 3069 1540 3108 seq.
1564 3057 1821 3096 Franciscum
1843 3053 1891 3091 de
1915 3054 2047 3105 Roye,

1145 3163 1181 3203 b)
1203 3162 1370 3194 Jobannes
1387 3161 1541 3193 Nicolaus
1562 3159 1731 3192 Pascbalis
1749 3157 1916 3190 Alidosius
1932 3155 1972 3188 de
1990 3158 2055 3186 Do-

1083 3213 1232 3246 ctoribus
1255 3214 1344 3243 suris
1368 3212 1529 3243 canonici
1551 3208 1819 3242 Bononiensibus
1843 3215 1919 3247 pag.
1942 3205 1995 3236 59.

1151 3263 1183 3302 c)
1207 3261 1362 3294 Giornale
1385 3260 1606 3292 dc’Leiteraii
1633 3258 1771 3289 d‘ltaiia
1787 3261 1870 3288 tom.
1892 3257 1919 3286 X
1937 3263 1973 3295 p.·
1991 3254 2055 3286 974

1082 3323 1121 3346 ex
1148 3311 1233 3345 Guil-
1261 3311 1431 3350 Pastrcngi
1453 3310 1509 3342 lib.
1537 3311 1576 3342 dc
1604 3307 1799 3347 Originibus
1821 3313 1933 3337 rerum
1948 3313 1982 3345 p.
2003 3303 2053 3335 15.

1623 3377 1673 3416 35
