<?xml version="1.0" encoding="UTF-8"?>
<!DOCTYPE html PUBLIC "-//W3C//DTD XHTML 1.0 Transitional//EN"
    "http://www.w3.org/TR/xhtml1/DTD/xhtml1-transitional.dtd">
<html xmlns="http://www.w3.org/1999/xhtml" xml:lang="en" lang="en">
 <head>
  <title>
</title>
<meta http-equiv="Content-Type" content="text/html;charset=utf-8" />
  <meta name='ocr-system' content='tesseract 3.04.00' />
  <meta name='ocr-capabilities' content='ocr_page ocr_carea ocr_par ocr_line ocrx_word'/>
</head>
<body>
  <div class='ocr_page' id='page_1' title='image "./bibliothecalatin01fabruoft_0133.png"; bbox 0 0 2500 3841; ppageno 0'>
   <div class='ocr_carea' id='block_1_1' title="bbox 918 188 2093 230">
    <p class='ocr_par' dir='ltr' id='par_1_1' title="bbox 918 188 2093 230">
     <span class='ocr_line' id='line_1_1' title="bbox 918 188 2093 230; baseline 0.001 -1"><span class='ocrx_word' id='word_1_1' title='bbox 918 188 1263 229; x_wconf 85' lang='lat' dir='ltr'>ANGELUS</span> <span class='ocrx_word' id='word_1_2' title='bbox 2041 192 2093 230; x_wconf 81' lang='lat'>95</span> 
     </span>
    </p>
   </div>
   <div class='ocr_carea' id='block_1_2' title="bbox 97 258 1082 3357">
    <p class='ocr_par' dir='ltr' id='par_1_2' title="bbox 97 258 1058 374">
     <span class='ocr_line' id='line_1_2' title="bbox 97 258 1058 311; baseline -0.005 -8"><span class='ocrx_word' id='word_1_3' title='bbox 97 275 174 305; x_wconf 86' lang='lat' dir='ltr'>uno</span> <span class='ocrx_word' id='word_1_4' title='bbox 199 261 290 301; x_wconf 84' lang='lat' dir='ltr'>facit</span> <span class='ocrx_word' id='word_1_5' title='bbox 325 258 516 311; x_wconf 84' lang='lat' dir='ltr'><strong>Angelos,</strong></span> <span class='ocrx_word' id='word_1_6' title='bbox 547 259 908 311; x_wconf 87' lang='lat' dir='ltr'>Brunsvicensem‚</span> <span class='ocrx_word' id='word_1_7' title='bbox 936 260 1058 300; x_wconf 83' lang='lat' dir='ltr'>Saxo-</span> 
     </span>
     <span class='ocr_line' id='line_1_3' title="bbox 98 322 522 374; baseline -0.014 -8"><span class='ocrx_word' id='word_1_8' title='bbox 98 337 190 365; x_wconf 88' lang='lat' dir='ltr'>nem</span> <span class='ocrx_word' id='word_1_9' title='bbox 212 328 254 364; x_wconf 91' lang='lat' dir='ltr'>et</span> <span class='ocrx_word' id='word_1_10' title='bbox 275 322 522 374; x_wconf 86' lang='lat' dir='ltr'>Angelicum.</span> 
     </span>
    </p>

    <p class='ocr_par' dir='ltr' id='par_1_3' title="bbox 98 382 1066 875">
     <span class='ocr_line' id='line_1_4' title="bbox 151 382 1061 434; baseline -0.003 -7"><span class='ocrx_word' id='word_1_11' title='bbox 151 384 385 427; x_wconf 85' lang='lat' dir='ltr'>ANGELUS</span> <span class='ocrx_word' id='word_1_12' title='bbox 407 383 454 423; x_wconf 86' lang='lat' dir='ltr'>de</span> <span class='ocrx_word' id='word_1_13' title='bbox 483 382 719 432; x_wconf 79' lang='lat' dir='ltr'>Camerino,</span> <span class='ocrx_word' id='word_1_14' title='bbox 750 385 953 434; x_wconf 78' lang='lat' dir='ltr'>(Camers,</span> <span class='ocrx_word' id='word_1_15' title='bbox 988 386 1061 425; x_wconf 84' lang='lat' dir='ltr'>Ca-</span> 
     </span>
     <span class='ocr_line' id='line_1_5' title="bbox 98 446 1062 499; baseline -0.004 -9"><span class='ocrx_word' id='word_1_16' title='bbox 98 448 330 499; x_wconf 69' lang='lat' dir='ltr'>mertinus7)</span> <span class='ocrx_word' id='word_1_17' title='bbox 346 447 489 496; x_wconf 88' lang='lat' dir='ltr'>Italus,</span> <span class='ocrx_word' id='word_1_18' title='bbox 505 446 822 498; x_wconf 85' lang='lat' dir='ltr'>Augustinianus</span> <span class='ocrx_word' id='word_1_19' title='bbox 842 449 943 485; x_wconf 80' lang='lat' dir='ltr'>vixit</span> <span class='ocrx_word' id='word_1_20' title='bbox 959 449 1062 486; x_wconf 87' lang='lat' dir='ltr'>circa</span> 
     </span>
     <span class='ocr_line' id='line_1_6' title="bbox 101 508 1061 561; baseline -0.008 -7"><span class='ocrx_word' id='word_1_21' title='bbox 101 513 178 554; x_wconf 89' lang='lat' dir='ltr'>An.</span> <span class='ocrx_word' id='word_1_22' title='bbox 196 511 297 552; x_wconf 90' lang='grc'>4340</span> <span class='ocrx_word' id='word_1_23' title='bbox 321 510 559 561; x_wconf 78' lang='lat' dir='ltr'>scripsitque</span> <span class='ocrx_word' id='word_1_24' title='bbox 575 508 616 547; x_wconf 87' lang='lat' dir='ltr'>in</span> <span class='ocrx_word' id='word_1_25' title='bbox 635 512 808 561; x_wconf 81' lang='lat' dir='ltr'>quatuor</span> <span class='ocrx_word' id='word_1_26' title='bbox 829 508 1061 561; x_wconf 66' lang='lat' dir='ltr'>Evamqelia,</span> 
     </span>
     <span class='ocr_line' id='line_1_7' title="bbox 102 570 1063 625; baseline -0.006 -10"><span class='ocrx_word' id='word_1_27' title='bbox 102 576 145 615; x_wconf 85' lang='lat' dir='ltr'>in</span> <span class='ocrx_word' id='word_1_28' title='bbox 165 571 367 625; x_wconf 84' lang='lat' dir='ltr'>Epistolas</span> <span class='ocrx_word' id='word_1_29' title='bbox 393 570 532 621; x_wconf 88' lang='lat' dir='ltr'>Pauli,</span> <span class='ocrx_word' id='word_1_30' title='bbox 554 573 743 611; x_wconf 85' lang='lat' dir='ltr'>Lecturas</span> <span class='ocrx_word' id='word_1_31' title='bbox 765 570 807 609; x_wconf 87' lang='lat' dir='ltr'>in</span> <span class='ocrx_word' id='word_1_32' title='bbox 827 572 1063 623; x_wconf 73' lang='lat' dir='ltr'>Mayistrum</span> 
     </span>
     <span class='ocr_line' id='line_1_8' title="bbox 98 634 1064 679; baseline -0.008 0"><span class='ocrx_word' id='word_1_33' title='bbox 98 635 384 679; x_wconf 85' lang='lat' dir='ltr'>sententiarum</span> <span class='ocrx_word' id='word_1_34' title='bbox 399 634 678 675; x_wconf 85' lang='lat' dir='ltr'>Senishabitas</span> <span class='ocrx_word' id='word_1_35' title='bbox 692 639 733 674; x_wconf 88' lang='lat' dir='ltr'>et</span> <span class='ocrx_word' id='word_1_36' title='bbox 747 636 954 674; x_wconf 80' lang='lat' dir='ltr'>Bononiae.</span> <span class='ocrx_word' id='word_1_37' title='bbox 971 635 1064 674; x_wconf 88' lang='lat' dir='ltr'>Ser-</span> 
     </span>
     <span class='ocr_line' id='line_1_9' title="bbox 98 696 1066 750; baseline -0.005 -10"><span class='ocrx_word' id='word_1_38' title='bbox 98 710 230 740; x_wconf 84' lang='lat' dir='ltr'>mones</span> <span class='ocrx_word' id='word_1_39' title='bbox 253 698 303 739; x_wconf 88' lang='lat' dir='ltr'>ad</span> <span class='ocrx_word' id='word_1_40' title='bbox 327 698 516 750; x_wconf 90' lang='lat' dir='ltr'>populum</span> <span class='ocrx_word' id='word_1_41' title='bbox 540 698 656 737; x_wconf 91' lang='lat' dir='ltr'>Senis</span> <span class='ocrx_word' id='word_1_42' title='bbox 674 701 714 736; x_wconf 89' lang='lat' dir='ltr'>et</span> <span class='ocrx_word' id='word_1_43' title='bbox 737 698 932 736; x_wconf 80' lang='lat' dir='ltr'>Bononiae</span> <span class='ocrx_word' id='word_1_44' title='bbox 956 696 1066 735; x_wconf 90' lang='lat' dir='ltr'>habi-</span> 
     </span>
     <span class='ocr_line' id='line_1_10' title="bbox 99 757 1066 813; baseline -0.006 -10"><span class='ocrx_word' id='word_1_45' title='bbox 99 769 188 813; x_wconf 80' lang='lat' dir='ltr'>tos,</span> <span class='ocrx_word' id='word_1_46' title='bbox 216 765 258 802; x_wconf 92' lang='lat' dir='ltr'>et</span> <span class='ocrx_word' id='word_1_47' title='bbox 289 758 606 801; x_wconf 72' lang='lat' dir='ltr'>Commentarios</span> <span class='ocrx_word' id='word_1_48' title='bbox 644 758 686 798; x_wconf 86' lang='lat' dir='ltr'>in</span> <span class='ocrx_word' id='word_1_49' title='bbox 720 757 942 798; x_wconf 88' lang='lat' dir='ltr'>Aristotelis</span> <span class='ocrx_word' id='word_1_50' title='bbox 972 757 1066 811; x_wconf 85' lang='lat' dir='ltr'>peri</span> 
     </span>
     <span class='ocr_line' id='line_1_11' title="bbox 100 821 736 875; baseline -0.009 -9"><span class='ocrx_word' id='word_1_51' title='bbox 100 823 324 866; x_wconf 81' lang='lat' dir='ltr'>hermenias</span> <span class='ocrx_word' id='word_1_52' title='bbox 344 826 382 862; x_wconf 90' lang='lat' dir='ltr'>et</span> <span class='ocrx_word' id='word_1_53' title='bbox 396 821 736 875; x_wconf 85' lang='lat' dir='ltr'>praedicamenta.</span> 
     </span>
    </p>

    <p class='ocr_par' dir='ltr' id='par_1_4' title="bbox 101 884 1068 1178">
     <span class='ocr_line' id='line_1_12' title="bbox 153 884 1068 938; baseline -0.007 -10"><span class='ocrx_word' id='word_1_54' title='bbox 153 887 388 929; x_wconf 83' lang='lat' dir='ltr'>ANGELUS</span> <span class='ocrx_word' id='word_1_55' title='bbox 410 884 647 938; x_wconf 85' lang='lat' dir='ltr'>Capreolus,</span> <span class='ocrx_word' id='word_1_56' title='bbox 665 884 877 924; x_wconf 86' lang='lat' dir='ltr'>Carmelita</span> <span class='ocrx_word' id='word_1_57' title='bbox 891 885 1068 923; x_wconf 85' lang='lat' dir='ltr'>Brixien-</span> 
     </span>
     <span class='ocr_line' id='line_1_13' title="bbox 101 947 1068 1002; baseline -0.007 -10"><span class='ocrx_word' id='word_1_58' title='bbox 101 952 159 992; x_wconf 91' lang='lat' dir='ltr'>sis</span> <span class='ocrx_word' id='word_1_59' title='bbox 182 950 506 1002; x_wconf 87' lang='lat' dir='ltr'>Congregationis</span> <span class='ocrx_word' id='word_1_60' title='bbox 527 950 762 988; x_wconf 78' lang='lat' dir='ltr'>Mantuanae</span> <span class='ocrx_word' id='word_1_61' title='bbox 784 948 963 987; x_wconf 86' lang='lat' dir='ltr'>Vicarius</span> <span class='ocrx_word' id='word_1_62' title='bbox 991 947 1068 986; x_wconf 86' lang='lat' dir='ltr'>Ge-</span> 
     </span>
     <span class='ocr_line' id='line_1_14' title="bbox 102 1008 1066 1060; baseline -0.005 -6"><span class='ocrx_word' id='word_1_63' title='bbox 102 1014 248 1054; x_wconf 89' lang='lat' dir='ltr'>neralis</span> <span class='ocrx_word' id='word_1_64' title='bbox 270 1013 374 1052; x_wconf 86' lang='lat' dir='ltr'>circa</span> <span class='ocrx_word' id='word_1_65' title='bbox 394 1011 467 1051; x_wconf 88' lang='lat' dir='ltr'>An.</span> <span class='ocrx_word' id='word_1_66' title='bbox 499 1011 597 1050; x_wconf 86' lang='grc'>4479</span> <span class='ocrx_word' id='word_1_67' title='bbox 628 1014 765 1050; x_wconf 85' lang='lat' dir='ltr'>auctor</span> <span class='ocrx_word' id='word_1_68' title='bbox 786 1008 956 1060; x_wconf 79' lang='lat' dir='ltr'>Stellae,</span> <span class='ocrx_word' id='word_1_69' title='bbox 982 1011 1066 1049; x_wconf 90' lang='lat' dir='ltr'>sive</span> 
     </span>
     <span class='ocr_line' id='line_1_15' title="bbox 103 1071 1067 1127; baseline -0.005 -12"><span class='ocrx_word' id='word_1_70' title='bbox 103 1076 233 1127; x_wconf 90' lang='lat' dir='ltr'>operis</span> <span class='ocrx_word' id='word_1_71' title='bbox 256 1076 296 1114; x_wconf 94' lang='lat' dir='ltr'>iu</span> <span class='ocrx_word' id='word_1_72' title='bbox 309 1075 378 1114; x_wconf 88' lang='lat' dir='ltr'>VII</span> <span class='ocrx_word' id='word_1_73' title='bbox 400 1073 576 1113; x_wconf 82' lang='lat' dir='ltr'>rubricas</span> <span class='ocrx_word' id='word_1_74' title='bbox 595 1072 736 1123; x_wconf 83' lang='lat' dir='ltr'>digesti</span> <span class='ocrx_word' id='word_1_75' title='bbox 756 1071 804 1110; x_wconf 90' lang='lat' dir='ltr'>de</span> <span class='ocrx_word' id='word_1_76' title='bbox 827 1072 948 1110; x_wconf 82' lang='lat' dir='ltr'>variis</span> <span class='ocrx_word' id='word_1_77' title='bbox 967 1073 1067 1110; x_wconf 86' lang='lat' dir='ltr'>casi—</span> 
     </span>
     <span class='ocr_line' id='line_1_16' title="bbox 102 1134 1063 1178; baseline -0.005 0"><span class='ocrx_word' id='word_1_78' title='bbox 102 1139 177 1178; x_wconf 89' lang='lat' dir='ltr'>bus</span> <span class='ocrx_word' id='word_1_79' title='bbox 187 1139 226 1178; x_wconf 91' lang='lat' dir='ltr'>in</span> <span class='ocrx_word' id='word_1_80' title='bbox 240 1148 336 1177; x_wconf 88' lang='lat' dir='ltr'>usus</span> <span class='ocrx_word' id='word_1_81' title='bbox 350 1136 704 1175; x_wconf 82' lang='lat' dir='ltr'>Confessariorum.</span> <span class='ocrx_word' id='word_1_82' title='bbox 716 1134 869 1173; x_wconf 79' lang='lat' dir='ltr'>Brixiae</span> <span class='ocrx_word' id='word_1_83' title='bbox 882 1135 896 1173; x_wconf 93' lang='grc'>4</span> <span class='ocrx_word' id='word_1_84' title='bbox 908 1135 950 1173; x_wconf 79' lang='grc'>54</span> <span class='ocrx_word' id='word_1_85' title='bbox 964 1135 978 1173; x_wconf 87' lang='grc'>4</span> <span class='ocrx_word' id='word_1_86' title='bbox 1001 1135 1063 1173; x_wconf 86' lang='lat' dir='ltr'>fol.</span> 
     </span>
    </p>

    <p class='ocr_par' dir='ltr' id='par_1_5' title="bbox 103 1194 1068 1366">
     <span class='ocr_line' id='line_1_17' title="bbox 153 1194 1067 1247; baseline -0.004 -7"><span class='ocrx_word' id='word_1_87' title='bbox 153 1200 388 1240; x_wconf 88' lang='lat' dir='ltr'>ANGELUS</span> <span class='ocrx_word' id='word_1_88' title='bbox 410 1198 458 1238; x_wconf 81' lang='lat' dir='ltr'>de</span> <span class='ocrx_word' id='word_1_89' title='bbox 487 1197 632 1239; x_wconf 83' lang='lat' dir='ltr'>Cassia</span> <span class='ocrx_word' id='word_1_90' title='bbox 654 1196 789 1235; x_wconf 89' lang='lat' dir='ltr'>itidem</span> <span class='ocrx_word' id='word_1_91' title='bbox 813 1194 1067 1247; x_wconf 87' lang='lat' dir='ltr'>Augustinia-</span> 
     </span>
     <span class='ocr_line' id='line_1_18' title="bbox 104 1259 1068 1313; baseline -0.005 -10"><span class='ocrx_word' id='word_1_92' title='bbox 104 1275 180 1303; x_wconf 92' lang='lat' dir='ltr'>nus</span> <span class='ocrx_word' id='word_1_93' title='bbox 197 1293 206 1309; x_wconf 84' lang='lat'>‚</span> <span class='ocrx_word' id='word_1_94' title='bbox 228 1260 345 1313; x_wconf 88' lang='lat' dir='ltr'>cujus</span> <span class='ocrx_word' id='word_1_95' title='bbox 360 1260 464 1309; x_wconf 69' lang='lat' dir='ltr'>‚nihil</span> <span class='ocrx_word' id='word_1_96' title='bbox 487 1263 643 1311; x_wconf 87' lang='lat' dir='ltr'>praeter</span> <span class='ocrx_word' id='word_1_97' title='bbox 665 1268 866 1297; x_wconf 83' lang='lat' dir='ltr'>sermones</span> <span class='ocrx_word' id='word_1_98' title='bbox 894 1259 1068 1298; x_wconf 88' lang='lat' dir='ltr'>Domini-</span> 
     </span>
     <span class='ocr_line' id='line_1_19' title="bbox 103 1319 862 1366; baseline -0.011 0"><span class='ocrx_word' id='word_1_99' title='bbox 103 1326 212 1366; x_wconf 89' lang='lat' dir='ltr'>cales</span> <span class='ocrx_word' id='word_1_100' title='bbox 233 1329 274 1364; x_wconf 88' lang='lat' dir='ltr'>et</span> <span class='ocrx_word' id='word_1_101' title='bbox 297 1324 478 1363; x_wconf 88' lang='lat' dir='ltr'>Festivos</span> <span class='ocrx_word' id='word_1_102' title='bbox 502 1321 709 1360; x_wconf 86' lang='lat' dir='ltr'>memorari</span> <span class='ocrx_word' id='word_1_103' title='bbox 735 1319 862 1359; x_wconf 89' lang='lat' dir='ltr'>video.</span> 
     </span>
    </p>

    <p class='ocr_par' dir='ltr' id='par_1_6' title="bbox 104 1381 1076 1925">
     <span class='ocr_line' id='line_1_20' title="bbox 153 1381 1065 1435; baseline -0.004 -8"><span class='ocrx_word' id='word_1_104' title='bbox 153 1386 388 1427; x_wconf 91' lang='lat' dir='ltr'>ANGELUS</span> <span class='ocrx_word' id='word_1_105' title='bbox 410 1396 430 1423; x_wconf 90' lang='lat' dir='ltr'>e</span> <span class='ocrx_word' id='word_1_106' title='bbox 452 1381 617 1435; x_wconf 72' lang='lat' dir='ltr'>Cinqulo</span> <span class='ocrx_word' id='word_1_107' title='bbox 634 1412 643 1428; x_wconf 89' lang='lat'>‚</span> <span class='ocrx_word' id='word_1_108' title='bbox 666 1383 798 1422; x_wconf 86' lang='lat' dir='ltr'>Piceni</span> <span class='ocrx_word' id='word_1_109' title='bbox 834 1382 947 1434; x_wconf 91' lang='lat' dir='ltr'>opido</span> <span class='ocrx_word' id='word_1_110' title='bbox 972 1383 1065 1424; x_wconf 89' lang='lat' dir='ltr'>Cla-</span> 
     </span>
     <span class='ocr_line' id='line_1_21' title="bbox 104 1444 1066 1495; baseline -0.004 -6"><span class='ocrx_word' id='word_1_111' title='bbox 104 1460 227 1489; x_wconf 86' lang='lat' dir='ltr'>renus</span> <span class='ocrx_word' id='word_1_112' title='bbox 262 1460 286 1487; x_wconf 87' lang='lat' dir='ltr'>a</span> <span class='ocrx_word' id='word_1_113' title='bbox 321 1448 452 1486; x_wconf 88' lang='lat' dir='ltr'>vicino</span> <span class='ocrx_word' id='word_1_114' title='bbox 487 1447 653 1486; x_wconf 90' lang='lat' dir='ltr'>Clareno</span> <span class='ocrx_word' id='word_1_115' title='bbox 689 1444 872 1495; x_wconf 85' lang='lat' dir='ltr'>flumine,</span> <span class='ocrx_word' id='word_1_116' title='bbox 908 1446 1066 1486; x_wconf 85' lang='lat' dir='ltr'>Ordinis</span> 
     </span>
     <span class='ocr_line' id='line_1_22' title="bbox 104 1506 1068 1559; baseline -0.003 -8"><span class='ocrx_word' id='word_1_117' title='bbox 104 1513 298 1552; x_wconf 89' lang='lat' dir='ltr'>Minorum</span> <span class='ocrx_word' id='word_1_118' title='bbox 316 1510 327 1559; x_wconf 78' lang='lat'>‚&#39;</span> <span class='ocrx_word' id='word_1_119' title='bbox 343 1510 445 1548; x_wconf 81' lang='lat' dir='ltr'>vixit</span> <span class='ocrx_word' id='word_1_120' title='bbox 473 1508 603 1548; x_wconf 89' lang='lat' dir='ltr'>adhuc</span> <span class='ocrx_word' id='word_1_121' title='bbox 632 1506 707 1546; x_wconf 86' lang='lat' dir='ltr'>An.</span> <span class='ocrx_word' id='word_1_122' title='bbox 739 1506 842 1547; x_wconf 83' lang='grc'>4347</span> <span class='ocrx_word' id='word_1_123' title='bbox 865 1513 910 1547; x_wconf 89' lang='lat' dir='ltr'>ut</span> <span class='ocrx_word' id='word_1_124' title='bbox 947 1510 1068 1548; x_wconf 86' lang='lat' dir='ltr'>Wad-</span> 
     </span>
     <span class='ocr_line' id='line_1_23' title="bbox 104 1571 1066 1625; baseline -0.002 -12"><span class='ocrx_word' id='word_1_125' title='bbox 104 1573 250 1625; x_wconf 91' lang='lat' dir='ltr'>dingus</span> <span class='ocrx_word' id='word_1_126' title='bbox 278 1572 423 1612; x_wconf 90' lang='lat' dir='ltr'>docuit.</span> <span class='ocrx_word' id='word_1_127' title='bbox 446 1573 605 1611; x_wconf 86' lang='lat' dir='ltr'>Praeter</span> <span class='ocrx_word' id='word_1_128' title='bbox 634 1571 814 1609; x_wconf 78' lang='lat' dir='ltr'>Latinam</span> <span class='ocrx_word' id='word_1_129' title='bbox 843 1572 1066 1611; x_wconf 83' lang='lat' dir='ltr'>versionem</span> 
     </span>
     <span class='ocr_line' id='line_1_24' title="bbox 104 1631 1067 1687; baseline -0.002 -11"><span class='ocrx_word' id='word_1_130' title='bbox 104 1635 355 1687; x_wconf 85' lang='lat' dir='ltr'>Dialogorum</span> <span class='ocrx_word' id='word_1_131' title='bbox 387 1634 427 1674; x_wconf 91' lang='lat' dir='ltr'>S.</span> <span class='ocrx_word' id='word_1_132' title='bbox 456 1631 654 1682; x_wconf 77' lang='lat' dir='ltr'>Maoarii,</span> <span class='ocrx_word' id='word_1_133' title='bbox 684 1637 724 1672; x_wconf 89' lang='lat' dir='ltr'>et</span> <span class='ocrx_word' id='word_1_134' title='bbox 752 1634 998 1683; x_wconf 85' lang='lat' dir='ltr'>quorundam</span> <span class='ocrx_word' id='word_1_135' title='bbox 1027 1636 1067 1674; x_wconf 88' lang='lat' dir='ltr'>S.</span> 
     </span>
     <span class='ocr_line' id='line_1_25' title="bbox 107 1696 1073 1751; baseline -0.002 -13"><span class='ocrx_word' id='word_1_136' title='bbox 107 1696 378 1751; x_wconf 74' lang='lat' dir='ltr'>chrysostomi</span> <span class='ocrx_word' id='word_1_137' title='bbox 397 1696 716 1749; x_wconf 84' lang='lat' dir='ltr'>opusculorum,</span> <span class='ocrx_word' id='word_1_138' title='bbox 741 1700 782 1734; x_wconf 88' lang='lat' dir='ltr'>et</span> <span class='ocrx_word' id='word_1_139' title='bbox 800 1696 963 1736; x_wconf 75' lang='lat' dir='ltr'>Ioannis</span> <span class='ocrx_word' id='word_1_140' title='bbox 994 1697 1073 1738; x_wconf 87' lang='lat' dir='ltr'>Cli-</span> 
     </span>
     <span class='ocr_line' id='line_1_26' title="bbox 105 1757 1072 1811; baseline 0.001 -12"><span class='ocrx_word' id='word_1_141' title='bbox 105 1759 229 1810; x_wconf 87' lang='lat' dir='ltr'>maci,</span> <span class='ocrx_word' id='word_1_142' title='bbox 254 1759 412 1811; x_wconf 82' lang='lat' dir='ltr'>scripsit</span> <span class='ocrx_word' id='word_1_143' title='bbox 434 1757 803 1807; x_wconf 21' lang='lat' dir='ltr'>Commentariosnin</span> <span class='ocrx_word' id='word_1_144' title='bbox 822 1758 1012 1810; x_wconf 71' lang='lat' dir='ltr'>Reyulam</span> <span class='ocrx_word' id='word_1_145' title='bbox 1033 1762 1072 1800; x_wconf 88' lang='lat' dir='ltr'>S.</span> 
     </span>
     <span class='ocr_line' id='line_1_27' title="bbox 108 1820 1076 1874; baseline 0 -12"><span class='ocrx_word' id='word_1_146' title='bbox 108 1821 320 1862; x_wconf 85' lang='lat' dir='ltr'>Francisci</span> <span class='ocrx_word' id='word_1_147' title='bbox 330 1853 338 1873; x_wconf 86' lang='lat'>,</span> <span class='ocrx_word' id='word_1_148' title='bbox 362 1827 403 1862; x_wconf 90' lang='lat' dir='ltr'>et</span> <span class='ocrx_word' id='word_1_149' title='bbox 424 1820 644 1862; x_wconf 79' lang='lat' dir='ltr'>Historiam</span> <span class='ocrx_word' id='word_1_150' title='bbox 667 1820 713 1861; x_wconf 87' lang='lat' dir='ltr'>de</span> <span class='ocrx_word' id='word_1_151' title='bbox 732 1825 877 1874; x_wconf 83' lang='lat' dir='ltr'>septem</span> <span class='ocrx_word' id='word_1_152' title='bbox 899 1821 1076 1862; x_wconf 88' lang='lat' dir='ltr'>Tribula-</span> 
     </span>
     <span class='ocr_line' id='line_1_28' title="bbox 113 1883 708 1925; baseline -0.003 0"><span class='ocrx_word' id='word_1_153' title='bbox 113 1883 285 1925; x_wconf 82' lang='lat' dir='ltr'>tionibus</span> <span class='ocrx_word' id='word_1_154' title='bbox 310 1883 472 1925; x_wconf 87' lang='lat' dir='ltr'>Ordinis</span> <span class='ocrx_word' id='word_1_155' title='bbox 494 1883 708 1925; x_wconf 84' lang='lat' dir='ltr'>Minorum.</span> 
     </span>
    </p>

    <p class='ocr_par' dir='ltr' id='par_1_7' title="bbox 111 1946 1074 2737">
     <span class='ocr_line' id='line_1_29' title="bbox 163 1946 1073 2000; baseline -0.001 -11"><span class='ocrx_word' id='word_1_156' title='bbox 163 1949 402 1989; x_wconf 82' lang='lat' dir='ltr'>ANGELUS</span> <span class='ocrx_word' id='word_1_157' title='bbox 424 1948 625 1996; x_wconf 83' lang='lat' dir='ltr'>Carletus‚</span> <span class='ocrx_word' id='word_1_158' title='bbox 649 1946 695 1986; x_wconf 88' lang='lat' dir='ltr'>de</span> <span class='ocrx_word' id='word_1_159' title='bbox 712 1946 895 1988; x_wconf 87' lang='lat' dir='ltr'>Clavasie</span> <span class='ocrx_word' id='word_1_160' title='bbox 913 1978 921 1997; x_wconf 86' lang='grc'>,</span> <span class='ocrx_word' id='word_1_161' title='bbox 940 1950 1073 2000; x_wconf 80' lang='lat' dir='ltr'>Ligur,</span> 
     </span>
     <span class='ocr_line' id='line_1_30' title="bbox 112 2008 1074 2058; baseline 0.001 -8"><span class='ocrx_word' id='word_1_162' title='bbox 112 2010 205 2050; x_wconf 84' lang='lat' dir='ltr'>ord.</span> <span class='ocrx_word' id='word_1_163' title='bbox 230 2011 445 2058; x_wconf 89' lang='lat' dir='ltr'>minorum,</span> <span class='ocrx_word' id='word_1_164' title='bbox 468 2010 562 2048; x_wconf 86' lang='lat' dir='ltr'>obiit</span> <span class='ocrx_word' id='word_1_165' title='bbox 584 2008 659 2049; x_wconf 86' lang='lat' dir='ltr'>An.</span> <span class='ocrx_word' id='word_1_166' title='bbox 687 2010 801 2050; x_wconf 76' lang='grc'>4485.</span> <span class='ocrx_word' id='word_1_167' title='bbox 828 2012 985 2050; x_wconf 81' lang='lat' dir='ltr'>Praeter</span> <span class='ocrx_word' id='word_1_168' title='bbox 1007 2024 1074 2051; x_wconf 73' lang='lat' dir='ltr'>ex-</span> 
     </span>
     <span class='ocr_line' id='line_1_31' title="bbox 113 2070 1074 2124; baseline 0 -11"><span class='ocrx_word' id='word_1_169' title='bbox 113 2084 252 2113; x_wconf 84' lang='lat' dir='ltr'>cusam</span> <span class='ocrx_word' id='word_1_170' title='bbox 271 2072 470 2124; x_wconf 91' lang='lat' dir='ltr'>Compluti</span> <span class='ocrx_word' id='word_1_171' title='bbox 486 2072 589 2112; x_wconf 70' lang='lat'><strong>»1562</strong></span> <span class='ocrx_word' id='word_1_172' title='bbox 614 2073 649 2111; x_wconf 89' lang='grc'>4.</span> <span class='ocrx_word' id='word_1_173' title='bbox 664 2070 813 2112; x_wconf 87' lang='lat' dir='ltr'>Arcam</span> <span class='ocrx_word' id='word_1_174' title='bbox 829 2071 923 2124; x_wconf 81' lang='lat' dir='ltr'>fidei</span> <span class='ocrx_word' id='word_1_175' title='bbox 941 2077 981 2112; x_wconf 92' lang='lat' dir='ltr'>et</span> <span class='ocrx_word' id='word_1_176' title='bbox 996 2077 1074 2113; x_wconf 88' lang='lat' dir='ltr'>tra-</span> 
     </span>
     <span class='ocr_line' id='line_1_32' title="bbox 111 2133 1074 2187; baseline -0.001 -12"><span class='ocrx_word' id='word_1_177' title='bbox 111 2140 265 2175; x_wconf 87' lang='lat' dir='ltr'>ctatum</span> <span class='ocrx_word' id='word_1_178' title='bbox 288 2134 335 2174; x_wconf 88' lang='lat' dir='ltr'>de</span> <span class='ocrx_word' id='word_1_179' title='bbox 355 2133 672 2175; x_wconf 83' lang='lat' dir='ltr'>restitutionibus</span> <span class='ocrx_word' id='word_1_180' title='bbox 691 2137 850 2187; x_wconf 87' lang='lat' dir='ltr'>scripsit</span> <span class='ocrx_word' id='word_1_181' title='bbox 879 2146 1074 2175; x_wconf 87' lang='lat' dir='ltr'>summam</span> 
     </span>
     <span class='ocr_line' id='line_1_33' title="bbox 111 2197 1072 2249; baseline -0.001 -12"><span class='ocrx_word' id='word_1_182' title='bbox 111 2197 337 2249; x_wconf 74' lang='lat' dir='ltr'>Anyelicam</span> <span class='ocrx_word' id='word_1_183' title='bbox 344 2197 394 2237; x_wconf 93' lang='lat' dir='ltr'>de</span> <span class='ocrx_word' id='word_1_184' title='bbox 407 2197 566 2237; x_wconf 85' lang='lat' dir='ltr'>casibus</span> <span class='ocrx_word' id='word_1_185' title='bbox 583 2199 914 2238; x_wconf 84' lang='lat' dir='ltr'>conscientalibus</span> <span class='ocrx_word' id='word_1_186' title='bbox 927 2198 1072 2237; x_wconf 84' lang='lat' dir='ltr'>editam</span> 
     </span>
     <span class='ocr_line' id='line_1_34' title="bbox 112 2260 1073 2311; baseline -0.001 -12"><span class='ocrx_word' id='word_1_187' title='bbox 112 2261 250 2300; x_wconf 83' lang='lat' dir='ltr'>Venet.</span> <span class='ocrx_word' id='word_1_188' title='bbox 276 2261 394 2308; x_wconf 87' lang='grc'>4490,</span> <span class='ocrx_word' id='word_1_189' title='bbox 418 2261 442 2299; x_wconf 91' lang='grc'><strong>8</strong></span> <span class='ocrx_word' id='word_1_190' title='bbox 466 2264 507 2300; x_wconf 92' lang='lat' dir='ltr'>et</span> <span class='ocrx_word' id='word_1_191' title='bbox 529 2260 605 2300; x_wconf 88' lang='lat' dir='ltr'>sub</span> <span class='ocrx_word' id='word_1_192' title='bbox 627 2261 754 2300; x_wconf 88' lang='lat' dir='ltr'>titulis</span> <span class='ocrx_word' id='word_1_193' title='bbox 783 2260 916 2300; x_wconf 89' lang='lat' dir='ltr'>ordine</span> <span class='ocrx_word' id='word_1_194' title='bbox 939 2260 1073 2311; x_wconf 88' lang='lat' dir='ltr'>alpha-</span> 
     </span>
     <span class='ocr_line' id='line_1_35' title="bbox 112 2321 1072 2374; baseline 0 -13"><span class='ocrx_word' id='word_1_195' title='bbox 112 2321 240 2362; x_wconf 85' lang='lat' dir='ltr'>betico</span> <span class='ocrx_word' id='word_1_196' title='bbox 267 2321 473 2374; x_wconf 85' lang='lat' dir='ltr'>digestam.</span> <span class='ocrx_word' id='word_1_197' title='bbox 505 2322 602 2362; x_wconf 89' lang='lat' dir='ltr'>Vide</span> <span class='ocrx_word' id='word_1_198' title='bbox 636 2323 858 2363; x_wconf 90' lang='lat' dir='ltr'>Gesnerum</span> <span class='ocrx_word' id='word_1_199' title='bbox 881 2328 920 2363; x_wconf 92' lang='lat' dir='ltr'>et</span> <span class='ocrx_word' id='word_1_200' title='bbox 953 2322 1072 2362; x_wconf 91' lang='lat' dir='ltr'>Wad-</span> 
     </span>
     <span class='ocr_line' id='line_1_36' title="bbox 112 2383 1053 2437; baseline 0 -15"><span class='ocrx_word' id='word_1_201' title='bbox 112 2383 277 2436; x_wconf 88' lang='lat' dir='ltr'>dingum</span> <span class='ocrx_word' id='word_1_202' title='bbox 293 2415 303 2435; x_wconf 86' lang='lat'>,</span> <span class='ocrx_word' id='word_1_203' title='bbox 322 2385 391 2436; x_wconf 86' lang='lat' dir='ltr'>qui</span> <span class='ocrx_word' id='word_1_204' title='bbox 412 2384 605 2424; x_wconf 89' lang='lat' dir='ltr'>editiones</span> <span class='ocrx_word' id='word_1_205' title='bbox 628 2385 800 2425; x_wconf 90' lang='lat' dir='ltr'>Venetas</span> <span class='ocrx_word' id='word_1_206' title='bbox 819 2387 992 2437; x_wconf 88' lang='lat' dir='ltr'>quinque</span> <span class='ocrx_word' id='word_1_207' title='bbox 1013 2386 1053 2423; x_wconf 88' lang='lat' dir='ltr'>vi</span> 
     </span>
     <span class='ocr_line' id='line_1_37' title="bbox 113 2444 1070 2499; baseline 0.001 -15"><span class='ocrx_word' id='word_1_208' title='bbox 113 2444 219 2485; x_wconf 89' lang='lat' dir='ltr'>disse</span> <span class='ocrx_word' id='word_1_209' title='bbox 234 2457 277 2486; x_wconf 89' lang='lat' dir='ltr'>se</span> <span class='ocrx_word' id='word_1_210' title='bbox 300 2450 472 2486; x_wconf 87' lang='lat' dir='ltr'>testatur</span> <span class='ocrx_word' id='word_1_211' title='bbox 490 2458 591 2497; x_wconf 89' lang='lat' dir='ltr'>quae</span> <span class='ocrx_word' id='word_1_212' title='bbox 606 2452 762 2498; x_wconf 89' lang='lat' dir='ltr'>praeter</span> <span class='ocrx_word' id='word_1_213' title='bbox 780 2449 946 2499; x_wconf 88' lang='lat' dir='ltr'>primam</span> <span class='ocrx_word' id='word_1_214' title='bbox 963 2447 1070 2486; x_wconf 86' lang='lat' dir='ltr'>fuere</span> 
     </span>
     <span class='ocr_line' id='line_1_38' title="bbox 115 2508 1071 2560; baseline 0.001 -13"><span class='ocrx_word' id='word_1_215' title='bbox 115 2508 218 2548; x_wconf 81' lang='grc'>4492</span> <span class='ocrx_word' id='word_1_216' title='bbox 237 2512 278 2548; x_wconf 86' lang='lat' dir='ltr'>et</span> <span class='ocrx_word' id='word_1_217' title='bbox 308 2520 401 2548; x_wconf 90' lang='lat' dir='ltr'>eum</span> <span class='ocrx_word' id='word_1_218' title='bbox 436 2509 568 2548; x_wconf 88' lang='lat' dir='ltr'>Jacobi</span> <span class='ocrx_word' id='word_1_219' title='bbox 592 2509 789 2560; x_wconf 87' lang='lat' dir='ltr'>Ungarelli</span> <span class='ocrx_word' id='word_1_220' title='bbox 811 2509 1071 2550; x_wconf 89' lang='lat' dir='ltr'>additionibus</span> 
     </span>
     <span class='ocr_line' id='line_1_39' title="bbox 115 2569 1071 2623; baseline 0 -13"><span class='ocrx_word' id='word_1_221' title='bbox 115 2570 242 2619; x_wconf 73' lang='lat'><strong>4569,</strong></span> <span class='ocrx_word' id='word_1_222' title='bbox 267 2569 395 2620; x_wconf 81' lang='grc'>4578,</span> <span class='ocrx_word' id='word_1_223' title='bbox 422 2571 521 2610; x_wconf 78' lang='grc'>4582</span> <span class='ocrx_word' id='word_1_224' title='bbox 545 2571 687 2622; x_wconf 85' lang='lat' dir='ltr'>prodiit</span> <span class='ocrx_word' id='word_1_225' title='bbox 713 2574 831 2612; x_wconf 82' lang='lat' dir='ltr'>etiam</span> <span class='ocrx_word' id='word_1_226' title='bbox 870 2571 1071 2623; x_wconf 83' lang='lat' dir='ltr'>Lugduni,</span> 
     </span>
     <span class='ocr_line' id='line_1_40' title="bbox 116 2631 1072 2687; baseline 0 -16"><span class='ocrx_word' id='word_1_227' title='bbox 116 2636 204 2671; x_wconf 87' lang='lat' dir='ltr'>tum</span> <span class='ocrx_word' id='word_1_228' title='bbox 227 2631 466 2683; x_wconf 88' lang='lat' dir='ltr'>Argentinae</span> <span class='ocrx_word' id='word_1_229' title='bbox 497 2634 612 2674; x_wconf 80' lang='grc'>4543.</span> <span class='ocrx_word' id='word_1_230' title='bbox 647 2635 920 2687; x_wconf 79' lang='lat' dir='ltr'>Norimbergae</span> <span class='ocrx_word' id='word_1_231' title='bbox 945 2634 1072 2682; x_wconf 90' lang='grc'>4498,</span> 
     </span>
     <span class='ocr_line' id='line_1_41' title="bbox 118 2695 852 2737; baseline 0.003 -2"><span class='ocrx_word' id='word_1_232' title='bbox 118 2695 221 2735; x_wconf 79' lang='grc'>4588</span> <span class='ocrx_word' id='word_1_233' title='bbox 240 2698 315 2734; x_wconf 88' lang='lat' dir='ltr'>etc.</span> <span class='ocrx_word' id='word_1_234' title='bbox 337 2705 410 2733; x_wconf 88' lang='lat' dir='ltr'>nec</span> <span class='ocrx_word' id='word_1_235' title='bbox 433 2706 511 2734; x_wconf 92' lang='lat' dir='ltr'>non</span> <span class='ocrx_word' id='word_1_236' title='bbox 535 2697 668 2736; x_wconf 89' lang='lat' dir='ltr'>Italice</span> <span class='ocrx_word' id='word_1_237' title='bbox 690 2699 791 2737; x_wconf 81' lang='grc'>4593</span> <span class='ocrx_word' id='word_1_238' title='bbox 819 2698 852 2736; x_wconf 89' lang='grc'>4.</span> 
     </span>
    </p>

    <p class='ocr_par' dir='ltr' id='par_1_8' title="bbox 119 2756 1078 2997">
     <span class='ocr_line' id='line_1_42' title="bbox 168 2756 1075 2812; baseline 0 -16"><span class='ocrx_word' id='word_1_239' title='bbox 168 2756 190 2779; x_wconf 71' lang='lat'>&#39;¹‘</span> <span class='ocrx_word' id='word_1_240' title='bbox 210 2757 338 2796; x_wconf 88' lang='lat' dir='ltr'>Prima</span> <span class='ocrx_word' id='word_1_241' title='bbox 352 2756 469 2796; x_wconf 85' lang='lat' dir='ltr'>editio</span> <span class='ocrx_word' id='word_1_242' title='bbox 485 2768 664 2798; x_wconf 90' lang='lat' dir='ltr'>summae</span> <span class='ocrx_word' id='word_1_243' title='bbox 678 2759 816 2812; x_wconf 87' lang='lat' dir='ltr'>Angeli</span> <span class='ocrx_word' id='word_1_244' title='bbox 834 2759 882 2799; x_wconf 90' lang='lat' dir='ltr'>de</span> <span class='ocrx_word' id='word_1_245' title='bbox 899 2759 1075 2800; x_wconf 87' lang='lat' dir='ltr'>Clavasio</span> 
     </span>
     <span class='ocr_line' id='line_1_43' title="bbox 119 2819 1075 2873; baseline 0 -14"><span class='ocrx_word' id='word_1_246' title='bbox 119 2822 184 2859; x_wconf 85' lang='lat' dir='ltr'>est</span> <span class='ocrx_word' id='word_1_247' title='bbox 205 2819 297 2858; x_wconf 91' lang='lat' dir='ltr'>anni</span> <span class='ocrx_word' id='word_1_248' title='bbox 322 2819 424 2858; x_wconf 86' lang='grc'>4486</span> <span class='ocrx_word' id='word_1_249' title='bbox 447 2831 518 2870; x_wconf 90' lang='lat' dir='ltr'>per</span> <span class='ocrx_word' id='word_1_250' title='bbox 539 2821 770 2862; x_wconf 88' lang='lat' dir='ltr'>Jacobinum</span> <span class='ocrx_word' id='word_1_251' title='bbox 790 2823 838 2862; x_wconf 88' lang='lat' dir='ltr'>de</span> <span class='ocrx_word' id='word_1_252' title='bbox 859 2823 978 2873; x_wconf 90' lang='lat' dir='ltr'>Suigo</span> <span class='ocrx_word' id='word_1_253' title='bbox 994 2822 1075 2860; x_wconf 91' lang='lat' dir='ltr'>loeo</span> 
     </span>
     <span class='ocr_line' id='line_1_44' title="bbox 120 2880 1078 2937; baseline 0 -16"><span class='ocrx_word' id='word_1_254' title='bbox 120 2884 269 2922; x_wconf 87' lang='lat' dir='ltr'>incerto</span> <span class='ocrx_word' id='word_1_255' title='bbox 294 2882 334 2921; x_wconf 93' lang='lat' dir='ltr'>iu</span> <span class='ocrx_word' id='word_1_256' title='bbox 358 2882 391 2920; x_wconf 89' lang='grc'>4.</span> <span class='ocrx_word' id='word_1_257' title='bbox 416 2880 550 2921; x_wconf 83' lang='lat' dir='ltr'>Altera</span> <span class='ocrx_word' id='word_1_258' title='bbox 572 2888 635 2922; x_wconf 92' lang='lat' dir='ltr'>est</span> <span class='ocrx_word' id='word_1_259' title='bbox 661 2885 813 2924; x_wconf 83' lang='lat' dir='ltr'>Veneta</span> <span class='ocrx_word' id='word_1_260' title='bbox 854 2896 923 2937; x_wconf 86' lang='lat' dir='ltr'>per</span> <span class='ocrx_word' id='word_1_261' title='bbox 959 2884 1078 2923; x_wconf 90' lang='lat' dir='ltr'>Geor-</span> 
     </span>
     <span class='ocr_line' id='line_1_45' title="bbox 123 2943 1076 2997; baseline 0 -14"><span class='ocrx_word' id='word_1_262' title='bbox 123 2946 231 2997; x_wconf 87' lang='lat' dir='ltr'>gium</span> <span class='ocrx_word' id='word_1_263' title='bbox 252 2943 302 2984; x_wconf 89' lang='lat' dir='ltr'>de</span> <span class='ocrx_word' id='word_1_264' title='bbox 323 2944 536 2984; x_wconf 88' lang='lat' dir='ltr'>Rivabanis</span> <span class='ocrx_word' id='word_1_265' title='bbox 554 2946 812 2986; x_wconf 89' lang='lat' dir='ltr'>Mantuanum</span> <span class='ocrx_word' id='word_1_266' title='bbox 841 2948 933 2986; x_wconf 89' lang='lat' dir='ltr'>anni</span> <span class='ocrx_word' id='word_1_267' title='bbox 963 2944 1076 2987; x_wconf 82' lang='grc'>4487.</span> 
     </span>
    </p>

    <p class='ocr_par' dir='ltr' id='par_1_9' title="bbox 122 3006 1080 3246">
     <span class='ocr_line' id='line_1_46' title="bbox 173 3006 1080 3060; baseline -0.002 -13"><span class='ocrx_word' id='word_1_268' title='bbox 173 3007 406 3048; x_wconf 78' lang='lat' dir='ltr'>ANGELUS</span> <span class='ocrx_word' id='word_1_269' title='bbox 446 3006 494 3047; x_wconf 89' lang='lat' dir='ltr'>de</span> <span class='ocrx_word' id='word_1_270' title='bbox 536 3008 730 3048; x_wconf 82' lang='lat' dir='ltr'>Cremona</span> <span class='ocrx_word' id='word_1_271' title='bbox 765 3009 1080 3060; x_wconf 84' lang='lat' dir='ltr'>Augustinianus</span> 
     </span>
     <span class='ocr_line' id='line_1_47' title="bbox 123 3068 1080 3122; baseline -0.003 -13"><span class='ocrx_word' id='word_1_272' title='bbox 123 3069 226 3109; x_wconf 84' lang='lat' dir='ltr'>circa</span> <span class='ocrx_word' id='word_1_273' title='bbox 261 3068 422 3109; x_wconf 90' lang='lat' dir='ltr'>Annum</span> <span class='ocrx_word' id='word_1_274' title='bbox 460 3070 560 3110; x_wconf 88' lang='grc'>4479</span> <span class='ocrx_word' id='word_1_275' title='bbox 599 3072 792 3122; x_wconf 87' lang='lat' dir='ltr'>quaedam</span> <span class='ocrx_word' id='word_1_276' title='bbox 815 3069 1002 3122; x_wconf 87' lang='lat' dir='ltr'>opuscula</span> <span class='ocrx_word' id='word_1_277' title='bbox 1042 3070 1080 3107; x_wconf 91' lang='lat' dir='ltr'>in</span> 
     </span>
     <span class='ocr_line' id='line_1_48' title="bbox 122 3130 1079 3186; baseline -0.001 -16"><span class='ocrx_word' id='word_1_278' title='bbox 122 3131 297 3170; x_wconf 84' lang='lat' dir='ltr'>favorem</span> <span class='ocrx_word' id='word_1_279' title='bbox 315 3132 526 3183; x_wconf 84' lang='lat' dir='ltr'>Religionis</span> <span class='ocrx_word' id='word_1_280' title='bbox 549 3135 754 3186; x_wconf 89' lang='lat' dir='ltr'>scripsisse</span> <span class='ocrx_word' id='word_1_281' title='bbox 775 3133 952 3172; x_wconf 86' lang='lat' dir='ltr'>traditur.</span> <span class='ocrx_word' id='word_1_282' title='bbox 984 3130 1079 3170; x_wconf 91' lang='lat' dir='ltr'>Vide</span> 
     </span>
     <span class='ocr_line' id='line_1_49' title="bbox 123 3193 498 3246; baseline 0.003 -14"><span class='ocrx_word' id='word_1_283' title='bbox 123 3193 301 3232; x_wconf 87' lang='lat' dir='ltr'>Elssium</span> <span class='ocrx_word' id='word_1_284' title='bbox 324 3205 411 3246; x_wconf 88' lang='lat' dir='ltr'>pag.</span> <span class='ocrx_word' id='word_1_285' title='bbox 437 3195 498 3235; x_wconf 89' lang='grc'>64.</span> 
     </span>
    </p>

    <p class='ocr_par' dir='ltr' id='par_1_10' title="bbox 130 3255 1082 3357">
     <span class='ocr_line' id='line_1_50' title="bbox 178 3255 1082 3305; baseline 0 -10"><span class='ocrx_word' id='word_1_286' title='bbox 178 3255 412 3297; x_wconf 86' lang='lat' dir='ltr'>ANGELUS</span> <span class='ocrx_word' id='word_1_287' title='bbox 448 3257 700 3299; x_wconf 80' lang='lat' dir='ltr'>Decembrius</span> <span class='ocrx_word' id='word_1_288' title='bbox 718 3288 725 3305; x_wconf 79' lang='grc'>,</span> <span class='ocrx_word' id='word_1_289' title='bbox 763 3257 860 3296; x_wconf 82' lang='lat' dir='ltr'>infra</span> <span class='ocrx_word' id='word_1_290' title='bbox 893 3256 1082 3298; x_wconf 78' lang='lat' dir='ltr'>DECEM-</span> 
     </span>
     <span class='ocr_line' id='line_1_51' title="bbox 130 3317 288 3357; baseline -0.006 -1"><span class='ocrx_word' id='word_1_291' title='bbox 130 3317 288 3357; x_wconf 79' lang='lat' dir='ltr'>BRlUS.</span> 
     </span>
    </p>
   </div>
   <div class='ocr_carea' id='block_1_3' title="bbox 1131 256 2108 3365">
    <p class='ocr_par' dir='ltr' id='par_1_11' title="bbox 1131 256 2096 560">
     <span class='ocr_line' id='line_1_52' title="bbox 1183 256 2093 310; baseline 0 -12"><span class='ocrx_word' id='word_1_292' title='bbox 1183 258 1417 299; x_wconf 78' lang='lat' dir='ltr'>ANGELUS</span> <span class='ocrx_word' id='word_1_293' title='bbox 1460 256 1839 310; x_wconf 80' lang='lat' dir='ltr'>Hierosolymitanus</span> <span class='ocrx_word' id='word_1_294' title='bbox 1881 259 2093 299; x_wconf 86' lang='lat' dir='ltr'>Carmelita</span> 
     </span>
     <span class='ocr_line' id='line_1_53' title="bbox 1131 320 2091 375; baseline 0.001 -14"><span class='ocrx_word' id='word_1_295' title='bbox 1131 323 1279 373; x_wconf 77' lang='lat' dir='ltr'>Martyr</span> <span class='ocrx_word' id='word_1_296' title='bbox 1302 323 1341 360; x_wconf 92' lang='lat' dir='ltr'>in</span> <span class='ocrx_word' id='word_1_297' title='bbox 1357 322 1487 361; x_wconf 85' lang='lat' dir='ltr'>Sicilia</span> <span class='ocrx_word' id='word_1_298' title='bbox 1505 320 1579 360; x_wconf 81' lang='lat' dir='ltr'>An.</span> <span class='ocrx_word' id='word_1_299' title='bbox 1597 322 1692 361; x_wconf 74' lang='grc'>4234</span> <span class='ocrx_word' id='word_1_300' title='bbox 1721 321 1838 372; x_wconf 88' lang='lat' dir='ltr'>cujus</span> <span class='ocrx_word' id='word_1_301' title='bbox 1858 320 2091 375; x_wconf 83' lang='lat' dir='ltr'>Prophetias</span> 
     </span>
     <span class='ocr_line' id='line_1_54' title="bbox 1132 384 2094 437; baseline 0.001 -14"><span class='ocrx_word' id='word_1_302' title='bbox 1132 384 1181 424; x_wconf 86' lang='lat' dir='ltr'>de</span> <span class='ocrx_word' id='word_1_303' title='bbox 1202 396 1321 436; x_wconf 80' lang='lat' dir='ltr'>regno</span> <span class='ocrx_word' id='word_1_304' title='bbox 1344 385 1561 424; x_wconf 88' lang='lat' dir='ltr'>Turcarum</span> <span class='ocrx_word' id='word_1_305' title='bbox 1578 384 1800 435; x_wconf 89' lang='lat' dir='ltr'>ampliando</span> <span class='ocrx_word' id='word_1_306' title='bbox 1819 389 1860 424; x_wconf 90' lang='lat' dir='ltr'>et</span> <span class='ocrx_word' id='word_1_307' title='bbox 1880 385 2094 437; x_wconf 87' lang='lat' dir='ltr'>Republica</span> 
     </span>
     <span class='ocr_line' id='line_1_55' title="bbox 1135 446 2096 499; baseline 0 -12"><span class='ocrx_word' id='word_1_308' title='bbox 1135 447 1449 487; x_wconf 86' lang='lat' dir='ltr'>Christianorum</span> <span class='ocrx_word' id='word_1_309' title='bbox 1485 446 1694 499; x_wconf 85' lang='lat' dir='ltr'>affligenda</span> <span class='ocrx_word' id='word_1_310' title='bbox 1727 448 1923 486; x_wconf 83' lang='lat' dir='ltr'>memorat</span> <span class='ocrx_word' id='word_1_311' title='bbox 1953 446 2096 499; x_wconf 84' lang='lat' dir='ltr'>Alegre</span> 
     </span>
     <span class='ocr_line' id='line_1_56' title="bbox 1135 510 1335 560; baseline 0 -12"><span class='ocrx_word' id='word_1_312' title='bbox 1135 521 1220 560; x_wconf 89' lang='lat' dir='ltr'>pag.</span> <span class='ocrx_word' id='word_1_313' title='bbox 1247 510 1335 549; x_wconf 73' lang='lat'>258.</span> 
     </span>
    </p>

    <p class='ocr_par' dir='ltr' id='par_1_12' title="bbox 1136 571 2104 1374">
     <span class='ocr_line' id='line_1_57' title="bbox 1189 571 2099 623; baseline 0.001 -12"><span class='ocrx_word' id='word_1_314' title='bbox 1189 571 1423 612; x_wconf 73' lang='lat' dir='ltr'>ANGELUS</span> <span class='ocrx_word' id='word_1_315' title='bbox 1445 573 1717 612; x_wconf 89' lang='lat' dir='ltr'>Gambilionus</span> <span class='ocrx_word' id='word_1_316' title='bbox 1741 571 1955 623; x_wconf 85' lang='lat' dir='ltr'>Aretinus‚</span> <span class='ocrx_word' id='word_1_317' title='bbox 1976 573 2099 614; x_wconf 70' lang='lat' dir='ltr'>lctus</span> 
     </span>
     <span class='ocr_line' id='line_1_58' title="bbox 1136 635 2097 686; baseline 0.001 -12"><span class='ocrx_word' id='word_1_318' title='bbox 1136 635 1269 675; x_wconf 90' lang='lat' dir='ltr'>docuit</span> <span class='ocrx_word' id='word_1_319' title='bbox 1284 636 1481 675; x_wconf 88' lang='lat' dir='ltr'>Ferrariae</span> <span class='ocrx_word' id='word_1_320' title='bbox 1496 639 1536 674; x_wconf 85' lang='lat' dir='ltr'>et</span> <span class='ocrx_word' id='word_1_321' title='bbox 1545 637 1741 675; x_wconf 85' lang='lat' dir='ltr'>Bononiae</span> <span class='ocrx_word' id='word_1_322' title='bbox 1756 640 1876 686; x_wconf 86' lang='lat' dir='ltr'>atque</span> <span class='ocrx_word' id='word_1_323' title='bbox 1893 637 2036 675; x_wconf 88' lang='lat' dir='ltr'>iterum</span> <span class='ocrx_word' id='word_1_324' title='bbox 2049 635 2097 675; x_wconf 85' lang='lat' dir='ltr'>ab</span> 
     </span>
     <span class='ocr_line' id='line_1_59' title="bbox 1136 697 2101 749; baseline 0 -12"><span class='ocrx_word' id='word_1_325' title='bbox 1136 698 1209 738; x_wconf 83' lang='lat' dir='ltr'>An.</span> <span class='ocrx_word' id='word_1_326' title='bbox 1227 699 1594 745; x_wconf 70' lang='lat' dir='ltr'>31445.Ferrariae‚</span> <span class='ocrx_word' id='word_1_327' title='bbox 1611 699 1851 749; x_wconf 86' lang='lat' dir='ltr'>scripsitque</span> <span class='ocrx_word' id='word_1_328' title='bbox 1872 697 1922 738; x_wconf 89' lang='lat' dir='ltr'>ad</span> <span class='ocrx_word' id='word_1_329' title='bbox 1938 698 2101 737; x_wconf 62' lang='lat' dir='ltr'>Leones-</span> 
     </span>
     <span class='ocr_line' id='line_1_60' title="bbox 1137 760 2100 801; baseline -0.001 -1"><span class='ocrx_word' id='word_1_330' title='bbox 1137 761 1219 801; x_wconf 90' lang='lat' dir='ltr'>lum</span> <span class='ocrx_word' id='word_1_331' title='bbox 1239 762 1453 800; x_wconf 89' lang='lat' dir='ltr'>Estensem</span> <span class='ocrx_word' id='word_1_332' title='bbox 1475 762 1674 800; x_wconf 85' lang='lat' dir='ltr'>Ferrariae</span> <span class='ocrx_word' id='word_1_333' title='bbox 1697 760 1961 800; x_wconf 86' lang='lat' dir='ltr'>Marchionem</span> <span class='ocrx_word' id='word_1_334' title='bbox 1984 761 2100 801; x_wconf 88' lang='lat' dir='ltr'>Com·</span> 
     </span>
     <span class='ocr_line' id='line_1_61' title="bbox 1138 822 2097 875; baseline -0.002 -11"><span class='ocrx_word' id='word_1_335' title='bbox 1138 825 1377 864; x_wconf 89' lang='lat' dir='ltr'>mentarium</span> <span class='ocrx_word' id='word_1_336' title='bbox 1406 823 1447 862; x_wconf 88' lang='lat' dir='ltr'>in</span> <span class='ocrx_word' id='word_1_337' title='bbox 1481 822 1773 873; x_wconf 83' lang='lat' dir='ltr'>Institutiones‚</span> <span class='ocrx_word' id='word_1_338' title='bbox 1796 822 1949 862; x_wconf 86' lang='lat' dir='ltr'>editum</span> <span class='ocrx_word' id='word_1_339' title='bbox 1974 823 2097 875; x_wconf 80' lang='lat' dir='ltr'>Lu&#39;gd.</span> 
     </span>
     <span class='ocr_line' id='line_1_62' title="bbox 1140 883 2100 937; baseline 0 -13"><span class='ocrx_word' id='word_1_340' title='bbox 1140 883 1226 937; x_wconf 78' lang='lat'>4.²⁰,</span> <span class='ocrx_word' id='word_1_341' title='bbox 1261 890 1302 925; x_wconf 87' lang='lat' dir='ltr'>et</span> <span class='ocrx_word' id='word_1_342' title='bbox 1329 886 1505 925; x_wconf 81' lang='lat' dir='ltr'>Venetiis</span> <span class='ocrx_word' id='word_1_343' title='bbox 1534 887 1573 924; x_wconf 89' lang='lat' dir='ltr'>in</span> <span class='ocrx_word' id='word_1_344' title='bbox 1609 886 1672 924; x_wconf 82' lang='lat' dir='ltr'>fol.</span> <span class='ocrx_word' id='word_1_345' title='bbox 1700 890 1820 936; x_wconf 88' lang='lat' dir='ltr'>atque</span> <span class='ocrx_word' id='word_1_346' title='bbox 1843 887 2100 925; x_wconf 80' lang='lat' dir='ltr'>tractationes</span> 
     </span>
     <span class='ocr_line' id='line_1_63' title="bbox 1138 947 2102 1001; baseline -0.002 -12"><span class='ocrx_word' id='word_1_347' title='bbox 1138 950 1358 1001; x_wconf 85' lang='lat' dir='ltr'>composuit</span> <span class='ocrx_word' id='word_1_348' title='bbox 1375 949 1422 988; x_wconf 79' lang='lat' dir='ltr'>cle</span> <span class='ocrx_word' id='word_1_349' title='bbox 1450 948 1691 988; x_wconf 85' lang='lat' dir='ltr'>testamentis</span> <span class='ocrx_word' id='word_1_350' title='bbox 1713 952 1752 987; x_wconf 88' lang='lat' dir='ltr'>et</span> <span class='ocrx_word' id='word_1_351' title='bbox 1771 947 1962 988; x_wconf 84' lang='lat' dir='ltr'>clausulis</span> <span class='ocrx_word' id='word_1_352' title='bbox 1984 953 2102 988; x_wconf 87' lang='lat' dir='ltr'>testa-</span> 
     </span>
     <span class='ocr_line' id='line_1_64' title="bbox 1137 1009 2102 1064; baseline -0.003 -12"><span class='ocrx_word' id='word_1_353' title='bbox 1137 1016 1375 1062; x_wconf 85' lang='lat' dir='ltr'>mentorum,</span> <span class='ocrx_word' id='word_1_354' title='bbox 1393 1012 1439 1051; x_wconf 83' lang='lat' dir='ltr'>de</span> <span class='ocrx_word' id='word_1_355' title='bbox 1452 1010 1682 1051; x_wconf 68' lang='lat' dir='ltr'>[lotionibus</span> <span class='ocrx_word' id='word_1_356' title='bbox 1696 1042 1707 1060; x_wconf 86' lang='lat'><em>,</em></span> <span class='ocrx_word' id='word_1_357' title='bbox 1727 1010 1774 1050; x_wconf 85' lang='lat' dir='ltr'>de</span> <span class='ocrx_word' id='word_1_358' title='bbox 1784 1009 1953 1064; x_wconf 86' lang='lat' dir='ltr'>juribus</span> <span class='ocrx_word' id='word_1_359' title='bbox 1967 1010 2102 1063; x_wconf 89' lang='lat' dir='ltr'>appel-</span> 
     </span>
     <span class='ocr_line' id='line_1_65' title="bbox 1138 1074 2104 1126; baseline -0.001 -13"><span class='ocrx_word' id='word_1_360' title='bbox 1138 1074 1327 1114; x_wconf 85' lang='lat' dir='ltr'>lationum</span> <span class='ocrx_word' id='word_1_361' title='bbox 1346 1075 1501 1126; x_wconf 88' lang='lat' dir='ltr'>aliaque</span> <span class='ocrx_word' id='word_1_362' title='bbox 1525 1086 1626 1125; x_wconf 86' lang='lat' dir='ltr'>quae</span> <span class='ocrx_word' id='word_1_363' title='bbox 1646 1075 1849 1113; x_wconf 88' lang='lat' dir='ltr'>Gesnerus</span> <span class='ocrx_word' id='word_1_364' title='bbox 1864 1085 2104 1113; x_wconf 88' lang='lat' dir='ltr'>commemo-</span> 
     </span>
     <span class='ocr_line' id='line_1_66' title="bbox 1139 1137 2103 1189; baseline -0.001 -13"><span class='ocrx_word' id='word_1_365' title='bbox 1139 1143 1210 1178; x_wconf 87' lang='lat' dir='ltr'>rat.</span> <span class='ocrx_word' id='word_1_366' title='bbox 1229 1138 1325 1177; x_wconf 88' lang='lat' dir='ltr'>Vide</span> <span class='ocrx_word' id='word_1_367' title='bbox 1346 1138 1591 1177; x_wconf 89' lang='lat' dir='ltr'>Pancirolum</span> <span class='ocrx_word' id='word_1_368' title='bbox 1608 1137 1657 1176; x_wconf 91' lang='lat' dir='ltr'>de</span> <span class='ocrx_word' id='word_1_369' title='bbox 1680 1137 1797 1176; x_wconf 86' lang='lat' dir='ltr'>claris</span> <span class='ocrx_word' id='word_1_370' title='bbox 1816 1139 1965 1189; x_wconf 83' lang='lat' dir='ltr'>Legum</span> <span class='ocrx_word' id='word_1_371' title='bbox 1982 1138 2103 1176; x_wconf 90' lang='lat' dir='ltr'>inter-</span> 
     </span>
     <span class='ocr_line' id='line_1_67' title="bbox 1138 1200 2101 1252; baseline -0.001 -13"><span class='ocrx_word' id='word_1_372' title='bbox 1138 1201 1315 1252; x_wconf 87' lang='lat' dir='ltr'>pretibus</span> <span class='ocrx_word' id='word_1_373' title='bbox 1354 1200 1417 1239; x_wconf 92' lang='lat' dir='ltr'>lib.</span> <span class='ocrx_word' id='word_1_374' title='bbox 1448 1201 1482 1240; x_wconf 85' lang='grc' dir='ltr'>ΙΙ</span> <span class='ocrx_word' id='word_1_375' title='bbox 1518 1211 1602 1251; x_wconf 88' lang='lat' dir='ltr'>cap.</span> <span class='ocrx_word' id='word_1_376' title='bbox 1641 1200 1717 1240; x_wconf 73' lang='lat'>⁴02</span> <span class='ocrx_word' id='word_1_377' title='bbox 1740 1204 1781 1239; x_wconf 92' lang='lat' dir='ltr'>et</span> <span class='ocrx_word' id='word_1_378' title='bbox 1810 1200 1858 1240; x_wconf 91' lang='lat' dir='ltr'>de</span> <span class='ocrx_word' id='word_1_379' title='bbox 1881 1201 1967 1240; x_wconf 90' lang='lat' dir='ltr'>aliis</span> <span class='ocrx_word' id='word_1_380' title='bbox 1990 1201 2101 1239; x_wconf 87' lang='lat' dir='ltr'>JCtis</span> 
     </span>
     <span class='ocr_line' id='line_1_68' title="bbox 1138 1261 2103 1313; baseline 0.001 -12"><span class='ocrx_word' id='word_1_381' title='bbox 1138 1262 1342 1301; x_wconf 77' lang='lat' dir='ltr'>ANGELO</span> <span class='ocrx_word' id='word_1_382' title='bbox 1363 1262 1410 1301; x_wconf 84' lang='lat' dir='ltr'>de</span> <span class='ocrx_word' id='word_1_383' title='bbox 1433 1261 1627 1313; x_wconf 76' lang='lat' dir='ltr'>Periylis‚</span> <span class='ocrx_word' id='word_1_384' title='bbox 1648 1267 1689 1301; x_wconf 88' lang='lat' dir='ltr'>et</span> <span class='ocrx_word' id='word_1_385' title='bbox 1719 1262 1922 1303; x_wconf 88' lang='lat' dir='ltr'>ANGELO</span> <span class='ocrx_word' id='word_1_386' title='bbox 1955 1263 2103 1303; x_wconf 89' lang='lat' dir='ltr'>Ubaldo</span> 
     </span>
     <span class='ocr_line' id='line_1_69' title="bbox 1141 1324 1919 1374; baseline 0 -10"><span class='ocrx_word' id='word_1_387' title='bbox 1141 1326 1331 1364; x_wconf 86' lang='lat' dir='ltr'>Perusino</span> <span class='ocrx_word' id='word_1_388' title='bbox 1351 1356 1359 1373; x_wconf 80' lang='grc'>,</span> <span class='ocrx_word' id='word_1_389' title='bbox 1377 1324 1488 1364; x_wconf 90' lang='lat' dir='ltr'>Baidi</span> <span class='ocrx_word' id='word_1_390' title='bbox 1515 1326 1659 1374; x_wconf 79' lang='lat' dir='ltr'>fratre,</span> <span class='ocrx_word' id='word_1_391' title='bbox 1683 1326 1919 1365; x_wconf 84' lang='lat' dir='ltr'>Gesnerum.</span> 
     </span>
    </p>

    <p class='ocr_par' dir='ltr' id='par_1_13' title="bbox 1138 1386 2108 2434">
     <span class='ocr_line' id='line_1_70' title="bbox 1193 1386 2105 1433; baseline -0.001 -7"><span class='ocrx_word' id='word_1_392' title='bbox 1193 1386 1214 1409; x_wconf 52' lang='grc' dir='ltr'>’κ</span> <span class='ocrx_word' id='word_1_393' title='bbox 1230 1387 1332 1433; x_wconf 90' lang='lat' dir='ltr'>Quid</span> <span class='ocrx_word' id='word_1_394' title='bbox 1348 1387 1396 1426; x_wconf 92' lang='lat' dir='ltr'>de</span> <span class='ocrx_word' id='word_1_395' title='bbox 1416 1388 1503 1426; x_wconf 85' lang='lat' dir='ltr'>Jcto</span> <span class='ocrx_word' id='word_1_396' title='bbox 1515 1388 1587 1427; x_wconf 91' lang='lat' dir='ltr'>hoc</span> <span class='ocrx_word' id='word_1_397' title='bbox 1616 1389 1714 1427; x_wconf 81' lang='lat' dir='ltr'>ferat</span> <span class='ocrx_word' id='word_1_398' title='bbox 1728 1388 1967 1428; x_wconf 82' lang='lat' dir='ltr'>Bibliotheca</span> <span class='ocrx_word' id='word_1_399' title='bbox 1981 1388 2105 1426; x_wconf 89' lang='lat' dir='ltr'>Felini</span> 
     </span>
     <span class='ocr_line' id='line_1_71' title="bbox 1138 1448 2105 1502; baseline -0.001 -13"><span class='ocrx_word' id='word_1_400' title='bbox 1138 1452 1275 1501; x_wconf 89' lang='lat' dir='ltr'>paucis</span> <span class='ocrx_word' id='word_1_401' title='bbox 1300 1451 1363 1489; x_wconf 87' lang='lat' dir='ltr'>hic</span> <span class='ocrx_word' id='word_1_402' title='bbox 1378 1451 1602 1502; x_wconf 61' lang='lat' dir='ltr'>expediam:</span> <span class='ocrx_word' id='word_1_403' title='bbox 1621 1449 1762 1501; x_wconf 74' lang='lat' dir='ltr'>Anyeli</span> <span class='ocrx_word' id='word_1_404' title='bbox 1777 1449 1824 1489; x_wconf 86' lang='lat' dir='ltr'>de</span> <span class='ocrx_word' id='word_1_405' title='bbox 1844 1448 2105 1490; x_wconf 87' lang='lat' dir='ltr'>Zambelioni-</span> 
     </span>
     <span class='ocr_line' id='line_1_72' title="bbox 1142 1511 2106 1562; baseline 0 -12"><span class='ocrx_word' id='word_1_406' title='bbox 1142 1511 1214 1552; x_wconf 87' lang='lat' dir='ltr'>bus</span> <span class='ocrx_word' id='word_1_407' title='bbox 1236 1513 1315 1562; x_wconf 81' lang='lat' dir='ltr'>(sic)</span> <span class='ocrx_word' id='word_1_408' title='bbox 1341 1513 1388 1552; x_wconf 76' lang='lat' dir='ltr'>(le</span> <span class='ocrx_word' id='word_1_409' title='bbox 1407 1512 1541 1552; x_wconf 86' lang='lat' dir='ltr'>Aretio</span> <span class='ocrx_word' id='word_1_410' title='bbox 1565 1511 1611 1551; x_wconf 86' lang='lat' dir='ltr'>de</span> <span class='ocrx_word' id='word_1_411' title='bbox 1641 1512 1816 1551; x_wconf 83' lang='lat' dir='ltr'>materia</span> <span class='ocrx_word' id='word_1_412' title='bbox 1849 1512 2106 1552; x_wconf 81' lang='lat' dir='ltr'>Testamento-</span> 
     </span>
     <span class='ocr_line' id='line_1_73' title="bbox 1140 1574 2107 1628; baseline -0.001 -13"><span class='ocrx_word' id='word_1_413' title='bbox 1140 1588 1233 1615; x_wconf 88' lang='lat' dir='ltr'>rum</span> <span class='ocrx_word' id='word_1_414' title='bbox 1261 1580 1301 1615; x_wconf 86' lang='lat' dir='ltr'>et</span> <span class='ocrx_word' id='word_1_415' title='bbox 1324 1574 1557 1615; x_wconf 83' lang='lat' dir='ltr'>ultimarum</span> <span class='ocrx_word' id='word_1_416' title='bbox 1584 1574 1832 1614; x_wconf 85' lang='lat' dir='ltr'>voluntatum</span> <span class='ocrx_word' id='word_1_417' title='bbox 1859 1574 1916 1628; x_wconf 78' lang='lat' dir='ltr'>fol</span> <span class='ocrx_word' id='word_1_418' title='bbox 1942 1575 2107 1615; x_wconf 80' lang='lat' dir='ltr'>Venetiis</span> 
     </span>
     <span class='ocr_line' id='line_1_74' title="bbox 1146 1636 2105 1689; baseline 0 -11"><span class='ocrx_word' id='word_1_419' title='bbox 1146 1640 1163 1678; x_wconf 91' lang='grc'>4</span> <span class='ocrx_word' id='word_1_420' title='bbox 1171 1640 1263 1679; x_wconf 76' lang='grc'>486.</span> <span class='ocrx_word' id='word_1_421' title='bbox 1287 1639 1459 1678; x_wconf 87' lang='lat' dir='ltr'>Lectura</span> <span class='ocrx_word' id='word_1_422' title='bbox 1480 1640 1526 1677; x_wconf 89' lang='lat' dir='ltr'>D.</span> <span class='ocrx_word' id='word_1_423' title='bbox 1548 1636 1695 1689; x_wconf 74' lang='lat' dir='ltr'>Anqeli</span> <span class='ocrx_word' id='word_1_424' title='bbox 1713 1637 1760 1676; x_wconf 87' lang='lat' dir='ltr'>de</span> <span class='ocrx_word' id='word_1_425' title='bbox 1793 1636 2105 1678; x_wconf 88' lang='lat' dir='ltr'>Gambilionibus</span> 
     </span>
     <span class='ocr_line' id='line_1_75' title="bbox 1145 1699 2108 1753; baseline -0.001 -13"><span class='ocrx_word' id='word_1_426' title='bbox 1145 1700 1192 1739; x_wconf 83' lang='lat' dir='ltr'>de</span> <span class='ocrx_word' id='word_1_427' title='bbox 1213 1700 1349 1740; x_wconf 85' lang='lat' dir='ltr'>Aretio</span> <span class='ocrx_word' id='word_1_428' title='bbox 1372 1712 1494 1753; x_wconf 86' lang='lat' dir='ltr'>super</span> <span class='ocrx_word' id='word_1_429' title='bbox 1518 1700 1565 1739; x_wconf 88' lang='lat' dir='ltr'>tit</span> <span class='ocrx_word' id='word_1_430' title='bbox 1585 1700 1633 1740; x_wconf 88' lang='lat' dir='ltr'>de</span> <span class='ocrx_word' id='word_1_431' title='bbox 1657 1700 1806 1749; x_wconf 85' lang='lat' dir='ltr'>action;</span> <span class='ocrx_word' id='word_1_432' title='bbox 1829 1700 1870 1739; x_wconf 86' lang='lat' dir='ltr'>in</span> <span class='ocrx_word' id='word_1_433' title='bbox 1890 1699 1993 1739; x_wconf 90' lang='lat' dir='ltr'>almo</span> <span class='ocrx_word' id='word_1_434' title='bbox 2016 1702 2108 1741; x_wconf 84' lang='lat' dir='ltr'>Stu-</span> 
     </span>
     <span class='ocr_line' id='line_1_76' title="bbox 1146 1762 2104 1815; baseline 0 -13"><span class='ocrx_word' id='word_1_435' title='bbox 1146 1762 1210 1802; x_wconf 83' lang='lat' dir='ltr'>clio</span> <span class='ocrx_word' id='word_1_436' title='bbox 1232 1763 1468 1804; x_wconf 84' lang='lat' dir='ltr'>Bononiensi</span> <span class='ocrx_word' id='word_1_437' title='bbox 1485 1762 1600 1802; x_wconf 85' lang='lat' dir='ltr'>edita.</span> <span class='ocrx_word' id='word_1_438' title='bbox 1630 1764 1733 1802; x_wconf 81' lang='lat' dir='ltr'>item</span> <span class='ocrx_word' id='word_1_439' title='bbox 1756 1763 1936 1802; x_wconf 86' lang='lat' dir='ltr'>eiusdem</span> <span class='ocrx_word' id='word_1_440' title='bbox 1963 1762 2104 1815; x_wconf 86' lang='lat' dir='ltr'>Angeli</span> 
     </span>
     <span class='ocr_line' id='line_1_77' title="bbox 1147 1824 2106 1878; baseline -0.002 -12"><span class='ocrx_word' id='word_1_441' title='bbox 1147 1827 1194 1866; x_wconf 83' lang='lat' dir='ltr'>de</span> <span class='ocrx_word' id='word_1_442' title='bbox 1233 1824 1561 1878; x_wconf 81' lang='lat' dir='ltr'>appellationibus</span> <span class='ocrx_word' id='word_1_443' title='bbox 1599 1830 1636 1865; x_wconf 87' lang='lat' dir='ltr'>et</span> <span class='ocrx_word' id='word_1_444' title='bbox 1666 1824 1845 1865; x_wconf 89' lang='lat' dir='ltr'>relation.</span> <span class='ocrx_word' id='word_1_445' title='bbox 1887 1828 2015 1875; x_wconf 83' lang='lat' dir='ltr'>Quam</span> <span class='ocrx_word' id='word_1_446' title='bbox 2053 1825 2106 1864; x_wconf 86' lang='lat' dir='ltr'>le-</span> 
     </span>
     <span class='ocr_line' id='line_1_78' title="bbox 1145 1886 2102 1941; baseline -0.002 -12"><span class='ocrx_word' id='word_1_447' title='bbox 1145 1890 1205 1941; x_wconf 69' lang='lat' dir='ltr'>yit</span> <span class='ocrx_word' id='word_1_448' title='bbox 1221 1893 1258 1929; x_wconf 89' lang='lat' dir='ltr'>et</span> <span class='ocrx_word' id='word_1_449' title='bbox 1274 1889 1391 1940; x_wconf 84' lang='lat' dir='ltr'>finem</span> <span class='ocrx_word' id='word_1_450' title='bbox 1419 1887 1605 1939; x_wconf 82' lang='lat' dir='ltr'>imposuit</span> <span class='ocrx_word' id='word_1_451' title='bbox 1636 1887 1698 1927; x_wconf 86' lang='lat' dir='ltr'>die</span> <span class='ocrx_word' id='word_1_452' title='bbox 1719 1889 1746 1930; x_wconf 79' lang='lat'><strong><em>2</em></strong></span> <span class='ocrx_word' id='word_1_453' title='bbox 1773 1886 2015 1939; x_wconf 84' lang='lat' dir='ltr'>Septembris</span> <span class='ocrx_word' id='word_1_454' title='bbox 2038 1900 2102 1927; x_wconf 86' lang='lat' dir='ltr'>an.</span> 
     </span>
     <span class='ocr_line' id='line_1_79' title="bbox 1147 1949 2108 2001; baseline -0.004 -10"><span class='ocrx_word' id='word_1_455' title='bbox 1147 1953 1193 1991; x_wconf 88' lang='lat' dir='ltr'>D.</span> <span class='ocrx_word' id='word_1_456' title='bbox 1220 1952 1238 1991; x_wconf 82' lang='grc'>4</span> <span class='ocrx_word' id='word_1_457' title='bbox 1246 1952 1324 1990; x_wconf 73' lang='grc'>443</span> <span class='ocrx_word' id='word_1_458' title='bbox 1349 1950 1391 1989; x_wconf 88' lang='lat' dir='ltr'>in</span> <span class='ocrx_word' id='word_1_459' title='bbox 1413 1949 1516 1989; x_wconf 90' lang='lat' dir='ltr'>almo</span> <span class='ocrx_word' id='word_1_460' title='bbox 1540 1949 1673 1990; x_wconf 79' lang='lat' dir='ltr'>studio</span> <span class='ocrx_word' id='word_1_461' title='bbox 1687 1949 1924 1989; x_wconf 85' lang='lat' dir='ltr'>Bononiensi</span> <span class='ocrx_word' id='word_1_462' title='bbox 1929 1961 2006 2001; x_wconf 86' lang='lat' dir='ltr'>per</span> <span class='ocrx_word' id='word_1_463' title='bbox 2022 1950 2108 1990; x_wconf 79' lang='lat' dir='ltr'>Vin-</span> 
     </span>
     <span class='ocr_line' id='line_1_80' title="bbox 1149 2012 2106 2065; baseline -0.002 -12"><span class='ocrx_word' id='word_1_464' title='bbox 1149 2013 1320 2053; x_wconf 85' lang='lat' dir='ltr'>delinum</span> <span class='ocrx_word' id='word_1_465' title='bbox 1342 2013 1388 2052; x_wconf 88' lang='lat' dir='ltr'>de</span> <span class='ocrx_word' id='word_1_466' title='bbox 1412 2012 1533 2065; x_wconf 85' lang='lat' dir='ltr'>Spira</span> <span class='ocrx_word' id='word_1_467' title='bbox 1556 2013 1642 2051; x_wconf 91' lang='lat' dir='ltr'>sine</span> <span class='ocrx_word' id='word_1_468' title='bbox 1669 2023 1773 2051; x_wconf 92' lang='lat' dir='ltr'>anno</span> <span class='ocrx_word' id='word_1_469' title='bbox 1796 2017 1836 2051; x_wconf 89' lang='lat' dir='ltr'>et</span> <span class='ocrx_word' id='word_1_470' title='bbox 1859 2013 1954 2051; x_wconf 87' lang='lat' dir='ltr'>loco.</span> <span class='ocrx_word' id='word_1_471' title='bbox 1979 2013 2023 2051; x_wconf 92' lang='lat' dir='ltr'>In</span> <span class='ocrx_word' id='word_1_472' title='bbox 2038 2025 2106 2051; x_wconf 90' lang='lat' dir='ltr'>ve—</span> 
     </span>
     <span class='ocr_line' id='line_1_81' title="bbox 1146 2074 2104 2116; baseline -0.003 -1"><span class='ocrx_word' id='word_1_473' title='bbox 1146 2077 1220 2116; x_wconf 89' lang='lat' dir='ltr'>teri</span> <span class='ocrx_word' id='word_1_474' title='bbox 1243 2075 1414 2114; x_wconf 87' lang='lat' dir='ltr'>editione</span> <span class='ocrx_word' id='word_1_475' title='bbox 1437 2074 1715 2114; x_wconf 89' lang='lat' dir='ltr'>Mediolanensi</span> <span class='ocrx_word' id='word_1_476' title='bbox 1735 2076 1827 2113; x_wconf 93' lang='lat' dir='ltr'>anni</span> <span class='ocrx_word' id='word_1_477' title='bbox 1852 2075 1953 2114; x_wconf 86' lang='grc'>4490</span> <span class='ocrx_word' id='word_1_478' title='bbox 1977 2075 2104 2112; x_wconf 86' lang='lat' dir='ltr'>consi-</span> 
     </span>
     <span class='ocr_line' id='line_1_82' title="bbox 1148 2136 2106 2187; baseline -0.003 -10"><span class='ocrx_word' id='word_1_479' title='bbox 1148 2139 1324 2178; x_wconf 89' lang='lat' dir='ltr'>siliorum</span> <span class='ocrx_word' id='word_1_480' title='bbox 1346 2137 1554 2176; x_wconf 85' lang='lat' dir='ltr'>Barbaciae</span> <span class='ocrx_word' id='word_1_481' title='bbox 1593 2136 1738 2187; x_wconf 85' lang='lat' dir='ltr'>legitur</span> <span class='ocrx_word' id='word_1_482' title='bbox 1774 2137 1981 2175; x_wconf 90' lang='lat' dir='ltr'>consilium</span> <span class='ocrx_word' id='word_1_483' title='bbox 2010 2148 2106 2186; x_wconf 88' lang='lat' dir='ltr'>quo-</span> 
     </span>
     <span class='ocr_line' id='line_1_83' title="bbox 1146 2198 2106 2250; baseline -0.002 -11"><span class='ocrx_word' id='word_1_484' title='bbox 1146 2201 1236 2239; x_wconf 87' lang='lat' dir='ltr'>dam</span> <span class='ocrx_word' id='word_1_485' title='bbox 1261 2200 1379 2239; x_wconf 89' lang='lat' dir='ltr'>huius</span> <span class='ocrx_word' id='word_1_486' title='bbox 1402 2198 1540 2250; x_wconf 85' lang='lat' dir='ltr'>Angeli</span> <span class='ocrx_word' id='word_1_487' title='bbox 1567 2198 1616 2237; x_wconf 90' lang='lat' dir='ltr'>de</span> <span class='ocrx_word' id='word_1_488' title='bbox 1639 2198 1962 2237; x_wconf 90' lang='lat' dir='ltr'>Gambilionibus.</span> <span class='ocrx_word' id='word_1_489' title='bbox 1980 2199 2106 2238; x_wconf 88' lang='lat' dir='ltr'>Huius</span> 
     </span>
     <span class='ocr_line' id='line_1_84' title="bbox 1145 2259 2108 2314; baseline -0.002 -12"><span class='ocrx_word' id='word_1_490' title='bbox 1145 2264 1291 2314; x_wconf 86' lang='lat' dir='ltr'>pariter</span> <span class='ocrx_word' id='word_1_491' title='bbox 1313 2262 1453 2313; x_wconf 90' lang='lat' dir='ltr'>Angeli</span> <span class='ocrx_word' id='word_1_492' title='bbox 1474 2272 1563 2300; x_wconf 87' lang='lat' dir='ltr'>esse</span> <span class='ocrx_word' id='word_1_493' title='bbox 1586 2272 1686 2312; x_wconf 91' lang='lat' dir='ltr'>opus</span> <span class='ocrx_word' id='word_1_494' title='bbox 1720 2264 1816 2311; x_wconf 89' lang='lat' dir='ltr'>puto</span> <span class='ocrx_word' id='word_1_495' title='bbox 1840 2259 2013 2300; x_wconf 83' lang='lat' dir='ltr'>lecturas</span> <span class='ocrx_word' id='word_1_496' title='bbox 2041 2272 2108 2300; x_wconf 81' lang='lat' dir='ltr'>sa-</span> 
     </span>
     <span class='ocr_line' id='line_1_85' title="bbox 1139 2321 2106 2377; baseline -0.003 -12"><span class='ocrx_word' id='word_1_497' title='bbox 1139 2337 1217 2377; x_wconf 88' lang='lat' dir='ltr'>per</span> <span class='ocrx_word' id='word_1_498' title='bbox 1238 2324 1425 2364; x_wconf 85' lang='lat' dir='ltr'>Instituta</span> <span class='ocrx_word' id='word_1_499' title='bbox 1447 2321 1588 2374; x_wconf 65' lang='lat' dir='ltr'>Anyeli</span> <span class='ocrx_word' id='word_1_500' title='bbox 1607 2322 1654 2361; x_wconf 83' lang='lat' dir='ltr'>de</span> <span class='ocrx_word' id='word_1_501' title='bbox 1675 2321 1809 2361; x_wconf 85' lang='lat' dir='ltr'>Aretio</span> <span class='ocrx_word' id='word_1_502' title='bbox 1826 2322 1952 2362; x_wconf 88' lang='lat' dir='ltr'>editas</span> <span class='ocrx_word' id='word_1_503' title='bbox 1962 2324 2106 2362; x_wconf 89' lang='lat' dir='ltr'>Romae</span> 
     </span>
     <span class='ocr_line' id='line_1_86' title="bbox 1146 2385 1974 2434; baseline -0.006 -6"><span class='ocrx_word' id='word_1_504' title='bbox 1146 2387 1248 2429; x_wconf 87' lang='grc'>4478</span> <span class='ocrx_word' id='word_1_505' title='bbox 1271 2392 1312 2426; x_wconf 90' lang='lat' dir='ltr'>et</span> <span class='ocrx_word' id='word_1_506' title='bbox 1332 2386 1541 2426; x_wconf 88' lang='lat' dir='ltr'>Mediolani</span> <span class='ocrx_word' id='word_1_507' title='bbox 1567 2387 1680 2426; x_wconf 89' lang='grc'>4483.</span> <span class='ocrx_word' id='word_1_508' title='bbox 1709 2386 1807 2434; x_wconf 87' lang='lat' dir='ltr'>(Ex.</span> <span class='ocrx_word' id='word_1_509' title='bbox 1832 2390 1859 2424; x_wconf 89' lang='lat' dir='ltr'>t.</span> <span class='ocrx_word' id='word_1_510' title='bbox 1885 2385 1934 2424; x_wconf 83' lang='lat' dir='ltr'>VI</span> <span class='ocrx_word' id='word_1_511' title='bbox 1951 2385 1974 2434; x_wconf 90' lang='lat'>).</span> 
     </span>
    </p>

    <p class='ocr_par' dir='ltr' id='par_1_14' title="bbox 1146 2447 2108 3365">
     <span class='ocr_line' id='line_1_87' title="bbox 1197 2447 2108 2500; baseline -0.002 -12"><span class='ocrx_word' id='word_1_512' title='bbox 1197 2451 1251 2490; x_wconf 92' lang='lat' dir='ltr'>Et</span> <span class='ocrx_word' id='word_1_513' title='bbox 1273 2461 1323 2488; x_wconf 79' lang='lat' dir='ltr'>ex</span> <span class='ocrx_word' id='word_1_514' title='bbox 1347 2454 1374 2487; x_wconf 91' lang='lat' dir='ltr'>t.</span> <span class='ocrx_word' id='word_1_515' title='bbox 1400 2450 1464 2488; x_wconf 86' lang='grc' dir='ltr'>ΙΙΙ.</span> <span class='ocrx_word' id='word_1_516' title='bbox 1490 2447 1660 2500; x_wconf 70' lang='lat' dir='ltr'>Anyezus</span> <span class='ocrx_word' id='word_1_517' title='bbox 1682 2447 1921 2486; x_wconf 78' lang='lat' dir='ltr'>GAMBILlO</span> <span class='ocrx_word' id='word_1_518' title='bbox 1945 2448 2031 2486; x_wconf 88' lang='lat' dir='ltr'>sive</span> <span class='ocrx_word' id='word_1_519' title='bbox 2059 2447 2108 2486; x_wconf 88' lang='lat' dir='ltr'>de</span> 
     </span>
     <span class='ocr_line' id='line_1_88' title="bbox 1146 2508 2105 2559; baseline -0.005 -8"><span class='ocrx_word' id='word_1_520' title='bbox 1146 2511 1508 2558; x_wconf 69' lang='lat' dir='ltr'>GAMBELLONA,</span> <span class='ocrx_word' id='word_1_521' title='bbox 1554 2510 1621 2559; x_wconf 90' lang='lat' dir='ltr'>(de</span> <span class='ocrx_word' id='word_1_522' title='bbox 1654 2508 2105 2556; x_wconf 76' lang='lat' dir='ltr'>GAMBELLIONIBUS)</span> 
     </span>
     <span class='ocr_line' id='line_1_89' title="bbox 1147 2571 2106 2621; baseline -0.005 -8"><span class='ocrx_word' id='word_1_523' title='bbox 1147 2573 1414 2613; x_wconf 84' lang='lat' dir='ltr'>AretinusJus</span> <span class='ocrx_word' id='word_1_524' title='bbox 1425 2573 1550 2612; x_wconf 87' lang='lat' dir='ltr'>Civile</span> <span class='ocrx_word' id='word_1_525' title='bbox 1566 2573 1698 2612; x_wconf 86' lang='lat' dir='ltr'>docuit</span> <span class='ocrx_word' id='word_1_526' title='bbox 1707 2571 1905 2611; x_wconf 88' lang='lat' dir='ltr'>Ferrariae</span> <span class='ocrx_word' id='word_1_527' title='bbox 1922 2571 2106 2621; x_wconf 83' lang='lat' dir='ltr'>primum,</span> 
     </span>
     <span class='ocr_line' id='line_1_90' title="bbox 1146 2633 2106 2683; baseline -0.004 -9"><span class='ocrx_word' id='word_1_528' title='bbox 1146 2635 1289 2675; x_wconf 88' lang='lat' dir='ltr'>deinde</span> <span class='ocrx_word' id='word_1_529' title='bbox 1315 2635 1364 2673; x_wconf 90' lang='lat' dir='ltr'>ab</span> <span class='ocrx_word' id='word_1_530' title='bbox 1392 2633 1505 2673; x_wconf 86' lang='lat' dir='ltr'>Anno</span> <span class='ocrx_word' id='word_1_531' title='bbox 1530 2635 1643 2674; x_wconf 83' lang='grc'>4444.</span> <span class='ocrx_word' id='word_1_532' title='bbox 1674 2634 1886 2675; x_wconf 86' lang='lat' dir='ltr'>Bononiae.</span> <span class='ocrx_word' id='word_1_533' title='bbox 1909 2636 2106 2683; x_wconf 88' lang='lat' dir='ltr'>postremo</span> 
     </span>
     <span class='ocr_line' id='line_1_91' title="bbox 1149 2695 2105 2746; baseline -0.004 -9"><span class='ocrx_word' id='word_1_534' title='bbox 1149 2701 1292 2737; x_wconf 83' lang='lat' dir='ltr'>iterum</span> <span class='ocrx_word' id='word_1_535' title='bbox 1313 2697 1513 2736; x_wconf 86' lang='lat' dir='ltr'>Ferrariae</span> <span class='ocrx_word' id='word_1_536' title='bbox 1536 2697 1601 2735; x_wconf 93' lang='lat' dir='ltr'>ubi</span> <span class='ocrx_word' id='word_1_537' title='bbox 1625 2696 1726 2735; x_wconf 90' lang='lat' dir='ltr'>diem</span> <span class='ocrx_word' id='word_1_538' title='bbox 1743 2695 1837 2733; x_wconf 89' lang='lat' dir='ltr'>obiit</span> <span class='ocrx_word' id='word_1_539' title='bbox 1862 2705 2105 2746; x_wconf 88' lang='lat' dir='ltr'>supremum.</span> 
     </span>
     <span class='ocr_line' id='line_1_92' title="bbox 1149 2755 2107 2809; baseline -0.003 -10"><span class='ocrx_word' id='word_1_540' title='bbox 1149 2760 1246 2800; x_wconf 80' lang='lat' dir='ltr'>Vide</span> <span class='ocrx_word' id='word_1_541' title='bbox 1275 2759 1410 2798; x_wconf 89' lang='lat' dir='ltr'>Thom.</span> <span class='ocrx_word' id='word_1_542' title='bbox 1449 2758 1755 2809; x_wconf 87' lang='lat' dir='ltr'>Diplovatatium</span> <span class='ocrx_word' id='word_1_543' title='bbox 1780 2757 1818 2795; x_wconf 93' lang='lat' dir='ltr'>in</span> <span class='ocrx_word' id='word_1_544' title='bbox 1843 2755 1930 2806; x_wconf 83' lang='lat' dir='ltr'>ejus</span> <span class='ocrx_word' id='word_1_545' title='bbox 1959 2758 2040 2796; x_wconf 89' lang='lat' dir='ltr'>vita</span> <span class='ocrx_word' id='word_1_546' title='bbox 2067 2761 2107 2796; x_wconf 89' lang='lat' dir='ltr'>et</span> 
     </span>
     <span class='ocr_line' id='line_1_93' title="bbox 1148 2817 2108 2869; baseline -0.005 -7"><span class='ocrx_word' id='word_1_547' title='bbox 1148 2821 1415 2863; x_wconf 87' lang='lat' dir='ltr'>Pancirollum</span> <span class='ocrx_word' id='word_1_548' title='bbox 1440 2821 1473 2859; x_wconf 91' lang='lat' dir='ltr'>ll</span> <span class='ocrx_word' id='word_1_549' title='bbox 1496 2819 1583 2859; x_wconf 71' lang='lat'>⁴02.</span> <span class='ocrx_word' id='word_1_550' title='bbox 1608 2817 1707 2869; x_wconf 87' lang='lat' dir='ltr'>Ejus</span> <span class='ocrx_word' id='word_1_551' title='bbox 1731 2821 1925 2858; x_wconf 87' lang='lat' dir='ltr'>tractatus</span> <span class='ocrx_word' id='word_1_552' title='bbox 1949 2817 1995 2857; x_wconf 85' lang='lat' dir='ltr'>de</span> <span class='ocrx_word' id='word_1_553' title='bbox 2022 2830 2108 2857; x_wconf 85' lang='lat' dir='ltr'>ma-</span> 
     </span>
     <span class='ocr_line' id='line_1_94' title="bbox 1149 2881 2107 2936; baseline -0.003 -13"><span class='ocrx_word' id='word_1_554' title='bbox 1149 2884 1286 2936; x_wconf 85' lang='lat' dir='ltr'>leficiis</span> <span class='ocrx_word' id='word_1_555' title='bbox 1309 2883 1451 2935; x_wconf 91' lang='lat' dir='ltr'>prodiit</span> <span class='ocrx_word' id='word_1_556' title='bbox 1474 2881 1547 2921; x_wconf 81' lang='lat' dir='ltr'>An.</span> <span class='ocrx_word' id='word_1_557' title='bbox 1574 2881 1677 2921; x_wconf 80' lang='grc'>4472</span> <span class='ocrx_word' id='word_1_558' title='bbox 1706 2881 1768 2920; x_wconf 82' lang='lat' dir='ltr'>fol.</span> <span class='ocrx_word' id='word_1_559' title='bbox 1799 2882 1884 2920; x_wconf 92' lang='lat' dir='ltr'>sine</span> <span class='ocrx_word' id='word_1_560' title='bbox 1913 2881 1985 2920; x_wconf 88' lang='lat' dir='ltr'>loci</span> <span class='ocrx_word' id='word_1_561' title='bbox 2016 2885 2107 2920; x_wconf 88' lang='lat' dir='ltr'>nota</span> 
     </span>
     <span class='ocr_line' id='line_1_95' title="bbox 1152 2942 2107 2991; baseline -0.003 -6"><span class='ocrx_word' id='word_1_562' title='bbox 1152 2951 1192 2985; x_wconf 84' lang='lat' dir='ltr'>et</span> <span class='ocrx_word' id='word_1_563' title='bbox 1216 2947 1347 2986; x_wconf 91' lang='lat' dir='ltr'>Colon.</span> <span class='ocrx_word' id='word_1_564' title='bbox 1375 2946 1497 2991; x_wconf 79' lang='grc'>4599,</span> <span class='ocrx_word' id='word_1_565' title='bbox 1517 2945 1537 2982; x_wconf 88' lang='grc'>4</span> <span class='ocrx_word' id='word_1_566' title='bbox 1561 2948 1602 2982; x_wconf 87' lang='lat' dir='ltr'>et</span> <span class='ocrx_word' id='word_1_567' title='bbox 1623 2955 1712 2983; x_wconf 89' lang='lat' dir='ltr'>cum</span> <span class='ocrx_word' id='word_1_568' title='bbox 1728 2942 1880 2983; x_wconf 83' lang='lat' dir='ltr'>Alberti</span> <span class='ocrx_word' id='word_1_569' title='bbox 1900 2943 2107 2983; x_wconf 77' lang='lat' dir='ltr'><strong>GANDIM</strong></span> 
     </span>
     <span class='ocr_line' id='line_1_96' title="bbox 1153 3004 2107 3058; baseline -0.002 -12"><span class='ocrx_word' id='word_1_570' title='bbox 1153 3008 1200 3046; x_wconf 88' lang='lat' dir='ltr'>de</span> <span class='ocrx_word' id='word_1_571' title='bbox 1224 3007 1362 3046; x_wconf 82' lang='lat' dir='ltr'>eodem</span> <span class='ocrx_word' id='word_1_572' title='bbox 1385 3010 1617 3058; x_wconf 88' lang='lat' dir='ltr'>argumento</span> <span class='ocrx_word' id='word_1_573' title='bbox 1637 3006 1773 3045; x_wconf 66' lang='lat' dir='ltr'>venet.</span> <span class='ocrx_word' id='word_1_574' title='bbox 1806 3004 1906 3046; x_wconf 79' lang='grc'>4573</span> <span class='ocrx_word' id='word_1_575' title='bbox 1935 3010 1975 3044; x_wconf 83' lang='lat' dir='ltr'>et</span> <span class='ocrx_word' id='word_1_576' title='bbox 2005 3006 2107 3046; x_wconf 84' lang='grc'>4598</span> 
     </span>
     <span class='ocr_line' id='line_1_97' title="bbox 1155 3067 2106 3119; baseline -0.002 -11"><span class='ocrx_word' id='word_1_577' title='bbox 1155 3070 1215 3108; x_wconf 83' lang='lat' dir='ltr'>fol.</span> <span class='ocrx_word' id='word_1_578' title='bbox 1240 3068 1422 3119; x_wconf 86' lang='lat' dir='ltr'>adjuncta</span> <span class='ocrx_word' id='word_1_579' title='bbox 1440 3069 1610 3108; x_wconf 84' lang='lat' dir='ltr'>auctoris</span> <span class='ocrx_word' id='word_1_580' title='bbox 1634 3069 1732 3115; x_wconf 85' lang='lat' dir='ltr'>vita,</span> <span class='ocrx_word' id='word_1_581' title='bbox 1753 3068 1941 3119; x_wconf 82' lang='lat' dir='ltr'>scriptore</span> <span class='ocrx_word' id='word_1_582' title='bbox 1958 3067 2106 3107; x_wconf 88' lang='lat' dir='ltr'>Thoma</span> 
     </span>
     <span class='ocr_line' id='line_1_98' title="bbox 1154 3129 2107 3180; baseline -0.001 -10"><span class='ocrx_word' id='word_1_583' title='bbox 1154 3129 1530 3170; x_wconf 75' lang='lat' dir='ltr'>DlPLOVATAClO.</span> <span class='ocrx_word' id='word_1_584' title='bbox 1547 3130 1606 3180; x_wconf 79' lang='lat' dir='ltr'>Ej.</span> <span class='ocrx_word' id='word_1_585' title='bbox 1623 3129 1669 3168; x_wconf 85' lang='lat' dir='ltr'>de</span> <span class='ocrx_word' id='word_1_586' title='bbox 1688 3129 1937 3169; x_wconf 82' lang='lat' dir='ltr'>Testamentis</span> <span class='ocrx_word' id='word_1_587' title='bbox 1954 3131 1992 3169; x_wconf 93' lang='lat' dir='ltr'>in</span> <span class='ocrx_word' id='word_1_588' title='bbox 2009 3131 2107 3170; x_wconf 83' lang='lat' dir='ltr'>Oce-</span> 
     </span>
     <span class='ocr_line' id='line_1_99' title="bbox 1153 3191 2103 3242; baseline -0.001 -10"><span class='ocrx_word' id='word_1_589' title='bbox 1153 3204 1226 3232; x_wconf 80' lang='lat' dir='ltr'>ano</span> <span class='ocrx_word' id='word_1_590' title='bbox 1242 3191 1341 3242; x_wconf 83' lang='lat' dir='ltr'>juris</span> <span class='ocrx_word' id='word_1_591' title='bbox 1358 3193 1441 3232; x_wconf 75' lang='lat' dir='ltr'>sive</span> <span class='ocrx_word' id='word_1_592' title='bbox 1457 3196 1627 3232; x_wconf 85' lang='lat' dir='ltr'>tractatu</span> <span class='ocrx_word' id='word_1_593' title='bbox 1643 3196 1883 3231; x_wconf 82' lang='lat' dir='ltr'>tractatuum</span> <span class='ocrx_word' id='word_1_594' title='bbox 1898 3197 2004 3231; x_wconf 83' lang='lat' dir='ltr'>tomo</span> <span class='ocrx_word' id='word_1_595' title='bbox 2020 3193 2103 3231; x_wconf 86' lang='lat' dir='ltr'>Vlll</span> 
     </span>
     <span class='ocr_line' id='line_1_100' title="bbox 1154 3253 2106 3306; baseline -0.001 -12"><span class='ocrx_word' id='word_1_596' title='bbox 1154 3253 1212 3303; x_wconf 84' lang='lat' dir='ltr'>Ej.</span> <span class='ocrx_word' id='word_1_597' title='bbox 1240 3255 1406 3293; x_wconf 77' lang='lat' dir='ltr'>Lectura</span> <span class='ocrx_word' id='word_1_598' title='bbox 1427 3266 1553 3306; x_wconf 83' lang='lat' dir='ltr'>supra</span> <span class='ocrx_word' id='word_1_599' title='bbox 1571 3253 1706 3305; x_wconf 82' lang='lat' dir='ltr'>prima</span> <span class='ocrx_word' id='word_1_600' title='bbox 1737 3258 1855 3306; x_wconf 84' lang='lat' dir='ltr'>parte</span> <span class='ocrx_word' id='word_1_601' title='bbox 1894 3254 2106 3295; x_wconf 81' lang='lat' dir='ltr'>Institutio-</span> 
     </span>
     <span class='ocr_line' id='line_1_101' title="bbox 1158 3317 2104 3365; baseline 0.002 -11"><span class='ocrx_word' id='word_1_602' title='bbox 1158 3328 1265 3365; x_wconf 77' lang='lat' dir='ltr'>num,</span> <span class='ocrx_word' id='word_1_603' title='bbox 1291 3318 1424 3357; x_wconf 70' lang='lat' dir='ltr'>Vcnct.</span> <span class='ocrx_word' id='word_1_604' title='bbox 1448 3317 1543 3357; x_wconf 69' lang='grc'>4492</span> <span class='ocrx_word' id='word_1_605' title='bbox 1568 3317 1628 3358; x_wconf 80' lang='lat' dir='ltr'>fol.</span> <span class='ocrx_word' id='word_1_606' title='bbox 1649 3318 1714 3358; x_wconf 91' lang='lat' dir='ltr'>ubi</span> <span class='ocrx_word' id='word_1_607' title='bbox 1735 3317 1925 3358; x_wconf 84' lang='lat' dir='ltr'>Gambilio</span> <span class='ocrx_word' id='word_1_608' title='bbox 1943 3321 2104 3357; x_wconf 84' lang='lat' dir='ltr'>vocatur</span> 
     </span>
    </p>
   </div>
  </div>
 </body>
</html>
