2500 3841
921 206 1331 249 CHALCIDII

124 277 226 315 circa
249 273 410 313 Annum
436 274 540 313 4290
566 275 727 326 scripsit
750 287 849 327 opus
878 289 923 316 ea
952 283 1083 318 aetate

127 337 256 377 nobile
279 341 400 386 atque
425 348 475 375 ex
500 337 603 386 illis,
627 342 672 376 ut
696 339 780 389 ipse
804 341 882 389 ait,
908 351 1011 392 quae
1033 340 1088 380 ad

117 397 311 452 populum
339 397 622 437 declamatorie
653 399 899 451 prodidisset
930 407 1087 443 contra-

122 465 230 499 ctum
253 471 299 499 ac
320 460 521 512 digestum
543 462 723 512 partibus
743 468 915 514 quatuor
932 479 939 503 :
956 477 1089 505 mora-

125 521 255 561 litates
278 533 400 574 super
424 521 565 562 ludum
585 524 853 564 scacchorum
867 558 878 576 ,
901 526 947 566 (le
969 528 1091 567 mori-

125 582 199 623 bus
227 583 427 623 hominum
451 589 489 624 et
520 585 658 640 officiis
686 586 876 627 nobilium
906 593 943 628 et
963 601 1090 642 popu-

123 645 286 686 larium.
309 647 507 694 Quoniam
527 661 623 688 vero
644 650 801 690 Ludum
823 652 1089 693 Scacchorum

130 709 267 749 dixere
296 711 417 750 etiam
444 711 719 763 tessellarum,
744 713 836 752 hinc
861 715 1010 754 factum
1035 717 1094 755 vi-

123 773 265 822 detur,
303 779 349 813 ut
380 785 530 814 nomen
560 777 711 814 auctori
741 777 936 816 tributum
974 779 1092 817 fuerit

125 835 171 874 de
195 835 362 875 tessellis
381 866 390 884 ‚
415 837 522 876 unde
553 838 617 876 alii
648 839 831 878 fecerunt
854 837 900 878 (le
930 839 1092 879 Thessa-

126 896 199 947 lis,
233 899 299 937 vel
337 898 384 937 de
425 898 727 950 Thessalonica,
766 905 810 940 ut
846 903 1090 942 Trithemius

123 971 209 1012 cap.
233 960 326 999 704.
350 961 533 1000 Prodiere
557 963 631 1001 hae
656 964 925 1014 moralitates,
946 964 1090 1003 Medio-

121 1022 201 1062 lani
227 1023 344 1063 4479.
375 1024 438 1062 sol.
469 1029 509 1063 et
538 1030 752 1065 servantur
781 1027 913 1066 MStae
937 1028 977 1065 in
1000 1027 1088 1078 plu-

122 1086 233 1125 ribus
256 1087 511 1126 Bibliothecis
540 1088 714 1137 Galliae,
738 1088 903 1141 Angliae
927 1093 967 1128 et
990 1089 1087 1128 Ger-

121 1150 303 1196 maniae,
327 1161 499 1200 quarum
538 1151 704 1190 Codices
738 1151 1002 1203 designantur
1035 1152 1085 1191 ab

119 1210 275 1249 Oudino
298 1215 406 1250 tomo
429 1213 509 1263 III,
544 1224 631 1264 pag.
670 1212 759 1252 627.
800 1224 883 1264 seq.
908 1218 949 1251 et
973 1225 994 1253 a
1021 1215 1086 1253 Ja-

125 1272 221 1311 cobo
244 1274 426 1313 Echardo
449 1279 544 1313 tom.
570 1276 597 1313 I.
622 1275 886 1315 Bibliothecae
914 1277 1088 1315 Domini-

120 1347 311 1376 canorum
340 1348 427 1388 pag.
466 1336 534 1377 474
579 1341 618 1376 et
657 1341 763 1376 tomo
792 1339 853 1387 II,
878 1351 966 1390 pag.
992 1339 1082 1378 848.

124 1409 208 1449 seq.
247 1400 315 1450 qui
343 1401 463 1438 etiam
492 1399 619 1439 videri
648 1404 780 1451 potest
809 1399 858 1439 de
899 1403 1084 1440 versione

127 1460 282 1500 Gallica
297 1462 442 1513 duplici
459 1473 480 1501 a
495 1463 647 1501 Joanne
658 1464 870 1514 Duvignay
885 1465 1084 1502 etJoanne

125 1525 410 1570 Ferrono‚nec
447 1535 524 1562 non
564 1524 612 1563 de
648 1524 816 1573 Italica,
850 1525 939 1575 (74.
980 1537 1083 1565 saec.

129 1587 232 1625 XIV.
259 1585 367 1624 edita
396 1586 618 1625 Florentiae
641 1587 716 1626 An.
745 1589 870 1635 4493,
897 1588 930 1626 4.
956 1588 1019 1639 fig.
1045 1592 1085 1627 et

123 1648 328 1687 Mediolani
366 1649 467 1688 4829
487 1680 495 1699 ,
513 1650 548 1687 8.
572 1648 660 1700 fig.)
680 1681 687 1699 ,
709 1651 814 1689 sicut
839 1649 886 1689 de
921 1650 1086 1689 Germa-

122 1711 214 1749 uica
229 1711 399 1762 duplici,
416 1713 593 1762 prosaria
617 1712 754 1758 altera,
769 1713 893 1754 altera
916 1713 1086 1752 Conradi

125 1784 205 1811 van
228 1772 551 1816 Ammenhusen,
570 1775 748 1813 Monachi
778 1779 819 1813 et
842 1776 1086 1826 Presbyteri,

126 1835 354 1885 rhythmica
368 1836 447 1874 MS.
468 1836 506 1873 in
527 1836 769 1875 Bibliotheca
791 1838 985 1876 Caesarea
1008 1838 1090 1876 adi-

127 1910 168 1936 re
192 1897 324 1936 licebit
344 1898 599 1937 Lambecium
616 1902 710 1936 tom.
732 1899 766 1936 II
784 1911 871 1950 pag.
887 1900 978 1937 848.
1003 1911 1086 1950 seq.

125 1961 192 1999 ubi
217 1972 361 1999 nomen
386 1971 623 2011 expressum
647 1959 693 1999 de
718 1961 903 2011 Casulis,
934 1962 1005 2000 sed
1028 1974 1090 2001 re-

125 2025 230 2063 ctius
252 2022 299 2062 de
324 2022 494 2063 Cessolis
518 2025 662 2062 iterum
687 2035 774 2074 pag.
801 2023 890 2062 877.

178 2085 433 2126 CHALCIDII
449 2086 676 2124 versionem
690 2087 869 2124 Latinam
885 2089 1009 2137 partis
1028 2087 1087 2125 Ti-

126 2148 234 2187 maei
258 2147 477 2198 Platonici,
515 2147 831 2199 adjunctumque
869 2149 918 2188 ab
946 2149 1085 2188 eodem

124 2213 457 2251 commentarium
472 2211 784 2252 emendatiorem
809 2217 849 2251 et
874 2214 978 2252 notis
999 2213 1087 2252 illu-

122 2278 294 2313 stratum
318 2273 422 2313 edidi
441 2274 489 2313 ad
510 2275 661 2313 calcem
674 2276 897 2314 Voluminis
919 2275 1085 2315 secundi

122 2337 299 2387 Operum
324 2337 362 2376 S.
388 2337 614 2388 Hippolyti,
638 2337 852 2388 Hamburgi
880 2337 994 2377 4748.
1020 2338 1084 2376 fol.

122 2400 180 2437 De
209 2400 399 2450 scriptore
428 2400 512 2449 ipso
546 2404 586 2437 et
614 2399 810 2450 prioribus
845 2399 1084 2438 editionibus

122 2460 203 2499 dixi
233 2461 298 2499 lib.
331 2461 367 2498 3.
404 2461 669 2499 Bibliothecae
699 2462 860 2499 Latinae
889 2462 1016 2510 capite
1047 2461 1082 2500 7.

123 2523 190 2561 ubi
213 2523 349 2561 monui
374 2523 449 2561 sub
477 2523 609 2572 quarti
633 2535 726 2561 eum
752 2522 899 2561 saeculi
932 2524 1082 2561 vixisse

122 2585 248 2633 initia,
272 2588 312 2623 et
335 2585 427 2622 licet
449 2583 633 2622 videatur
656 2584 819 2622 dubium
844 2584 1080 2634 relinquere,

123 2652 258 2685 tamen
283 2647 380 2685 satis
396 2646 513 2684 claris
537 2644 692 2684 indiciis
706 2646 947 2696 deprehendi
971 2647 1082 2686 Chri-

121 2711 308 2748 stianum.
323 2708 432 2754 Quae
448 2719 518 2758 pro
532 2709 729 2746 contraria
744 2710 943 2746 sententia
966 2709 1080 2748 affer-

119 2775 151 2811 ri
174 2771 290 2810 video
318 2782 341 2810 a
376 2771 473 2808 viris
496 2770 791 2818 celeberrimis,
829 2770 1012 2819 Govieto,
1042 2773 1075 2817 a)

117 2839 238 2886 atque
266 2834 446 2885 inprimis
469 2831 516 2870 ab
540 2831 809 2870 eruditissimo
839 2832 1076 2871 Cudworthi

123 2899 365 2949 interprete,
389 2895 425 2945 b)
456 2906 502 2934 ea
525 2894 749 2945 expendere
774 2894 954 2944 juvabit,
984 2907 1075 2935 cum

121 2972 265 3000 novam
285 2965 404 3009 atque
424 2958 605 2997 ultimam
629 2956 890 2995 Bibliothecae
915 2958 1075 2997 Latinae

120 3023 333 3063 editionem
357 3021 500 3072 praelis
528 3020 775 3058 committere
800 3018 968 3057 dabitur.

170 3086 341 3124 Joannes
365 3082 641 3131 CHARLIER,
667 3082 765 3120 infra
780 3112 791 3129 ,
816 3081 1025 3121 GERSON.

177 3237 210 3278 a)
234 3238 474 3270 continuation
498 3236 552 3268 des
578 3236 750 3266 memoires
768 3235 806 3265 de
830 3235 1025 3266 Litterature
1044 3238 1072 3265 et

118 3288 285 3320 l'llistoire
307 3292 390 3320 tom.
415 3289 424 3317 1
450 3296 481 3327 p.
507 3286 577 3317 158.
601 3292 674 3325 seq.

175 3337 212 3376 b)
236 3346 310 3378 pag.
333 3338 406 3370 739.
430 3347 497 3377 seq.
528 3336 567 3367 ad
592 3344 664 3374 cap.
691 3337 740 3365 tv.
763 3336 791 3374 S.
816 3336 867 3366 56.

2037 217 2116 256 343

1209 279 1363 321 Alanus
1387 282 1642 323 CHARTIER
1663 285 1825 333 (Latino
1849 287 2008 325 nomine
2032 286 2120 326 AU-

1158 344 1303 395 RIGA,
1329 346 1413 384 sive
1436 346 1943 399 AURIGA-RIUS)Regum
1968 349 2118 388 Galliae

1159 406 1288 445 Caroli
1313 409 1361 447 VI
1384 412 1424 446 et
1446 410 1514 447 VII
1536 421 1557 448 a
1579 411 1770 460 secretis,
1795 411 1901 450 diem
1925 412 2019 450 obiit
2042 411 2119 451 An.

1163 470 1290 519 4458,
1315 472 1458 510 aetatis
1488 471 1550 511 72.
1581 473 1695 512 Plura
1726 474 1885 524 scripsit
1908 473 2056 513 Gallice
2080 479 2122 513 et

1162 533 1298 572 Latine
1316 564 1324 584 ,
1346 545 1447 584 quae
1463 534 1633 584 junctim
1655 534 1760 574 edita
1779 541 1945 574 curante
1961 536 2120 575 Andrea

1164 594 1218 633 du
1241 595 1425 645 Chesne,
1450 597 1608 635 Parisiis
1646 598 1771 642 4647,
1798 597 1858 646 4.7
1899 599 1937 636 in
1975 598 2122 648 quibus

1163 658 1383 708 Descriptio
1406 657 1577 705 Galliae,
1602 659 1864 710 Quadrilogus
1894 661 2122 700 invectivus

1166 720 1205 757 in
1228 719 1462 758 Eduardum
1482 721 1534 759 III
1555 719 1717 771 Angliae
1737 723 1880 771 Regem
1899 736 1906 761 :
1932 721 2122 774 Dialoqus

1162 780 1382 833 familiaris
1403 781 1588 828 amiciet
1615 782 1762 822 sodalis
1790 794 1911 834 super
1940 784 2120 837 deplora-

1165 842 1265 881 tione
1283 842 1457 882 Gallicae
1488 843 1731 883 calamitatis
1747 859 1756 883 .·
1773 845 1971 896 Epistolae
1987 847 2033 886 tle
2057 847 2122 886 (le-

1164 905 1368 944 testatione
1397 904 1489 944 belli
1515 905 1660 944 Gallici
1688 909 1725 945 et
1757 907 1942 945 suasione
1973 908 2116 947 Pacis:

1161 968 1330 1006 Historia
1350 969 1475 1007 Caroli
1496 970 1543 1007 VI
1564 974 1603 1007 et
1624 970 1710 1007 VIII
1736 969 1784 1007 ab
1808 968 1923 1007 Anno
1947 970 2048 1008 4402
2069 970 2117 1008 ad

1162 1030 1264 1069 4455
1295 1030 1437 1080 (cujus
1460 1035 1595 1069 tamen
1619 1043 1762 1070 verum
1792 1035 1996 1070 auctorem
2021 1032 2122 1070 Bou-

1159 1091 1330 1130 vierium
1357 1097 1493 1144 postea
1523 1098 1772 1144 compertum
1809 1097 1920 1132 notat
1947 1094 2118 1133 Jacobus

1159 1155 1195 1193 le
1211 1156 1339 1206 Long,
1357 1156 1395 1192 in
1412 1156 1652 1195 Bibliotheca
1674 1156 1953 1196 historicorum
1971 1157 2120 1195 Galliae

1158 1229 1243 1268 pag.
1266 1218 1378 1267 375).
1399 1218 1635 1269 Genealogia
1658 1220 1810 1269 Regum
1831 1217 1979 1257 Galliae
2000 1230 2022 1257 a
2043 1219 2122 1257 Lu-

1158 1279 1295 1318 dovico
1319 1281 1464 1319 Sancto
1488 1281 1538 1319 ad
1557 1281 1743 1319 Carolum
1764 1281 1832 1319 VII
1854 1285 1893 1319 et
1917 1281 1966 1319 de
1990 1282 2120 1319 extin-

1158 1343 1286 1381 ctione
1323 1343 1420 1381 falso
1458 1344 1659 1394 praetensi
1692 1342 1795 1393 juris
1828 1342 2047 1394 Anglorum
2078 1345 2117 1380 in

1159 1404 1352 1443 Galliam:
1392 1405 1540 1456 Pompa
1574 1406 1781 1455 ingressus
1817 1405 1944 1444 Caroli
1976 1405 2045 1444 Vll
2082 1407 2121 1443 in

1160 1467 1298 1506 urbem
1320 1468 1518 1506 Lutetiam
1542 1467 1633 1505 facti
1652 1466 1768 1505 Anno
1787 1469 1799 1506 4
1814 1466 1901 1505 437.
1923 1468 2023 1518 Spes
2049 1478 2122 1506 seu

1159 1530 1372 1568 consolatio
1402 1531 1522 1568 trium
1551 1530 1774 1568 virtutum:
1806 1529 1963 1568 Curiale
1999 1529 2120 1568 Galli-

1159 1604 1276 1642 cum,
1316 1597 1356 1631 et
1386 1593 1572 1632 Carmina
1604 1593 1724 1630 varia.
1757 1592 1923 1642 Scripsit
1963 1602 2122 1642 quoque

1161 1656 1318 1694 Statum
1339 1655 1487 1694 Galliae
1511 1666 1589 1705 quo
1614 1654 1687 1693 fuit
1710 1654 1816 1693 exilii
1835 1655 1895 1692 sui
1917 1658 2123 1704 tempore,

1162 1730 1282 1768 quem
1312 1718 1458 1756 librum
1487 1718 1566 1756 MS.
1597 1720 1791 1755 memorat
1828 1715 2014 1755 laudatus
2044 1717 2125 1754 Jac.

1161 1780 1197 1818 Ie
1214 1781 1321 1830 Long
1337 1791 1447 1817 num.
1467 1780 1608 1818 44099.
1625 1779 1776 1818 Omitto
1799 1777 1929 1816 dicere
1954 1777 2002 1816 de
2027 1778 2125 1816 scri-

1162 1846 1275 1893 ptore
1291 1842 1509 1881 eorundem
1526 1846 1751 1891 temporum
1767 1840 1960 1879 Historico
1974 1840 2125 1877 Joanne

1164 1904 1440 1952 CHARTIER,
1462 1905 1547 1942 sive
1568 1901 1934 1951 QUADRIGARIO,
1956 1903 2048 1952 quia
2068 1903 2129 1939 ni-

1164 1967 1218 2005 hil
1245 1968 1382 2006 Latine
1407 1967 1456 2005 ab
1479 1977 1524 2005 eo
1547 1966 1612 2004 vel
1643 1966 1933 2016 compositum,
1957 1964 2022 2002 vel
2045 1963 2128 2002 edi-

1161 2034 1249 2068 tum
1272 2030 1413 2080 reperi.
1435 2030 1492 2067 De
1516 2028 1676 2066 Gallicis
1704 2027 1796 2066 vide
1825 2027 1997 2066 eundem
2025 2027 2125 2064 Lon-

1161 2102 1257 2142 gum
1275 2103 1385 2129 num.
1404 2090 1521 2129 7402.
1537 2089 1639 2129 7344
1657 2094 1697 2128 et
1712 2089 1916 2129 Oudinum
1934 2094 2028 2126 tom.
2052 2088 2124 2137 III,

1158 2164 1244 2204 pag.
1270 2154 1386 2192 2554.
1411 2164 1522 2203 seqq.

1214 2216 1583 2263 CHARTUITIUS,
1614 2215 1646 2264 a)
1678 2225 1750 2253 seu
1779 2212 2122 2261 CHARTUITUS,

1161 2280 1383 2330 Episcopus
1407 2279 1447 2316 in
1471 2278 1672 2329 Hungaria
1700 2278 1802 2315 circa
1833 2275 1995 2314 Annum
2022 2274 2123 2313 4400

1163 2342 1322 2393 scripsit
1341 2341 1425 2391 jam
1449 2340 1676 2391 decrepitus
1702 2338 1821 2389 jussu
1848 2338 1942 2387 Regi
1967 2338 2126 2387 Hunga-

1159 2415 1294 2442 rorum
1319 2404 1477 2451 octavi,
1499 2402 1759 2449 Colomanni,
1783 2401 1849 2450 qui
1875 2399 1923 2438 ab
1945 2399 1991 2437 A.
2019 2399 2121 2437 4095

1158 2465 1207 2504 ad
1247 2466 1362 2504 4444.
1405 2465 1628 2515 Hungariae
1672 2463 1865 2514 praefuit,
1909 2461 2120 2510 eidemque

1155 2527 1250 2577 Regi
1274 2526 1472 2564 dedicavit
1490 2525 1615 2564 vitam
1636 2526 1754 2575 Regis
1778 2523 1990 2563 Christiani
2008 2523 2118 2560 Hun-

1155 2599 1340 2639 garorum
1364 2588 1479 2637 primi
1500 2588 1539 2626 S.
1561 2584 1772 2637 Stephani,
1794 2595 1913 2634 quam
1937 2583 2008 2622 sed
2032 2595 2118 2622 mu-

1153 2655 1234 2689 tato
1259 2649 1388 2698 stylo,
1411 2652 1454 2688 ut
1475 2649 1578 2687 malo
1601 2659 1708 2686 more
1733 2647 1833 2685 solet
1858 2647 2011 2693 facere,
2033 2644 2116 2683 edi-

1153 2713 1209 2751 dit
1233 2712 1374 2751 Surius
1398 2711 1447 2750 20
1473 2710 1656 2761 Augusti.
1687 2709 1748 2748 Ex
1783 2709 1921 2757 Surio,
1947 2712 1991 2746 ut
2027 2709 2110 2758 ipse

1152 2774 1383 2826 profitetur,
1408 2774 1649 2823 Bongarsius
1679 2773 1782 2809 inter
1812 2771 2025 2821 scriptores
2054 2781 2114 2808 re-

1151 2849 1239 2876 rum
1265 2836 1575 2887 Hungaricarum
1606 2845 1694 2885 pag.
1718 2834 1806 2872 268.
1832 2833 1922 2872 280.

1204 2897 1408 2938 THOMAS
1430 2897 1771 2937 CHAUNDELER
1793 2897 1801 2944 ζ
1819 2893 2106 2944 Candelarius)

1148 2962 1326 3012 AngluS,
1353 2960 1570 3010 (Leland0‚
1589 2959 1726 3007 Baleo,
1744 2960 1871 2997 Pitseo
1890 2989 1898 3008 ,
1920 2957 2103 2997 Goodwi-

1149 3036 1224 3073 no,
1255 3024 1447 3073 aliisque,
1478 3024 1597 3061 etiam
1628 3022 1766 3060 Vossio
1795 3020 1898 3059 male
1926 3019 2106 3058 JOIIAN-

1147 3088 1241 3126 NES
1266 3087 1301 3134 b)
1327 3085 1665 3125 CHAUNDELER
1683 3086 1718 3134 ),
1742 3084 1905 3123 Guarini
1934 3083 2106 3133 discipu-

1197 3182 1229 3223 a)
1254 3184 1385 3213 vossius
1408 3184 1490 3214 llist.
1510 3185 1580 3214 Lat.
1605 3190 1681 3221 pag.
1697 3180 1770 3213 58-2.
1787 3184 1868 3211 Dav.
1890 3182 2105 3221 szittinger

1137 3236 1283 3272 Iiuiigar.
1307 3232 1475 3263 litteratae
1499 3240 1574 3272 pag.
1601 3232 1671 3262 100.
1694 3229 1846 3262 Francos.
1874 3229 1965 3261 1711.
1989 3230 2019 3261 4.

1194 3282 1230 3319 b)
1255 3282 1333 3313 vide
1366 3283 1502 3313 Antonii
1539 3281 1638 3314 Wood
1660 3282 1885 3320 antiquitates
1922 3282 2102 3313 oxoniens.

1141 3339 1220 3364 toni.
1247 3334 1271 3362 ΙΙ
1297 3340 1372 3371 par-⁷.
1398 3332 1470 3363 -410,
1498 3331 1570 3363 411.
