<?xml version="1.0" encoding="UTF-8"?>
<!DOCTYPE html PUBLIC "-//W3C//DTD XHTML 1.0 Transitional//EN"
    "http://www.w3.org/TR/xhtml1/DTD/xhtml1-transitional.dtd">
<html xmlns="http://www.w3.org/1999/xhtml" xml:lang="en" lang="en">
 <head>
  <title>
</title>
<meta http-equiv="Content-Type" content="text/html;charset=utf-8" />
  <meta name='ocr-system' content='tesseract 3.04.00' />
  <meta name='ocr-capabilities' content='ocr_page ocr_carea ocr_par ocr_line ocrx_word'/>
</head>
<body>
  <div class='ocr_page' id='page_1' title='image "./bibliothecalatin01fabruoft_0237.png"; bbox 0 0 2500 3841; ppageno 0'>
   <div class='ocr_carea' id='block_1_1' title="bbox 840 201 1378 243">
    <p class='ocr_par' dir='ltr' id='par_1_1' title="bbox 840 201 1378 243">
     <span class='ocr_line' id='line_1_1' title="bbox 840 201 1378 243; baseline 0.006 -3"><span class='ocrx_word' id='word_1_1' title='bbox 840 201 1378 243; x_wconf 80' lang='lat' dir='ltr'><em>BERENGARIUS</em></span> 
     </span>
    </p>
   </div>
   <div class='ocr_carea' id='block_1_2' title="bbox 96 269 1084 3288">
    <p class='ocr_par' dir='ltr' id='par_1_2' title="bbox 110 269 1081 1931">
     <span class='ocr_line' id='line_1_2' title="bbox 120 269 1075 322; baseline -0.006 -4"><span class='ocrx_word' id='word_1_2' title='bbox 120 280 292 318; x_wconf 80' lang='lat' dir='ltr'><strong>assertor</strong></span> <span class='ocrx_word' id='word_1_3' title='bbox 312 274 350 312; x_wconf 90' lang='lat' dir='ltr'><em>in</em></span> <span class='ocrx_word' id='word_1_4' title='bbox 373 269 616 322; x_wconf 72' lang='lat' dir='ltr'><em>Apoloyetico</em></span> <span class='ocrx_word' id='word_1_5' title='bbox 640 273 778 310; x_wconf 84' lang='lat' dir='ltr'><em>contra</em></span> <span class='ocrx_word' id='word_1_6' title='bbox 797 272 1075 312; x_wconf 79' lang='lat' dir='ltr'><em>Bernlzardum</em></span> 
     </span>
     <span class='ocr_line' id='line_1_3' title="bbox 121 331 1074 387; baseline -0.003 -9"><span class='ocrx_word' id='word_1_7' title='bbox 121 333 484 379; x_wconf 87' lang='lat' dir='ltr'><em>Claraevallensem</em></span> <span class='ocrx_word' id='word_1_8' title='bbox 503 331 636 383; x_wconf 87' lang='lat' dir='ltr'><em>judice</em></span> <span class='ocrx_word' id='word_1_9' title='bbox 659 334 887 384; x_wconf 78' lang='lat' dir='ltr'>petrarcha,</span> <span class='ocrx_word' id='word_1_10' title='bbox 911 335 1074 387; x_wconf 70' lang='lat' dir='ltr'><em>inqentis</em></span> 
     </span>
     <span class='ocr_line' id='line_1_4' title="bbox 120 394 1074 447; baseline -0.003 -8"><span class='ocrx_word' id='word_1_11' title='bbox 120 396 379 446; x_wconf 82' lang='lat' dir='ltr'><em>acrimoniae,</em></span> <span class='ocrx_word' id='word_1_12' title='bbox 405 396 444 434; x_wconf 89' lang='lat' dir='ltr'><em>in</em></span> <span class='ocrx_word' id='word_1_13' title='bbox 463 395 639 446; x_wconf 83' lang='lat' dir='ltr'>Epistola</span> <span class='ocrx_word' id='word_1_14' title='bbox 664 394 714 434; x_wconf 89' lang='lat' dir='ltr'><em>ad</em></span> <span class='ocrx_word' id='word_1_15' title='bbox 744 395 1046 436; x_wconf 85' lang='lat' dir='ltr'><em>Carthusienses</em></span> <span class='ocrx_word' id='word_1_16' title='bbox 1062 428 1074 447; x_wconf 79' lang='lat'><em>,</em></span> 
     </span>
     <span class='ocr_line' id='line_1_5' title="bbox 120 455 1078 510; baseline -0.003 -10"><span class='ocrx_word' id='word_1_17' title='bbox 120 466 162 500; x_wconf 83' lang='lat' dir='ltr'><em>et</em></span> <span class='ocrx_word' id='word_1_18' title='bbox 182 459 237 499; x_wconf 85' lang='lat' dir='ltr'><em>ad</em></span> <span class='ocrx_word' id='word_1_19' title='bbox 253 457 492 510; x_wconf 76' lang='lat' dir='ltr'><em>Episcopum</em></span> <span class='ocrx_word' id='word_1_20' title='bbox 519 455 804 506; x_wconf 84' lang='lat' dir='ltr'><em>Mimatensem,</em></span> <span class='ocrx_word' id='word_1_21' title='bbox 828 469 928 508; x_wconf 85' lang='lat' dir='ltr'><em>quae</em></span> <span class='ocrx_word' id='word_1_22' title='bbox 957 463 996 497; x_wconf 88' lang='lat' dir='ltr'><em>et</em></span> <span class='ocrx_word' id='word_1_23' title='bbox 1021 460 1078 497; x_wconf 89' lang='lat' dir='ltr'><em>in-</em></span> 
     </span>
     <span class='ocr_line' id='line_1_6' title="bbox 118 518 1076 570; baseline -0.003 -8"><span class='ocrx_word' id='word_1_24' title='bbox 118 527 180 562; x_wconf 88' lang='lat' dir='ltr'><em>ter</em></span> <span class='ocrx_word' id='word_1_25' title='bbox 202 522 349 562; x_wconf 85' lang='lat' dir='ltr'>PETRI</span> <span class='ocrx_word' id='word_1_26' title='bbox 371 518 570 559; x_wconf 87' lang='lat' dir='ltr'><em>Abailardi</em></span> <span class='ocrx_word' id='word_1_27' title='bbox 593 520 806 570; x_wconf 87' lang='lat' dir='ltr'><em>Epistolas,</em></span> <span class='ocrx_word' id='word_1_28' title='bbox 831 524 871 558; x_wconf 89' lang='lat' dir='ltr'><em>et</em></span> <span class='ocrx_word' id='word_1_29' title='bbox 888 521 924 559; x_wconf 90' lang='lat' dir='ltr'><em>in</em></span> <span class='ocrx_word' id='word_1_30' title='bbox 943 521 1076 559; x_wconf 88' lang='lat' dir='ltr'><em>Bulaei</em></span> 
     </span>
     <span class='ocr_line' id='line_1_7' title="bbox 118 580 1075 633; baseline -0.002 -10"><span class='ocrx_word' id='word_1_31' title='bbox 118 584 287 624; x_wconf 76' lang='lat' dir='ltr'><em>Historia</em></span> <span class='ocrx_word' id='word_1_32' title='bbox 310 580 545 622; x_wconf 80' lang='lat' dir='ltr'>Academiae</span> <span class='ocrx_word' id='word_1_33' title='bbox 565 582 684 620; x_wconf 90' lang='lat' dir='ltr'><em>Paris.</em></span> <span class='ocrx_word' id='word_1_34' title='bbox 706 586 799 620; x_wconf 88' lang='lat' dir='ltr'><em>tom.</em></span> <span class='ocrx_word' id='word_1_35' title='bbox 826 583 858 620; x_wconf 92' lang='lat' dir='ltr'><em>II</em></span> <span class='ocrx_word' id='word_1_36' title='bbox 883 593 967 633; x_wconf 85' lang='lat' dir='ltr'><em>pag.</em></span> <span class='ocrx_word' id='word_1_37' title='bbox 987 583 1075 631; x_wconf 74' lang='grc'>482,</span> 
     </span>
     <span class='ocr_line' id='line_1_8' title="bbox 119 641 1076 686; baseline -0.004 0"><span class='ocrx_word' id='word_1_38' title='bbox 119 647 195 686; x_wconf 86' lang='grc'><em>493</em></span> <span class='ocrx_word' id='word_1_39' title='bbox 218 649 260 684; x_wconf 88' lang='lat' dir='ltr'><em>et</em></span> <span class='ocrx_word' id='word_1_40' title='bbox 283 644 371 684; x_wconf 77' lang='grc'>484.</span> <span class='ocrx_word' id='word_1_41' title='bbox 395 641 493 682; x_wconf 82' lang='lat' dir='ltr'><em>Vide</em></span> <span class='ocrx_word' id='word_1_42' title='bbox 521 643 602 682; x_wconf 91' lang='lat' dir='ltr'><em>Jac.</em></span> <span class='ocrx_word' id='word_1_43' title='bbox 642 643 899 683; x_wconf 86' lang='lat' dir='ltr'><em>Thomasium</em></span> <span class='ocrx_word' id='word_1_44' title='bbox 941 645 978 682; x_wconf 92' lang='lat' dir='ltr'><em>in</em></span> <span class='ocrx_word' id='word_1_45' title='bbox 1009 644 1076 683; x_wconf 83' lang='lat' dir='ltr'><em>filii</em></span> 
     </span>
     <span class='ocr_line' id='line_1_9' title="bbox 119 705 1076 756; baseline -0.003 -8"><span class='ocrx_word' id='word_1_46' title='bbox 119 706 333 748; x_wconf 82' lang='lat' dir='ltr'><em>Christiani</em></span> <span class='ocrx_word' id='word_1_47' title='bbox 357 705 521 743; x_wconf 88' lang='lat' dir='ltr'><em>historia</em></span> <span class='ocrx_word' id='word_1_48' title='bbox 553 706 770 756; x_wconf 78' lang='lat' dir='ltr'><em>sapientiae</em></span> <span class='ocrx_word' id='word_1_49' title='bbox 811 710 852 744; x_wconf 90' lang='lat' dir='ltr'><em>et</em></span> <span class='ocrx_word' id='word_1_50' title='bbox 884 706 1076 745; x_wconf 84' lang='lat' dir='ltr'><em>stultitiae</em></span> 
     </span>
     <span class='ocr_line' id='line_1_10' title="bbox 118 767 1076 818; baseline -0.002 -10"><span class='ocrx_word' id='word_1_51' title='bbox 118 773 146 808; x_wconf 89' lang='lat' dir='ltr'><em>t.</em></span> <span class='ocrx_word' id='word_1_52' title='bbox 170 768 186 808; x_wconf 94' lang='lat'><em>1</em></span> <span class='ocrx_word' id='word_1_53' title='bbox 209 778 295 818; x_wconf 85' lang='lat' dir='ltr'><em>pag.</em></span> <span class='ocrx_word' id='word_1_54' title='bbox 316 767 393 806; x_wconf 78' lang='grc'><em>444</em></span> <span class='ocrx_word' id='word_1_55' title='bbox 418 777 530 817; x_wconf 84' lang='lat' dir='ltr'><em>seqq.</em></span> <span class='ocrx_word' id='word_1_56' title='bbox 555 767 678 806; x_wconf 87' lang='lat' dir='ltr'><em>Baelii</em></span> <span class='ocrx_word' id='word_1_57' title='bbox 704 768 872 806; x_wconf 88' lang='lat' dir='ltr'><em>Lexicon</em></span> <span class='ocrx_word' id='word_1_58' title='bbox 910 768 949 806; x_wconf 88' lang='lat' dir='ltr'><em>iu</em></span> <span class='ocrx_word' id='word_1_59' title='bbox 978 778 1076 806; x_wconf 88' lang='lat' dir='ltr'><em>voce</em></span> 
     </span>
     <span class='ocr_line' id='line_1_11' title="bbox 116 827 1076 880; baseline -0.003 -10"><span class='ocrx_word' id='word_1_60' title='bbox 116 830 335 880; x_wconf 67' lang='lat' dir='ltr'><em>Berenyer,</em></span> <span class='ocrx_word' id='word_1_61' title='bbox 359 833 400 867; x_wconf 90' lang='lat' dir='ltr'><em>et</em></span> <span class='ocrx_word' id='word_1_62' title='bbox 419 827 621 868; x_wconf 91' lang='lat' dir='ltr'><em>Oudinum</em></span> <span class='ocrx_word' id='word_1_63' title='bbox 645 831 739 867; x_wconf 89' lang='lat' dir='ltr'><em>tom.</em></span> <span class='ocrx_word' id='word_1_64' title='bbox 762 830 794 867; x_wconf 88' lang='lat'><em>11</em></span> <span class='ocrx_word' id='word_1_65' title='bbox 811 841 896 880; x_wconf 80' lang='lat' dir='ltr'><em>pag.</em></span> <span class='ocrx_word' id='word_1_66' title='bbox 916 830 1003 869; x_wconf 89' lang='grc'>448.</span> <span class='ocrx_word' id='word_1_67' title='bbox 1020 830 1076 867; x_wconf 91' lang='lat' dir='ltr'><em>De</em></span> 
     </span>
     <span class='ocr_line' id='line_1_12' title="bbox 118 890 1077 942; baseline -0.001 -11"><span class='ocrx_word' id='word_1_68' title='bbox 118 891 192 933; x_wconf 83' lang='lat' dir='ltr'><em>hoc</em></span> <span class='ocrx_word' id='word_1_69' title='bbox 210 891 443 942; x_wconf 84' lang='lat' dir='ltr'><em>Berengario</em></span> <span class='ocrx_word' id='word_1_70' title='bbox 465 891 639 929; x_wconf 87' lang='lat' dir='ltr'><em>Joannes</em></span> <span class='ocrx_word' id='word_1_71' title='bbox 661 890 812 929; x_wconf 88' lang='lat' dir='ltr'><em>Gerson</em></span> <span class='ocrx_word' id='word_1_72' title='bbox 837 893 875 928; x_wconf 91' lang='lat' dir='ltr'><em>in</em></span> <span class='ocrx_word' id='word_1_73' title='bbox 905 895 1077 930; x_wconf 89' lang='lat' dir='ltr'><em>tractatu</em></span> 
     </span>
     <span class='ocr_line' id='line_1_13' title="bbox 117 952 1078 993; baseline -0.004 -1"><span class='ocrx_word' id='word_1_74' title='bbox 117 958 256 993; x_wconf 89' lang='lat' dir='ltr'><em>contra</em></span> <span class='ocrx_word' id='word_1_75' title='bbox 277 953 532 992; x_wconf 86' lang='lat' dir='ltr'><em>Romantium</em></span> <span class='ocrx_word' id='word_1_76' title='bbox 554 952 602 991; x_wconf 90' lang='lat' dir='ltr'><em>de</em></span> <span class='ocrx_word' id='word_1_77' title='bbox 623 954 725 992; x_wconf 86' lang='lat' dir='ltr'><em>Rosa</em></span> <span class='ocrx_word' id='word_1_78' title='bbox 748 957 842 992; x_wconf 85' lang='lat' dir='ltr'><em>tom.</em></span> <span class='ocrx_word' id='word_1_79' title='bbox 867 953 919 991; x_wconf 87' lang='lat'><em>111</em></span> <span class='ocrx_word' id='word_1_80' title='bbox 942 952 1078 991; x_wconf 73' lang='lat' dir='ltr'><em>editio-</em></span> 
     </span>
     <span class='ocr_line' id='line_1_14' title="bbox 119 1013 1076 1065; baseline -0.004 -10"><span class='ocrx_word' id='word_1_81' title='bbox 119 1016 182 1055; x_wconf 89' lang='lat' dir='ltr'><em>nis</em></span> <span class='ocrx_word' id='word_1_82' title='bbox 204 1025 332 1054; x_wconf 87' lang='lat' dir='ltr'><em>novae</em></span> <span class='ocrx_word' id='word_1_83' title='bbox 354 1025 442 1065; x_wconf 81' lang='lat' dir='ltr'><em>pag.</em></span> <span class='ocrx_word' id='word_1_84' title='bbox 468 1014 556 1054; x_wconf 90' lang='grc'>304.</span> <span class='ocrx_word' id='word_1_85' title='bbox 582 1014 630 1053; x_wconf 92' lang='lat' dir='ltr'><em>Id</em></span> <span class='ocrx_word' id='word_1_86' title='bbox 643 1013 740 1063; x_wconf 82' lang='lat' dir='ltr'><em>scio,</em></span> <span class='ocrx_word' id='word_1_87' title='bbox 762 1013 866 1065; x_wconf 84' lang='lat' dir='ltr'><em>quod</em></span> <span class='ocrx_word' id='word_1_88' title='bbox 880 1015 1076 1063; x_wconf 73' lang='lat' dir='ltr'><em>Berenya-</em></span> 
     </span>
     <span class='ocr_line' id='line_1_15' title="bbox 120 1074 1077 1127; baseline -0.002 -12"><span class='ocrx_word' id='word_1_89' title='bbox 120 1075 227 1125; x_wconf 82' lang='lat' dir='ltr'><em>riu-s,</em></span> <span class='ocrx_word' id='word_1_90' title='bbox 253 1075 364 1115; x_wconf 84' lang='lat' dir='ltr'><em>Petri</em></span> <span class='ocrx_word' id='word_1_91' title='bbox 382 1074 550 1115; x_wconf 87' lang='lat' dir='ltr'><em>Abelart</em></span> <span class='ocrx_word' id='word_1_92' title='bbox 571 1074 807 1127; x_wconf 84' lang='lat' dir='ltr'><em>discipulus,</em></span> <span class='ocrx_word' id='word_1_93' title='bbox 835 1075 979 1127; x_wconf 88' lang='lat' dir='ltr'><em>(cujus</em></span> <span class='ocrx_word' id='word_1_94' title='bbox 998 1086 1077 1113; x_wconf 83' lang='lat' dir='ltr'><em>me-</em></span> 
     </span>
     <span class='ocr_line' id='line_1_16' title="bbox 117 1135 1076 1190; baseline -0.002 -13"><span class='ocrx_word' id='word_1_95' title='bbox 117 1137 270 1179; x_wconf 83' lang='lat' dir='ltr'><em>ministi</em></span> <span class='ocrx_word' id='word_1_96' title='bbox 301 1136 461 1190; x_wconf 87' lang='lat' dir='ltr'><em>saepius</em></span> <span class='ocrx_word' id='word_1_97' title='bbox 479 1138 497 1186; x_wconf 87' lang='lat'><em>)</em></span> <span class='ocrx_word' id='word_1_98' title='bbox 532 1149 621 1176; x_wconf 89' lang='lat' dir='ltr'><em>cum</em></span> <span class='ocrx_word' id='word_1_99' title='bbox 661 1136 715 1176; x_wconf 90' lang='lat' dir='ltr'><em>ad</em></span> <span class='ocrx_word' id='word_1_100' title='bbox 759 1136 899 1175; x_wconf 80' lang='lat' dir='ltr'><em>horam</em></span> <span class='ocrx_word' id='word_1_101' title='bbox 938 1135 1076 1175; x_wconf 84' lang='lat' dir='ltr'><em>mortis</em></span> 
     </span>
     <span class='ocr_line' id='line_1_17' title="bbox 120 1197 1075 1250; baseline -0.003 -11"><span class='ocrx_word' id='word_1_102' title='bbox 120 1199 354 1249; x_wconf 82' lang='lat' dir='ltr'><em>devenisset,</em></span> <span class='ocrx_word' id='word_1_103' title='bbox 379 1198 422 1238; x_wconf 91' lang='lat' dir='ltr'><em>in</em></span> <span class='ocrx_word' id='word_1_104' title='bbox 442 1211 523 1250; x_wconf 85' lang='lat' dir='ltr'><em>qua</em></span> <span class='ocrx_word' id='word_1_105' title='bbox 554 1198 704 1238; x_wconf 87' lang='lat' dir='ltr'><em>veritas</em></span> <span class='ocrx_word' id='word_1_106' title='bbox 732 1197 911 1237; x_wconf 79' lang='lat' dir='ltr'><em>declarat</em></span> <span class='ocrx_word' id='word_1_107' title='bbox 949 1197 1075 1247; x_wconf 83' lang='lat' dir='ltr'><em>hunc,</em></span> 
     </span>
     <span class='ocr_line' id='line_1_18' title="bbox 116 1259 1076 1314; baseline -0.002 -12"><span class='ocrx_word' id='word_1_108' title='bbox 116 1261 188 1314; x_wconf 83' lang='lat' dir='ltr'><em>qui</em></span> <span class='ocrx_word' id='word_1_109' title='bbox 208 1260 302 1301; x_wconf 88' lang='lat' dir='ltr'><em>bene</em></span> <span class='ocrx_word' id='word_1_110' title='bbox 327 1260 484 1314; x_wconf 85' lang='lat' dir='ltr'><em>fecerit,</em></span> <span class='ocrx_word' id='word_1_111' title='bbox 505 1263 668 1312; x_wconf 79' lang='lat' dir='ltr'><em>eratque</em></span> <span class='ocrx_word' id='word_1_112' title='bbox 695 1259 778 1300; x_wconf 80' lang='lat' dir='ltr'><em>dies</em></span> <span class='ocrx_word' id='word_1_113' title='bbox 814 1259 1076 1310; x_wconf 79' lang='lat' dir='ltr'><em>apparitionis</em></span> 
     </span>
     <span class='ocr_line' id='line_1_19' title="bbox 118 1321 1075 1374; baseline -0.003 -10"><span class='ocrx_word' id='word_1_114' title='bbox 118 1323 278 1364; x_wconf 86' lang='lat' dir='ltr'><em>Domini</em></span> <span class='ocrx_word' id='word_1_115' title='bbox 295 1322 438 1371; x_wconf 86' lang='lat' dir='ltr'><em>nostri,</em></span> <span class='ocrx_word' id='word_1_116' title='bbox 458 1321 696 1374; x_wconf 85' lang='lat' dir='ltr'><em>suspirando</em></span> <span class='ocrx_word' id='word_1_117' title='bbox 732 1321 903 1360; x_wconf 55' lang='lat' dir='ltr'><em>dixerit:</em></span> <span class='ocrx_word' id='word_1_118' title='bbox 940 1322 1075 1361; x_wconf 87' lang='lat' dir='ltr'><em>DEUS</em></span> 
     </span>
     <span class='ocr_line' id='line_1_20' title="bbox 119 1383 1076 1436; baseline -0.004 -10"><span class='ocrx_word' id='word_1_119' title='bbox 119 1396 231 1426; x_wconf 88' lang='lat' dir='ltr'><em>meus</em></span> <span class='ocrx_word' id='word_1_120' title='bbox 260 1384 411 1436; x_wconf 82' lang='lat' dir='ltr'><em>(inquit</em></span> <span class='ocrx_word' id='word_1_121' title='bbox 429 1384 720 1435; x_wconf 67' lang='lat' dir='ltr'><em>Berenyarius)</em></span> <span class='ocrx_word' id='word_1_122' title='bbox 746 1383 857 1422; x_wconf 85' lang='lat' dir='ltr'><em>hodie</em></span> <span class='ocrx_word' id='word_1_123' title='bbox 880 1383 979 1422; x_wconf 74' lang='lat' dir='ltr'><em>milii</em></span> <span class='ocrx_word' id='word_1_124' title='bbox 1003 1396 1076 1435; x_wconf 89' lang='lat' dir='ltr'><em>ap-</em></span> 
     </span>
     <span class='ocr_line' id='line_1_21' title="bbox 114 1445 1072 1500; baseline -0.003 -12"><span class='ocrx_word' id='word_1_125' title='bbox 114 1446 283 1500; x_wconf 84' lang='lat' dir='ltr'><em>parebis</em></span> <span class='ocrx_word' id='word_1_126' title='bbox 303 1446 359 1486; x_wconf 91' lang='lat' dir='ltr'><em>ad</em></span> <span class='ocrx_word' id='word_1_127' title='bbox 379 1458 509 1485; x_wconf 84' lang='lat' dir='ltr'><em>meam</em></span> <span class='ocrx_word' id='word_1_128' title='bbox 544 1445 802 1486; x_wconf 83' lang='lat' dir='ltr'><em>salvationem</em></span> <span class='ocrx_word' id='word_1_129' title='bbox 829 1447 844 1496; x_wconf 94' lang='lat'><em>(</em></span> <span class='ocrx_word' id='word_1_130' title='bbox 858 1449 902 1485; x_wconf 86' lang='lat' dir='ltr'><em>ut</em></span> <span class='ocrx_word' id='word_1_131' title='bbox 927 1458 1040 1498; x_wconf 85' lang='lat' dir='ltr'><em>spero</em></span> <span class='ocrx_word' id='word_1_132' title='bbox 1056 1448 1072 1495; x_wconf 92' lang='lat'><em>)</em></span> 
     </span>
     <span class='ocr_line' id='line_1_22' title="bbox 110 1507 1075 1561; baseline -0.001 -13"><span class='ocrx_word' id='word_1_133' title='bbox 110 1513 280 1561; x_wconf 82' lang='lat' dir='ltr'><em>propter</em></span> <span class='ocrx_word' id='word_1_134' title='bbox 291 1507 572 1559; x_wconf 86' lang='lat' dir='ltr'><em>poenitentiam</em></span> <span class='ocrx_word' id='word_1_135' title='bbox 594 1519 736 1557; x_wconf 86' lang='lat' dir='ltr'><em>meam,</em></span> <span class='ocrx_word' id='word_1_136' title='bbox 760 1512 833 1546; x_wconf 87' lang='lat' dir='ltr'><em>aut</em></span> <span class='ocrx_word' id='word_1_137' title='bbox 857 1508 912 1547; x_wconf 90' lang='lat' dir='ltr'><em>ad</em></span> <span class='ocrx_word' id='word_1_138' title='bbox 929 1508 1075 1547; x_wconf 87' lang='lat' dir='ltr'><em>duram</em></span> 
     </span>
     <span class='ocr_line' id='line_1_23' title="bbox 116 1569 1075 1622; baseline 0.001 -12"><span class='ocrx_word' id='word_1_139' title='bbox 116 1569 405 1610; x_wconf 81' lang='lat' dir='ltr'><em>damnationem</em></span> <span class='ocrx_word' id='word_1_140' title='bbox 421 1569 542 1619; x_wconf 87' lang='lat' dir='ltr'><em>(sicut</em></span> <span class='ocrx_word' id='word_1_141' title='bbox 556 1569 686 1619; x_wconf 86' lang='lat' dir='ltr'><em>timeo)</em></span> <span class='ocrx_word' id='word_1_142' title='bbox 696 1573 866 1622; x_wconf 84' lang='lat' dir='ltr'><em>propter</em></span> <span class='ocrx_word' id='word_1_143' title='bbox 885 1581 960 1618; x_wconf 86' lang='lat' dir='ltr'><em>eos,</em></span> <span class='ocrx_word' id='word_1_144' title='bbox 978 1582 1075 1622; x_wconf 82' lang='lat' dir='ltr'><em>quos</em></span> 
     </span>
     <span class='ocr_line' id='line_1_24' title="bbox 112 1630 1077 1685; baseline 0 -13"><span class='ocrx_word' id='word_1_145' title='bbox 112 1644 311 1685; x_wconf 83' lang='lat' dir='ltr'><em>perversa</em></span> <span class='ocrx_word' id='word_1_146' title='bbox 331 1630 512 1671; x_wconf 83' lang='lat' dir='ltr'><em>doctrina</em></span> <span class='ocrx_word' id='word_1_147' title='bbox 533 1630 684 1683; x_wconf 79' lang='lat' dir='ltr'><em>decepi,</em></span> <span class='ocrx_word' id='word_1_148' title='bbox 709 1644 805 1684; x_wconf 86' lang='lat' dir='ltr'><em>quos</em></span> <span class='ocrx_word' id='word_1_149' title='bbox 827 1633 989 1684; x_wconf 86' lang='lat' dir='ltr'><em>nequivi</em></span> <span class='ocrx_word' id='word_1_150' title='bbox 1013 1645 1077 1672; x_wconf 88' lang='lat' dir='ltr'><em>re-</em></span> 
     </span>
     <span class='ocr_line' id='line_1_25' title="bbox 124 1693 1081 1736; baseline -0.002 0"><span class='ocrx_word' id='word_1_151' title='bbox 124 1694 269 1736; x_wconf 78' lang='lat' dir='ltr'><em>ducere</em></span> <span class='ocrx_word' id='word_1_152' title='bbox 285 1693 339 1734; x_wconf 91' lang='lat' dir='ltr'><em>ad</em></span> <span class='ocrx_word' id='word_1_153' title='bbox 353 1705 494 1734; x_wconf 86' lang='lat' dir='ltr'><em>veram</em></span> <span class='ocrx_word' id='word_1_154' title='bbox 507 1693 614 1733; x_wconf 88' lang='lat' dir='ltr'><em>viam</em></span> <span class='ocrx_word' id='word_1_155' title='bbox 630 1694 690 1733; x_wconf 88' lang='lat' dir='ltr'><em>tui</em></span> <span class='ocrx_word' id='word_1_156' title='bbox 702 1695 961 1735; x_wconf 84' lang='lat' dir='ltr'><em>Sacramenti.</em></span> <span class='ocrx_word' id='word_1_157' title='bbox 979 1697 1081 1734; x_wconf 88' lang='lat' dir='ltr'><em>Ilaec</em></span> 
     </span>
     <span class='ocr_line' id='line_1_26' title="bbox 119 1756 1081 1809; baseline 0 -13"><span class='ocrx_word' id='word_1_158' title='bbox 119 1761 321 1809; x_wconf 89' lang='lat' dir='ltr'><em>postrema</em></span> <span class='ocrx_word' id='word_1_159' title='bbox 341 1756 461 1794; x_wconf 90' lang='lat' dir='ltr'><em>verba</em></span> <span class='ocrx_word' id='word_1_160' title='bbox 485 1756 751 1806; x_wconf 85' lang='lat' dir='ltr'><em>suspicionem</em></span> <span class='ocrx_word' id='word_1_161' title='bbox 777 1757 936 1805; x_wconf 85' lang='lat' dir='ltr'><em>faciunt,</em></span> <span class='ocrx_word' id='word_1_162' title='bbox 956 1758 1081 1796; x_wconf 87' lang='lat' dir='ltr'><em>Picta-</em></span> 
     </span>
     <span class='ocr_line' id='line_1_27' title="bbox 117 1817 1075 1869; baseline 0.001 -13"><span class='ocrx_word' id='word_1_163' title='bbox 117 1820 298 1858; x_wconf 90' lang='lat' dir='ltr'><em>viensem</em></span> <span class='ocrx_word' id='word_1_164' title='bbox 318 1817 424 1857; x_wconf 91' lang='lat' dir='ltr'><em>hunc</em></span> <span class='ocrx_word' id='word_1_165' title='bbox 447 1828 540 1858; x_wconf 88' lang='lat' dir='ltr'><em>cum</em></span> <span class='ocrx_word' id='word_1_166' title='bbox 563 1819 783 1856; x_wconf 88' lang='lat' dir='ltr'><em>Turonensi</em></span> <span class='ocrx_word' id='word_1_167' title='bbox 816 1820 1075 1869; x_wconf 80' lang='lat' dir='ltr'><em>Berengario,</em></span> 
     </span>
     <span class='ocr_line' id='line_1_28' title="bbox 117 1878 927 1931; baseline -0.001 -12"><span class='ocrx_word' id='word_1_168' title='bbox 117 1879 224 1919; x_wconf 88' lang='lat' dir='ltr'><em>aliud</em></span> <span class='ocrx_word' id='word_1_169' title='bbox 247 1883 431 1931; x_wconf 81' lang='lat' dir='ltr'><em>agentem</em></span> <span class='ocrx_word' id='word_1_170' title='bbox 449 1878 668 1917; x_wconf 89' lang='lat' dir='ltr'><em>Gersonem</em></span> <span class='ocrx_word' id='word_1_171' title='bbox 688 1879 927 1918; x_wconf 84' lang='lat' dir='ltr'><em>confudisse.</em></span> 
     </span>
    </p>

    <p class='ocr_par' dir='ltr' id='par_1_3' title="bbox 116 1940 1077 2166">
     <span class='ocr_line' id='line_1_29' title="bbox 170 1940 1077 1991; baseline 0.001 -11"><span class='ocrx_word' id='word_1_172' title='bbox 170 1940 524 1981; x_wconf 80' lang='lat' dir='ltr'><em>BERENGARIUS</em></span> <span class='ocrx_word' id='word_1_173' title='bbox 566 1940 766 1980; x_wconf 87' lang='lat' dir='ltr'><em>Stedellus</em></span> <span class='ocrx_word' id='word_1_174' title='bbox 784 1972 795 1991; x_wconf 90' lang='lat'><em>,</em></span> <span class='ocrx_word' id='word_1_175' title='bbox 839 1942 1077 1981; x_wconf 87' lang='lat' dir='ltr'><em>Biterrensis</em></span> 
     </span>
     <span class='ocr_line' id='line_1_30' title="bbox 117 2002 1076 2054; baseline 0 -11"><span class='ocrx_word' id='word_1_176' title='bbox 117 2002 320 2043; x_wconf 87' lang='lat' dir='ltr'><em>Ecclesiae</em></span> <span class='ocrx_word' id='word_1_177' title='bbox 358 2006 594 2052; x_wconf 81' lang='lat' dir='ltr'><em>succentor,</em></span> <span class='ocrx_word' id='word_1_178' title='bbox 619 2002 711 2041; x_wconf 92' lang='lat' dir='ltr'><em>hinc</em></span> <span class='ocrx_word' id='word_1_179' title='bbox 747 2004 994 2054; x_wconf 85' lang='lat' dir='ltr'><em>Episcopus,</em></span> <span class='ocrx_word' id='word_1_180' title='bbox 1031 2015 1076 2043; x_wconf 89' lang='lat' dir='ltr'><em>ac</em></span> 
     </span>
     <span class='ocr_line' id='line_1_31' title="bbox 118 2063 1077 2115; baseline 0.001 -12"><span class='ocrx_word' id='word_1_181' title='bbox 118 2064 290 2114; x_wconf 88' lang='lat' dir='ltr'><em>denique</em></span> <span class='ocrx_word' id='word_1_182' title='bbox 312 2063 532 2103; x_wconf 85' lang='lat' dir='ltr'><em>Cardinalis</em></span> <span class='ocrx_word' id='word_1_183' title='bbox 552 2063 625 2102; x_wconf 88' lang='lat' dir='ltr'><em>fuit</em></span> <span class='ocrx_word' id='word_1_184' title='bbox 648 2065 752 2103; x_wconf 87' lang='lat' dir='ltr'><em>inter</em></span> <span class='ocrx_word' id='word_1_185' title='bbox 765 2076 851 2112; x_wconf 90' lang='lat' dir='ltr'><em>eos,</em></span> <span class='ocrx_word' id='word_1_186' title='bbox 868 2076 988 2115; x_wconf 90' lang='lat' dir='ltr'><em>quem</em></span> <span class='ocrx_word' id='word_1_187' title='bbox 1004 2067 1077 2104; x_wconf 87' lang='lat' dir='ltr'><em>Bo-</em></span> 
     </span>
     <span class='ocr_line' id='line_1_32' title="bbox 116 2124 1076 2166; baseline 0 -2"><span class='ocrx_word' id='word_1_188' title='bbox 116 2126 284 2165; x_wconf 81' lang='lat' dir='ltr'><em>nifacius</em></span> <span class='ocrx_word' id='word_1_189' title='bbox 316 2126 403 2166; x_wconf 90' lang='lat' dir='ltr'><strong>VIII</strong></span> <span class='ocrx_word' id='word_1_190' title='bbox 426 2126 530 2165; x_wconf 87' lang='lat' dir='ltr'><em>circa</em></span> <span class='ocrx_word' id='word_1_191' title='bbox 565 2124 728 2164; x_wconf 85' lang='lat' dir='ltr'><em>Annum</em></span> <span class='ocrx_word' id='word_1_192' title='bbox 754 2127 857 2166; x_wconf 73' lang='lat'>4298</span> <span class='ocrx_word' id='word_1_193' title='bbox 895 2127 1076 2166; x_wconf 82' lang='lat' dir='ltr'><em>adhibuit</em></span> 
     </span>
    </p>

    <p class='ocr_par' dir='ltr' id='par_1_4' title="bbox 96 2187 1080 2793">
     <span class='ocr_line' id='line_1_33' title="bbox 96 2187 1077 2239; baseline 0 -12"><span class='ocrx_word' id='word_1_194' title='bbox 96 2188 170 2227; x_wconf 89' lang='lat' dir='ltr'><em>·ad</em></span> <span class='ocrx_word' id='word_1_195' title='bbox 189 2187 510 2239; x_wconf 88' lang='lat' dir='ltr'><em>componendum</em></span> <span class='ocrx_word' id='word_1_196' title='bbox 530 2187 674 2226; x_wconf 89' lang='lat' dir='ltr'><em>librum</em></span> <span class='ocrx_word' id='word_1_197' title='bbox 701 2192 862 2227; x_wconf 76' lang='lat' dir='ltr'><em>seaetum</em></span> <span class='ocrx_word' id='word_1_198' title='bbox 891 2190 1077 2227; x_wconf 88' lang='lat' dir='ltr'><em>Decreta-</em></span> 
     </span>
     <span class='ocr_line' id='line_1_34' title="bbox 119 2248 1076 2300; baseline 0.001 -12"><span class='ocrx_word' id='word_1_199' title='bbox 119 2248 226 2289; x_wconf 89' lang='lat' dir='ltr'><em>lium.</em></span> <span class='ocrx_word' id='word_1_200' title='bbox 245 2248 542 2300; x_wconf 84' lang='lat' dir='ltr'><em>Hujuslibrum</em></span> <span class='ocrx_word' id='word_1_201' title='bbox 565 2248 611 2288; x_wconf 87' lang='lat' dir='ltr'><em>de</em></span> <span class='ocrx_word' id='word_1_202' title='bbox 631 2250 826 2290; x_wconf 87' lang='lat' dir='ltr'><em>sententia</em></span> <span class='ocrx_word' id='word_1_203' title='bbox 848 2262 1076 2290; x_wconf 69' lang='lat' dir='ltr'><em>excommu-</em></span> 
     </span>
     <span class='ocr_line' id='line_1_35' title="bbox 116 2311 1075 2366; baseline 0 -15"><span class='ocrx_word' id='word_1_204' title='bbox 116 2311 325 2352; x_wconf 84' lang='lat' dir='ltr'><em>nicationis</em></span> <span class='ocrx_word' id='word_1_205' title='bbox 348 2312 592 2352; x_wconf 86' lang='lat' dir='ltr'><em>Trithemius</em></span> <span class='ocrx_word' id='word_1_206' title='bbox 621 2323 706 2364; x_wconf 89' lang='lat' dir='ltr'><em>cap.</em></span> <span class='ocrx_word' id='word_1_207' title='bbox 732 2314 808 2352; x_wconf 83' lang='grc'><em>543</em></span> <span class='ocrx_word' id='word_1_208' title='bbox 830 2313 982 2363; x_wconf 84' lang='lat' dir='ltr'><em>laudat,</em></span> <span class='ocrx_word' id='word_1_209' title='bbox 1007 2314 1075 2366; x_wconf 90' lang='lat' dir='ltr'><em>qui</em></span> 
     </span>
     <span class='ocr_line' id='line_1_36' title="bbox 118 2374 1075 2415; baseline -0.001 -1"><span class='ocrx_word' id='word_1_210' title='bbox 118 2375 196 2414; x_wconf 88' lang='lat' dir='ltr'><em>MS.</em></span> <span class='ocrx_word' id='word_1_211' title='bbox 220 2375 294 2414; x_wconf 87' lang='lat' dir='ltr'><em>fuit</em></span> <span class='ocrx_word' id='word_1_212' title='bbox 323 2375 362 2413; x_wconf 87' lang='lat' dir='ltr'><em>in</em></span> <span class='ocrx_word' id='word_1_213' title='bbox 391 2375 634 2415; x_wconf 83' lang='lat' dir='ltr'><em>Bibliotheca</em></span> <span class='ocrx_word' id='word_1_214' title='bbox 669 2374 1009 2415; x_wconf 84' lang='lat' dir='ltr'><em>Hohendorfiana:</em></span> <span class='ocrx_word' id='word_1_215' title='bbox 1030 2385 1075 2414; x_wconf 85' lang='lat' dir='ltr'><em>ac</em></span> 
     </span>
     <span class='ocr_line' id='line_1_37' title="bbox 119 2434 1079 2487; baseline 0.001 -13"><span class='ocrx_word' id='word_1_216' title='bbox 119 2440 325 2487; x_wconf 88' lang='lat' dir='ltr'><em>praeterea</em></span> <span class='ocrx_word' id='word_1_217' title='bbox 351 2434 541 2484; x_wconf 83' lang='lat' dir='ltr'><em>Oculum,</em></span> <span class='ocrx_word' id='word_1_218' title='bbox 563 2438 649 2475; x_wconf 86' lang='lat' dir='ltr'><em>sive</em></span> <span class='ocrx_word' id='word_1_219' title='bbox 672 2437 943 2476; x_wconf 89' lang='lat' dir='ltr'><em>Elucidarium</em></span> <span class='ocrx_word' id='word_1_220' title='bbox 969 2448 1079 2475; x_wconf 88' lang='lat' dir='ltr'><em>sum-</em></span> 
     </span>
     <span class='ocr_line' id='line_1_38' title="bbox 120 2498 1079 2538; baseline 0 -2"><span class='ocrx_word' id='word_1_221' title='bbox 120 2508 209 2536; x_wconf 89' lang='lat' dir='ltr'><em>mae</em></span> <span class='ocrx_word' id='word_1_222' title='bbox 228 2498 448 2536; x_wconf 88' lang='lat' dir='ltr'><em>Hostiensis</em></span> <span class='ocrx_word' id='word_1_223' title='bbox 469 2498 690 2537; x_wconf 90' lang='lat' dir='ltr'><em>secundum</em></span> <span class='ocrx_word' id='word_1_224' title='bbox 709 2498 898 2538; x_wconf 89' lang='lat' dir='ltr'><em>Ordinem</em></span> <span class='ocrx_word' id='word_1_225' title='bbox 915 2500 1079 2536; x_wconf 85' lang='lat' dir='ltr'><em>Littera-</em></span> 
     </span>
     <span class='ocr_line' id='line_1_39' title="bbox 121 2559 1075 2610; baseline 0.001 -14"><span class='ocrx_word' id='word_1_226' title='bbox 121 2569 224 2596; x_wconf 89' lang='lat' dir='ltr'><em>rum.</em></span> <span class='ocrx_word' id='word_1_227' title='bbox 241 2559 343 2597; x_wconf 86' lang='lat' dir='ltr'><em>Haec</em></span> <span class='ocrx_word' id='word_1_228' title='bbox 359 2563 422 2597; x_wconf 90' lang='lat' dir='ltr'><em>est</em></span> <span class='ocrx_word' id='word_1_229' title='bbox 443 2560 668 2610; x_wconf 83' lang='lat' dir='ltr'><em>Berengarii</em></span> <span class='ocrx_word' id='word_1_230' title='bbox 687 2561 852 2600; x_wconf 87' lang='lat' dir='ltr'><em>Summa</em></span> <span class='ocrx_word' id='word_1_231' title='bbox 871 2559 1075 2598; x_wconf 81' lang='lat' dir='ltr'><em>Paeniten-</em></span> 
     </span>
     <span class='ocr_line' id='line_1_40' title="bbox 123 2618 1080 2670; baseline 0.002 -13"><span class='ocrx_word' id='word_1_232' title='bbox 123 2618 253 2668; x_wconf 81' lang='lat' dir='ltr'><em>tialis,</em></span> <span class='ocrx_word' id='word_1_233' title='bbox 275 2631 377 2670; x_wconf 89' lang='lat' dir='ltr'><em>quae</em></span> <span class='ocrx_word' id='word_1_234' title='bbox 397 2621 517 2658; x_wconf 89' lang='lat' dir='ltr'><em>etiam</em></span> <span class='ocrx_word' id='word_1_235' title='bbox 541 2621 618 2659; x_wconf 89' lang='lat' dir='ltr'><em>MS.</em></span> <span class='ocrx_word' id='word_1_236' title='bbox 645 2621 682 2658; x_wconf 90' lang='lat' dir='ltr'><em>in</em></span> <span class='ocrx_word' id='word_1_237' title='bbox 708 2621 950 2660; x_wconf 85' lang='lat' dir='ltr'><em>Bibliotheca</em></span> <span class='ocrx_word' id='word_1_238' title='bbox 981 2621 1080 2659; x_wconf 90' lang='lat' dir='ltr'><em>Bod-</em></span> 
     </span>
     <span class='ocr_line' id='line_1_41' title="bbox 124 2680 1078 2734; baseline 0.001 -13"><span class='ocrx_word' id='word_1_239' title='bbox 124 2680 272 2732; x_wconf 89' lang='lat' dir='ltr'><em>lejana,</em></span> <span class='ocrx_word' id='word_1_240' title='bbox 293 2686 334 2720; x_wconf 90' lang='lat' dir='ltr'><em>et</em></span> <span class='ocrx_word' id='word_1_241' title='bbox 354 2683 391 2719; x_wconf 92' lang='lat' dir='ltr'><em>in</em></span> <span class='ocrx_word' id='word_1_242' title='bbox 411 2681 653 2721; x_wconf 83' lang='lat' dir='ltr'><em>Bibliotheca</em></span> <span class='ocrx_word' id='word_1_243' title='bbox 676 2683 835 2734; x_wconf 84' lang='lat' dir='ltr'><em>Collegii</em></span> <span class='ocrx_word' id='word_1_244' title='bbox 852 2684 961 2721; x_wconf 87' lang='lat' dir='ltr'><em>aenei</em></span> <span class='ocrx_word' id='word_1_245' title='bbox 977 2684 1078 2722; x_wconf 77' lang='lat' dir='ltr'><em>Nasi.</em></span> 
     </span>
     <span class='ocr_line' id='line_1_42' title="bbox 128 2742 1012 2793; baseline -0.001 -10"><span class='ocrx_word' id='word_1_246' title='bbox 128 2744 241 2783; x_wconf 92' lang='lat' dir='ltr'><em>Diem</em></span> <span class='ocrx_word' id='word_1_247' title='bbox 265 2742 360 2782; x_wconf 85' lang='lat' dir='ltr'><em>obiit</em></span> <span class='ocrx_word' id='word_1_248' title='bbox 383 2743 448 2783; x_wconf 88' lang='lat' dir='ltr'><em>hic</em></span> <span class='ocrx_word' id='word_1_249' title='bbox 470 2744 735 2793; x_wconf 80' lang='lat' dir='ltr'><em>Berengarius</em></span> <span class='ocrx_word' id='word_1_250' title='bbox 757 2743 873 2782; x_wconf 88' lang='lat' dir='ltr'><em>Anno</em></span> <span class='ocrx_word' id='word_1_251' title='bbox 898 2744 1012 2783; x_wconf 71' lang='lat'><em>4321.</em></span> 
     </span>
    </p>

    <p class='ocr_par' dir='ltr' id='par_1_5' title="bbox 125 2803 1084 3288">
     <span class='ocr_line' id='line_1_43' title="bbox 179 2803 1082 2846; baseline -0.001 -2"><span class='ocrx_word' id='word_1_252' title='bbox 179 2805 200 2827; x_wconf 78' lang='lat'><em>*</em></span> <span class='ocrx_word' id='word_1_253' title='bbox 229 2806 273 2844; x_wconf 90' lang='lat' dir='ltr'><em>In</em></span> <span class='ocrx_word' id='word_1_254' title='bbox 313 2806 390 2845; x_wconf 88' lang='lat' dir='ltr'><em>MS.</em></span> <span class='ocrx_word' id='word_1_255' title='bbox 431 2803 525 2846; x_wconf 90' lang='lat' dir='ltr'><em>Cod.</em></span> <span class='ocrx_word' id='word_1_256' title='bbox 556 2804 747 2844; x_wconf 87' lang='lat' dir='ltr'><em>Caesareo</em></span> <span class='ocrx_word' id='word_1_257' title='bbox 772 2804 1082 2844; x_wconf 87' lang='lat' dir='ltr'><em>Windobonensi</em></span> 
     </span>
     <span class='ocr_line' id='line_1_44' title="bbox 125 2864 1080 2918; baseline -0.001 -11"><span class='ocrx_word' id='word_1_258' title='bbox 125 2868 409 2918; x_wconf 80' lang='lat' dir='ltr'><em>Berengarium</em></span> <span class='ocrx_word' id='word_1_259' title='bbox 433 2866 540 2906; x_wconf 91' lang='lat' dir='ltr'><em>hunc</em></span> <span class='ocrx_word' id='word_1_260' title='bbox 563 2877 641 2904; x_wconf 90' lang='lat' dir='ltr'><em>non</em></span> <span class='ocrx_word' id='word_1_261' title='bbox 665 2864 883 2904; x_wconf 82' lang='lat' dir='ltr'><em>Stedellum</em></span> <span class='ocrx_word' id='word_1_262' title='bbox 921 2866 1080 2916; x_wconf 89' lang='lat' dir='ltr'><em>quidem</em></span> 
     </span>
     <span class='ocr_line' id='line_1_45' title="bbox 130 2926 1082 2981; baseline -0.001 -13"><span class='ocrx_word' id='word_1_263' title='bbox 130 2929 317 2981; x_wconf 87' lang='lat' dir='ltr'><em>appellari</em></span> <span class='ocrx_word' id='word_1_264' title='bbox 341 2927 621 2976; x_wconf 88' lang='lat' dir='ltr'><em>animadverti,</em></span> <span class='ocrx_word' id='word_1_265' title='bbox 644 2926 712 2965; x_wconf 91' lang='lat' dir='ltr'><em>sed</em></span> <span class='ocrx_word' id='word_1_266' title='bbox 739 2928 764 2965; x_wconf 91' lang='lat' dir='ltr'>F</span> <span class='ocrx_word' id='word_1_267' title='bbox 770 2926 904 2966; x_wconf 90' lang='lat' dir='ltr'><em>redoli.</em></span> <span class='ocrx_word' id='word_1_268' title='bbox 930 2927 972 2965; x_wconf 91' lang='lat' dir='ltr'><em>ld</em></span> <span class='ocrx_word' id='word_1_269' title='bbox 988 2939 1082 2967; x_wconf 87' lang='lat' dir='ltr'><em>vero</em></span> 
     </span>
     <span class='ocr_line' id='line_1_46' title="bbox 130 2988 1080 3040; baseline -0.001 -11"><span class='ocrx_word' id='word_1_270' title='bbox 130 2990 341 3031; x_wconf 85' lang='lat' dir='ltr'><em>confirmat</em></span> <span class='ocrx_word' id='word_1_271' title='bbox 363 2992 482 3030; x_wconf 89' lang='lat' dir='ltr'><em>etiam</em></span> <span class='ocrx_word' id='word_1_272' title='bbox 511 2990 636 3029; x_wconf 81' lang='lat' dir='ltr'><em>codex</em></span> <span class='ocrx_word' id='word_1_273' title='bbox 671 2988 830 3040; x_wconf 89' lang='lat' dir='ltr'><em>quidam</em></span> <span class='ocrx_word' id='word_1_274' title='bbox 855 3000 968 3027; x_wconf 89' lang='lat' dir='ltr'><em>meus</em></span> <span class='ocrx_word' id='word_1_275' title='bbox 1003 2990 1080 3029; x_wconf 86' lang='lat' dir='ltr'><em>MS.</em></span> 
     </span>
     <span class='ocr_line' id='line_1_47' title="bbox 130 3049 1080 3103; baseline -0.001 -12"><span class='ocrx_word' id='word_1_276' title='bbox 130 3053 310 3103; x_wconf 88' lang='lat' dir='ltr'><em>opusculi</em></span> <span class='ocrx_word' id='word_1_277' title='bbox 326 3053 374 3092; x_wconf 90' lang='lat' dir='ltr'><em>de</em></span> <span class='ocrx_word' id='word_1_278' title='bbox 389 3053 579 3093; x_wconf 87' lang='lat' dir='ltr'><em>electione</em></span> <span class='ocrx_word' id='word_1_279' title='bbox 602 3063 625 3090; x_wconf 89' lang='lat' dir='ltr'><em>a</em></span> <span class='ocrx_word' id='word_1_280' title='bbox 647 3051 840 3090; x_wconf 91' lang='lat' dir='ltr'><em>Guilelmo</em></span> <span class='ocrx_word' id='word_1_281' title='bbox 857 3049 905 3088; x_wconf 85' lang='lat' dir='ltr'><em>dc</em></span> <span class='ocrx_word' id='word_1_282' title='bbox 927 3050 1080 3090; x_wconf 85' lang='lat' dir='ltr'><em>Manda-</em></span> 
     </span>
     <span class='ocr_line' id='line_1_48' title="bbox 132 3112 1084 3166; baseline -0.005 -12"><span class='ocrx_word' id='word_1_283' title='bbox 132 3118 223 3165; x_wconf 81' lang='lat' dir='ltr'><em>gato</em></span> <span class='ocrx_word' id='word_1_284' title='bbox 246 3115 463 3166; x_wconf 89' lang='lat' dir='ltr'><em>compositi.</em></span> <span class='ocrx_word' id='word_1_285' title='bbox 489 3115 577 3153; x_wconf 86' lang='lat' dir='ltr'><em>Fuit</em></span> <span class='ocrx_word' id='word_1_286' title='bbox 590 3118 723 3152; x_wconf 89' lang='lat' dir='ltr'><em>autem</em></span> <span class='ocrx_word' id='word_1_287' title='bbox 743 3112 998 3162; x_wconf 75' lang='lat' dir='ltr'><em>Mandagotus</em></span> <span class='ocrx_word' id='word_1_288' title='bbox 1014 3113 1084 3150; x_wconf 90' lang='lat' dir='ltr'><em>Be-</em></span> 
     </span>
     <span class='ocr_line' id='line_1_49' title="bbox 132 3176 1083 3229; baseline -0.002 -14"><span class='ocrx_word' id='word_1_289' title='bbox 132 3178 311 3229; x_wconf 83' lang='lat' dir='ltr'><em>rengario</em></span> <span class='ocrx_word' id='word_1_290' title='bbox 334 3177 426 3218; x_wconf 91' lang='lat' dir='ltr'><em>huic</em></span> <span class='ocrx_word' id='word_1_291' title='bbox 449 3177 632 3217; x_wconf 87' lang='lat' dir='ltr'><em>amicitiis</em></span> <span class='ocrx_word' id='word_1_292' title='bbox 669 3176 918 3221; x_wconf 84' lang='lat' dir='ltr'><em>coniunctus,</em></span> <span class='ocrx_word' id='word_1_293' title='bbox 943 3177 983 3211; x_wconf 88' lang='lat' dir='ltr'><em>et</em></span> <span class='ocrx_word' id='word_1_294' title='bbox 1006 3184 1083 3213; x_wconf 87' lang='lat' dir='ltr'><em>una</em></span> 
     </span>
     <span class='ocr_line' id='line_1_50' title="bbox 131 3234 1084 3288; baseline -0.006 -12"><span class='ocrx_word' id='word_1_295' title='bbox 131 3248 221 3277; x_wconf 91' lang='lat' dir='ltr'><em>cum</em></span> <span class='ocrx_word' id='word_1_296' title='bbox 246 3249 292 3278; x_wconf 89' lang='lat' dir='ltr'><em>eo</em></span> <span class='ocrx_word' id='word_1_297' title='bbox 317 3239 516 3278; x_wconf 79' lang='lat' dir='ltr'><em>pontilicis</em></span> <span class='ocrx_word' id='word_1_298' title='bbox 535 3238 653 3288; x_wconf 89' lang='lat' dir='ltr'><em>jussu</em></span> <span class='ocrx_word' id='word_1_299' title='bbox 677 3237 865 3276; x_wconf 82' lang='lat' dir='ltr'><em>laboravit</em></span> <span class='ocrx_word' id='word_1_300' title='bbox 907 3235 944 3272; x_wconf 87' lang='lat' dir='ltr'><em>in</em></span> <span class='ocrx_word' id='word_1_301' title='bbox 979 3234 1084 3285; x_wconf 77' lang='lat' dir='ltr'><em>dige-</em></span> 
     </span>
    </p>
   </div>
   <div class='ocr_carea' id='block_1_3' title="bbox 2023 202 2098 243">
    <p class='ocr_par' dir='ltr' id='par_1_6' title="bbox 2023 202 2098 243">
     <span class='ocr_line' id='line_1_51' title="bbox 2023 202 2098 243; baseline 0.04 -3"><span class='ocrx_word' id='word_1_302' title='bbox 2023 202 2098 243; x_wconf 83' lang='lat'><em>199</em></span> 
     </span>
    </p>
   </div>
   <div class='ocr_carea' id='block_1_4' title="bbox 1141 271 2112 3290">
    <p class='ocr_par' dir='ltr' id='par_1_7' title="bbox 1141 271 2104 561">
     <span class='ocr_line' id='line_1_52' title="bbox 1146 271 2100 325; baseline -0.002 -13"><span class='ocrx_word' id='word_1_303' title='bbox 1146 274 1318 324; x_wconf 78' lang='lat' dir='ltr'><em>dirigens</em></span> <span class='ocrx_word' id='word_1_304' title='bbox 1343 272 1580 325; x_wconf 87' lang='lat' dir='ltr'><em>opusculum</em></span> <span class='ocrx_word' id='word_1_305' title='bbox 1619 272 1691 311; x_wconf 88' lang='lat' dir='ltr'><em>hoc</em></span> <span class='ocrx_word' id='word_1_306' title='bbox 1714 271 1970 322; x_wconf 82' lang='lat' dir='ltr'><em>Mandagotus</em></span> <span class='ocrx_word' id='word_1_307' title='bbox 2005 274 2100 311; x_wconf 86' lang='lat' dir='ltr'><em>scri—</em></span> 
     </span>
     <span class='ocr_line' id='line_1_53' title="bbox 1146 332 2104 386; baseline -0.004 -11"><span class='ocrx_word' id='word_1_308' title='bbox 1146 336 1202 375; x_wconf 92' lang='lat' dir='ltr'><em>bit</em></span> <span class='ocrx_word' id='word_1_309' title='bbox 1230 336 1316 375; x_wconf 89' lang='lat' dir='ltr'><em>Ven.</em></span> <span class='ocrx_word' id='word_1_310' title='bbox 1339 334 1427 374; x_wconf 88' lang='lat' dir='ltr'><em>viro</em></span> <span class='ocrx_word' id='word_1_311' title='bbox 1451 338 1519 373; x_wconf 89' lang='lat' dir='ltr'><em>etc.</em></span> <span class='ocrx_word' id='word_1_312' title='bbox 1540 335 1649 373; x_wconf 86' lang='lat' dir='ltr'><em>Dom.</em></span> <span class='ocrx_word' id='word_1_313' title='bbox 1672 333 1913 386; x_wconf 74' lang='lat' dir='ltr'><em>Berenqario</em></span> <span class='ocrx_word' id='word_1_314' title='bbox 1942 332 2104 372; x_wconf 82' lang='lat' dir='ltr'><em>Fredoli</em></span> 
     </span>
     <span class='ocr_line' id='line_1_54' title="bbox 1146 395 2104 437; baseline -0.002 -1"><span class='ocrx_word' id='word_1_315' title='bbox 1146 396 1370 437; x_wconf 85' lang='lat' dir='ltr'><em>succentori</em></span> <span class='ocrx_word' id='word_1_316' title='bbox 1395 395 1595 435; x_wconf 84' lang='lat' dir='ltr'><em>Ecclesiae</em></span> <span class='ocrx_word' id='word_1_317' title='bbox 1628 395 1865 434; x_wconf 86' lang='lat' dir='ltr'><em>Biterrensis</em></span> <span class='ocrx_word' id='word_1_318' title='bbox 1887 396 1996 434; x_wconf 82' lang='lat' dir='ltr'><em>Dom.</em></span> <span class='ocrx_word' id='word_1_319' title='bbox 2027 397 2104 434; x_wconf 91' lang='lat' dir='ltr'><em>Pa-</em></span> 
     </span>
     <span class='ocr_line' id='line_1_55' title="bbox 1141 457 2103 511; baseline 0 -14"><span class='ocrx_word' id='word_1_320' title='bbox 1141 471 1219 511; x_wconf 83' lang='lat' dir='ltr'><em>pae</em></span> <span class='ocrx_word' id='word_1_321' title='bbox 1245 458 1474 511; x_wconf 71' lang='lat' dir='ltr'><em>Capellam,</em></span> <span class='ocrx_word' id='word_1_322' title='bbox 1499 462 1536 497; x_wconf 85' lang='lat' dir='ltr'><em>et</em></span> <span class='ocrx_word' id='word_1_323' title='bbox 1555 457 1714 497; x_wconf 89' lang='lat' dir='ltr'><em>Doctori</em></span> <span class='ocrx_word' id='word_1_324' title='bbox 1731 457 2013 510; x_wconf 83' lang='lat' dir='ltr'><em>facundissimo</em></span> <span class='ocrx_word' id='word_1_325' title='bbox 2028 459 2103 497; x_wconf 86' lang='lat' dir='ltr'><em>De-</em></span> 
     </span>
     <span class='ocr_line' id='line_1_56' title="bbox 1149 525 1362 561; baseline -0.005 -1"><span class='ocrx_word' id='word_1_326' title='bbox 1149 525 1362 561; x_wconf 87' lang='lat' dir='ltr'><em>cretorum.</em></span> 
     </span>
    </p>

    <p class='ocr_par' dir='ltr' id='par_1_8' title="bbox 1148 582 2102 755">
     <span class='ocr_line' id='line_1_57' title="bbox 1202 582 2102 633; baseline -0.001 -11"><span class='ocrx_word' id='word_1_327' title='bbox 1202 582 1554 622; x_wconf 77' lang='lat' dir='ltr'><em>BERENGARIUS</em></span> <span class='ocrx_word' id='word_1_328' title='bbox 1578 582 1907 633; x_wconf 83' lang='lat' dir='ltr'><em>Archiepiscopus</em></span> <span class='ocrx_word' id='word_1_329' title='bbox 1935 583 2102 633; x_wconf 89' lang='lat' dir='ltr'><em>Compo-</em></span> 
     </span>
     <span class='ocr_line' id='line_1_58' title="bbox 1150 642 2102 693; baseline 0.001 -10"><span class='ocrx_word' id='word_1_330' title='bbox 1150 645 1360 693; x_wconf 87' lang='lat' dir='ltr'><em>stellanus,</em></span> <span class='ocrx_word' id='word_1_331' title='bbox 1383 643 1500 693; x_wconf 89' lang='lat' dir='ltr'><em>cujus</em></span> <span class='ocrx_word' id='word_1_332' title='bbox 1520 643 1567 682; x_wconf 87' lang='lat' dir='ltr'><em>de</em></span> <span class='ocrx_word' id='word_1_333' title='bbox 1599 642 1796 684; x_wconf 83' lang='lat' dir='ltr'><em>eventibus</em></span> <span class='ocrx_word' id='word_1_334' title='bbox 1828 656 1968 682; x_wconf 87' lang='lat' dir='ltr'><em>rerum</em></span> <span class='ocrx_word' id='word_1_335' title='bbox 1990 645 2102 684; x_wconf 86' lang='lat' dir='ltr'><em>lucu-</em></span> 
     </span>
     <span class='ocr_line' id='line_1_59' title="bbox 1148 705 1976 755; baseline 0 -9"><span class='ocrx_word' id='word_1_336' title='bbox 1148 707 1274 746; x_wconf 88' lang='lat' dir='ltr'><em>bratio</em></span> <span class='ocrx_word' id='word_1_337' title='bbox 1297 705 1397 744; x_wconf 90' lang='lat' dir='ltr'><em>vidit</em></span> <span class='ocrx_word' id='word_1_338' title='bbox 1417 706 1546 743; x_wconf 90' lang='lat' dir='ltr'><em>lucem</em></span> <span class='ocrx_word' id='word_1_339' title='bbox 1567 706 1771 755; x_wconf 78' lang='lat' dir='ltr'><em>Augustae</em></span> <span class='ocrx_word' id='word_1_340' title='bbox 1794 706 1839 744; x_wconf 80' lang='lat' dir='ltr'><em>A.</em></span> <span class='ocrx_word' id='word_1_341' title='bbox 1863 707 1976 746; x_wconf 74' lang='grc'>4521.</span> 
     </span>
    </p>

    <p class='ocr_par' dir='ltr' id='par_1_9' title="bbox 1148 766 2102 1003">
     <span class='ocr_line' id='line_1_60' title="bbox 1200 766 2098 818; baseline 0.001 -12"><span class='ocrx_word' id='word_1_342' title='bbox 1200 766 1553 807; x_wconf 65' lang='lat' dir='ltr'><em>BEREIN&#39;GARIUS</em></span> <span class='ocrx_word' id='word_1_343' title='bbox 1575 768 1795 817; x_wconf 87' lang='lat' dir='ltr'><em>Episcopus</em></span> <span class='ocrx_word' id='word_1_344' title='bbox 1814 768 2098 818; x_wconf 88' lang='lat' dir='ltr'><em>Gerundensis‚</em></span> 
     </span>
     <span class='ocr_line' id='line_1_61' title="bbox 1149 826 2102 880; baseline 0 -12"><span class='ocrx_word' id='word_1_345' title='bbox 1149 828 1264 879; x_wconf 88' lang='lat' dir='ltr'><em>cujus</em></span> <span class='ocrx_word' id='word_1_346' title='bbox 1278 826 1459 878; x_wconf 84' lang='lat' dir='ltr'><em>Epistola</em></span> <span class='ocrx_word' id='word_1_347' title='bbox 1474 827 1519 866; x_wconf 87' lang='lat' dir='ltr'><em>de</em></span> <span class='ocrx_word' id='word_1_348' title='bbox 1533 827 1714 878; x_wconf 83' lang='lat' dir='ltr'><em>reliquiis</em></span> <span class='ocrx_word' id='word_1_349' title='bbox 1731 830 1800 868; x_wconf 89' lang='lat' dir='ltr'><em>SS.</em></span> <span class='ocrx_word' id='word_1_350' title='bbox 1823 828 1976 880; x_wconf 82' lang='lat' dir='ltr'><em>Felicis,</em></span> <span class='ocrx_word' id='word_1_351' title='bbox 1995 830 2102 868; x_wconf 86' lang='lat' dir='ltr'><em>Nar-</em></span> 
     </span>
     <span class='ocr_line' id='line_1_62' title="bbox 1148 889 2100 931; baseline 0.002 -2"><span class='ocrx_word' id='word_1_352' title='bbox 1148 890 1244 930; x_wconf 83' lang='lat' dir='ltr'><em>cissi</em></span> <span class='ocrx_word' id='word_1_353' title='bbox 1263 894 1338 928; x_wconf 89' lang='lat' dir='ltr'><em>etc.</em></span> <span class='ocrx_word' id='word_1_354' title='bbox 1363 890 1403 927; x_wconf 91' lang='lat' dir='ltr'><em>in</em></span> <span class='ocrx_word' id='word_1_355' title='bbox 1425 889 1535 928; x_wconf 89' lang='lat' dir='ltr'><em>Actis</em></span> <span class='ocrx_word' id='word_1_356' title='bbox 1549 890 1786 929; x_wconf 89' lang='lat' dir='ltr'><em>Sanctorum</em></span> <span class='ocrx_word' id='word_1_357' title='bbox 1801 895 1894 929; x_wconf 90' lang='lat' dir='ltr'><em>tom.</em></span> <span class='ocrx_word' id='word_1_358' title='bbox 1913 893 1958 930; x_wconf 92' lang='lat'><em>11.</em></span> <span class='ocrx_word' id='word_1_359' title='bbox 1976 894 2100 931; x_wconf 86' lang='lat' dir='ltr'><em>Martii</em></span> 
     </span>
     <span class='ocr_line' id='line_1_63' title="bbox 1148 953 1346 1003; baseline 0.005 -13"><span class='ocrx_word' id='word_1_360' title='bbox 1148 963 1234 1003; x_wconf 81' lang='lat' dir='ltr'><em>pag.</em></span> <span class='ocrx_word' id='word_1_361' title='bbox 1257 953 1346 992; x_wconf 76' lang='lat'><em>623.</em></span> 
     </span>
    </p>

    <p class='ocr_par' dir='ltr' id='par_1_10' title="bbox 1147 1012 2106 1365">
     <span class='ocr_line' id='line_1_64' title="bbox 1205 1012 2104 1066; baseline 0.003 -14"><span class='ocrx_word' id='word_1_362' title='bbox 1205 1012 1344 1053; x_wconf 87' lang='lat' dir='ltr'><em>Tobias</em></span> <span class='ocrx_word' id='word_1_363' title='bbox 1359 1014 1736 1063; x_wconf 80' lang='lat' dir='ltr'><em>BERENGARIUS‚</em></span> <span class='ocrx_word' id='word_1_364' title='bbox 1760 1015 1983 1066; x_wconf 85' lang='lat' dir='ltr'><em>Hispanus,</em></span> <span class='ocrx_word' id='word_1_365' title='bbox 2007 1015 2104 1055; x_wconf 84' lang='lat' dir='ltr'><em>Ara-</em></span> 
     </span>
     <span class='ocr_line' id='line_1_65' title="bbox 1147 1076 2102 1127; baseline 0.002 -12"><span class='ocrx_word' id='word_1_366' title='bbox 1147 1078 1335 1126; x_wconf 79' lang='lat' dir='ltr'><em>gonensis</em></span> <span class='ocrx_word' id='word_1_367' title='bbox 1381 1076 1814 1127; x_wconf 56' lang='lat' dir='ltr'><em>Caesae-Augustanus</em></span> <span class='ocrx_word' id='word_1_368' title='bbox 1859 1078 2068 1117; x_wconf 86' lang='lat' dir='ltr'><em>Carmelita</em></span> <span class='ocrx_word' id='word_1_369' title='bbox 2093 1109 2102 1127; x_wconf 87' lang='lat'><em>,</em></span> 
     </span>
     <span class='ocr_line' id='line_1_66' title="bbox 1148 1139 2104 1190; baseline 0.001 -13"><span class='ocrx_word' id='word_1_370' title='bbox 1148 1139 1380 1190; x_wconf 78' lang='lat' dir='ltr'><em>Theologiae</em></span> <span class='ocrx_word' id='word_1_371' title='bbox 1411 1140 1579 1188; x_wconf 88' lang='lat' dir='ltr'><em>Doctor‚</em></span> <span class='ocrx_word' id='word_1_372' title='bbox 1617 1140 1710 1178; x_wconf 91' lang='lat' dir='ltr'><em>obiit</em></span> <span class='ocrx_word' id='word_1_373' title='bbox 1737 1139 1811 1178; x_wconf 85' lang='lat' dir='ltr'><em>An.</em></span> <span class='ocrx_word' id='word_1_374' title='bbox 1847 1140 1948 1179; x_wconf 75' lang='lat'><em>4290</em></span> <span class='ocrx_word' id='word_1_375' title='bbox 1987 1139 2104 1190; x_wconf 87' lang='lat' dir='ltr'><em>cujus</em></span> 
     </span>
     <span class='ocr_line' id='line_1_67' title="bbox 1147 1202 2106 1252; baseline 0.002 -13"><span class='ocrx_word' id='word_1_376' title='bbox 1147 1202 1429 1240; x_wconf 88' lang='lat' dir='ltr'><em>commentaria</em></span> <span class='ocrx_word' id='word_1_377' title='bbox 1453 1202 1492 1240; x_wconf 90' lang='lat' dir='ltr'><em>in</em></span> <span class='ocrx_word' id='word_1_378' title='bbox 1513 1202 1674 1240; x_wconf 87' lang='lat' dir='ltr'><em>Sacram</em></span> <span class='ocrx_word' id='word_1_379' title='bbox 1696 1202 1938 1252; x_wconf 88' lang='lat' dir='ltr'><em>Scripturam</em></span> <span class='ocrx_word' id='word_1_380' title='bbox 1956 1214 2106 1241; x_wconf 80' lang='lat' dir='ltr'><em>memo-</em></span> 
     </span>
     <span class='ocr_line' id='line_1_68' title="bbox 1148 1263 2105 1304; baseline 0.002 -4"><span class='ocrx_word' id='word_1_381' title='bbox 1148 1266 1208 1301; x_wconf 90' lang='lat' dir='ltr'><em>rat</em></span> <span class='ocrx_word' id='word_1_382' title='bbox 1231 1263 1456 1302; x_wconf 89' lang='lat' dir='ltr'><em>Ludovicus</em></span> <span class='ocrx_word' id='word_1_383' title='bbox 1485 1263 1654 1302; x_wconf 88' lang='lat' dir='ltr'><em>Jacobus</em></span> <span class='ocrx_word' id='word_1_384' title='bbox 1677 1275 1700 1302; x_wconf 87' lang='lat' dir='ltr'><em>a</em></span> <span class='ocrx_word' id='word_1_385' title='bbox 1737 1265 1776 1302; x_wconf 89' lang='lat' dir='ltr'><em>S.</em></span> <span class='ocrx_word' id='word_1_386' title='bbox 1801 1264 1938 1304; x_wconf 85' lang='lat' dir='ltr'><em>Carolo</em></span> <span class='ocrx_word' id='word_1_387' title='bbox 1972 1266 2010 1302; x_wconf 93' lang='lat' dir='ltr'><em>in</em></span> <span class='ocrx_word' id='word_1_388' title='bbox 2043 1265 2105 1303; x_wconf 92' lang='lat' dir='ltr'><em>Bi-</em></span> 
     </span>
     <span class='ocr_line' id='line_1_69' title="bbox 1148 1323 1657 1365; baseline 0.004 -3"><span class='ocrx_word' id='word_1_389' title='bbox 1148 1323 1282 1362; x_wconf 86' lang='lat' dir='ltr'><em>blioth.</em></span> <span class='ocrx_word' id='word_1_390' title='bbox 1309 1325 1557 1364; x_wconf 87' lang='lat' dir='ltr'><em>Carmelitica</em></span> <span class='ocrx_word' id='word_1_391' title='bbox 1580 1326 1657 1365; x_wconf 88' lang='lat' dir='ltr'><em>MS.</em></span> 
     </span>
    </p>

    <p class='ocr_par' dir='ltr' id='par_1_11' title="bbox 1148 1386 2107 1675">
     <span class='ocr_line' id='line_1_70' title="bbox 1201 1386 2104 1439; baseline 0.004 -16"><span class='ocrx_word' id='word_1_392' title='bbox 1201 1386 1552 1426; x_wconf 73' lang='lat' dir='ltr'><em>BERENGARIUS</em></span> <span class='ocrx_word' id='word_1_393' title='bbox 1570 1386 1616 1425; x_wconf 88' lang='lat' dir='ltr'><em>de</em></span> <span class='ocrx_word' id='word_1_394' title='bbox 1637 1387 1742 1427; x_wconf 86' lang='lat' dir='ltr'><em>Valle</em></span> <span class='ocrx_word' id='word_1_395' title='bbox 1759 1386 1953 1437; x_wconf 86' lang='lat' dir='ltr'><em>Arenosa,</em></span> <span class='ocrx_word' id='word_1_396' title='bbox 1969 1389 2104 1439; x_wconf 87' lang='lat' dir='ltr'><em>Hispa-</em></span> 
     </span>
     <span class='ocr_line' id='line_1_71' title="bbox 1148 1448 2103 1500; baseline 0.004 -15"><span class='ocrx_word' id='word_1_397' title='bbox 1148 1458 1225 1486; x_wconf 89' lang='lat' dir='ltr'><em>nus</em></span> <span class='ocrx_word' id='word_1_398' title='bbox 1257 1448 1497 1497; x_wconf 84' lang='lat' dir='ltr'><em>Carmelita,</em></span> <span class='ocrx_word' id='word_1_399' title='bbox 1527 1450 1667 1488; x_wconf 87' lang='lat' dir='ltr'><em>Sacrae</em></span> <span class='ocrx_word' id='word_1_400' title='bbox 1702 1450 1926 1500; x_wconf 86' lang='lat' dir='ltr'><em>Scripturae</em></span> <span class='ocrx_word' id='word_1_401' title='bbox 1955 1451 2103 1499; x_wconf 88' lang='lat' dir='ltr'><em>lector,</em></span> 
     </span>
     <span class='ocr_line' id='line_1_72' title="bbox 1148 1509 2106 1562; baseline 0.005 -15"><span class='ocrx_word' id='word_1_402' title='bbox 1148 1509 1362 1549; x_wconf 85' lang='lat' dir='ltr'><em>defunctus</em></span> <span class='ocrx_word' id='word_1_403' title='bbox 1382 1510 1427 1549; x_wconf 88' lang='lat' dir='ltr'><em>A.</em></span> <span class='ocrx_word' id='word_1_404' title='bbox 1453 1511 1567 1550; x_wconf 68' lang='lat'><em>4345.</em></span> <span class='ocrx_word' id='word_1_405' title='bbox 1604 1512 1736 1550; x_wconf 89' lang='lat' dir='ltr'><em>Etiam</em></span> <span class='ocrx_word' id='word_1_406' title='bbox 1768 1511 1890 1562; x_wconf 88' lang='lat' dir='ltr'><em>hujus</em></span> <span class='ocrx_word' id='word_1_407' title='bbox 1924 1513 2106 1552; x_wconf 89' lang='lat' dir='ltr'><em>lucubra-</em></span> 
     </span>
     <span class='ocr_line' id='line_1_73' title="bbox 1149 1572 2107 1622; baseline 0.004 -12"><span class='ocrx_word' id='word_1_408' title='bbox 1149 1574 1277 1611; x_wconf 89' lang='lat' dir='ltr'><em>tiones</em></span> <span class='ocrx_word' id='word_1_409' title='bbox 1300 1573 1339 1610; x_wconf 93' lang='lat' dir='ltr'><em>in</em></span> <span class='ocrx_word' id='word_1_410' title='bbox 1369 1572 1562 1622; x_wconf 91' lang='lat' dir='ltr'><em>quosdam</em></span> <span class='ocrx_word' id='word_1_411' title='bbox 1583 1573 1651 1612; x_wconf 90' lang='lat' dir='ltr'><em>SS.</em></span> <span class='ocrx_word' id='word_1_412' title='bbox 1675 1573 1888 1612; x_wconf 91' lang='lat' dir='ltr'><em>Bibliorum</em></span> <span class='ocrx_word' id='word_1_413' title='bbox 1918 1575 2035 1613; x_wconf 91' lang='lat' dir='ltr'><em>libros</em></span> <span class='ocrx_word' id='word_1_414' title='bbox 2058 1576 2107 1614; x_wconf 87' lang='lat' dir='ltr'><em>ab</em></span> 
     </span>
     <span class='ocr_line' id='line_1_74' title="bbox 1151 1634 1884 1675; baseline 0 -1"><span class='ocrx_word' id='word_1_415' title='bbox 1151 1635 1290 1674; x_wconf 87' lang='lat' dir='ltr'><em>eodem</em></span> <span class='ocrx_word' id='word_1_416' title='bbox 1315 1634 1411 1674; x_wconf 93' lang='lat' dir='ltr'><em>Lud.</em></span> <span class='ocrx_word' id='word_1_417' title='bbox 1436 1635 1578 1674; x_wconf 88' lang='lat' dir='ltr'><em>Jacobo</em></span> <span class='ocrx_word' id='word_1_418' title='bbox 1601 1640 1884 1675; x_wconf 84' lang='lat' dir='ltr'><em>memorantur.</em></span> 
     </span>
    </p>

    <p class='ocr_par' dir='ltr' id='par_1_12' title="bbox 1149 1696 2112 3042">
     <span class='ocr_line' id='line_1_75' title="bbox 1204 1696 2108 1747; baseline 0.001 -11"><span class='ocrx_word' id='word_1_419' title='bbox 1204 1697 1553 1745; x_wconf 80' lang='lat' dir='ltr'><em>BERENGOSUS,</em></span> <span class='ocrx_word' id='word_1_420' title='bbox 1574 1696 1732 1735; x_wconf 88' lang='lat' dir='ltr'><em>Ordinis</em></span> <span class='ocrx_word' id='word_1_421' title='bbox 1753 1697 2008 1747; x_wconf 89' lang='lat' dir='ltr'><em>Benedictini,</em></span> <span class='ocrx_word' id='word_1_422' title='bbox 2031 1698 2108 1738; x_wconf 88' lang='lat' dir='ltr'><em>Ab-</em></span> 
     </span>
     <span class='ocr_line' id='line_1_76' title="bbox 1151 1760 2111 1810; baseline 0.001 -12"><span class='ocrx_word' id='word_1_423' title='bbox 1151 1760 1221 1798; x_wconf 91' lang='lat' dir='ltr'><em>bas</em></span> <span class='ocrx_word' id='word_1_424' title='bbox 1246 1760 1283 1798; x_wconf 92' lang='lat' dir='ltr'><em>S.</em></span> <span class='ocrx_word' id='word_1_425' title='bbox 1307 1760 1508 1798; x_wconf 82' lang='lat' dir='ltr'><em>Maximini</em></span> <span class='ocrx_word' id='word_1_426' title='bbox 1545 1760 1818 1810; x_wconf 88' lang='lat' dir='ltr'><em>Trevirensis,</em></span> <span class='ocrx_word' id='word_1_427' title='bbox 1842 1771 1918 1798; x_wconf 91' lang='lat' dir='ltr'><em>non</em></span> <span class='ocrx_word' id='word_1_428' title='bbox 1944 1765 1989 1799; x_wconf 87' lang='lat' dir='ltr'><em>ut</em></span> <span class='ocrx_word' id='word_1_429' title='bbox 2025 1762 2111 1799; x_wconf 87' lang='lat' dir='ltr'><em>Bel-</em></span> 
     </span>
     <span class='ocr_line' id='line_1_77' title="bbox 1152 1821 2111 1872; baseline 0.002 -12"><span class='ocrx_word' id='word_1_430' title='bbox 1152 1822 1344 1860; x_wconf 86' lang='lat' dir='ltr'><em>larminus</em></span> <span class='ocrx_word' id='word_1_431' title='bbox 1368 1821 1537 1860; x_wconf 87' lang='lat' dir='ltr'><em>editione</em></span> <span class='ocrx_word' id='word_1_432' title='bbox 1561 1823 1687 1872; x_wconf 86' lang='lat' dir='ltr'><em>prima</em></span> <span class='ocrx_word' id='word_1_433' title='bbox 1710 1822 1796 1860; x_wconf 90' lang='lat' dir='ltr'><em>libri</em></span> <span class='ocrx_word' id='word_1_434' title='bbox 1820 1823 1868 1860; x_wconf 92' lang='lat' dir='ltr'><em>de</em></span> <span class='ocrx_word' id='word_1_435' title='bbox 1888 1823 1926 1861; x_wconf 90' lang='lat' dir='ltr'><em>S.</em></span> <span class='ocrx_word' id='word_1_436' title='bbox 1947 1824 1992 1862; x_wconf 91' lang='lat' dir='ltr'><em>E.</em></span> <span class='ocrx_word' id='word_1_437' title='bbox 2018 1824 2111 1862; x_wconf 87' lang='lat' dir='ltr'><em>Sae—</em></span> 
     </span>
     <span class='ocr_line' id='line_1_78' title="bbox 1149 1882 2106 1923; baseline 0 -1"><span class='ocrx_word' id='word_1_438' title='bbox 1149 1884 1238 1922; x_wconf 89' lang='lat' dir='ltr'><em>culo</em></span> <span class='ocrx_word' id='word_1_439' title='bbox 1257 1884 1338 1922; x_wconf 90' lang='lat' dir='ltr'><em>VII.</em></span> <span class='ocrx_word' id='word_1_440' title='bbox 1359 1882 1429 1922; x_wconf 90' lang='lat' dir='ltr'><em>sed</em></span> <span class='ocrx_word' id='word_1_441' title='bbox 1449 1883 1523 1921; x_wconf 87' lang='lat' dir='ltr'><em>sub</em></span> <span class='ocrx_word' id='word_1_442' title='bbox 1542 1883 1763 1922; x_wconf 89' lang='lat' dir='ltr'><em>duodecimi</em></span> <span class='ocrx_word' id='word_1_443' title='bbox 1787 1884 1897 1922; x_wconf 86' lang='lat' dir='ltr'><em>initia</em></span> <span class='ocrx_word' id='word_1_444' title='bbox 1915 1885 2046 1923; x_wconf 86' lang='lat' dir='ltr'><em>clarus</em></span> <span class='ocrx_word' id='word_1_445' title='bbox 2061 1884 2106 1923; x_wconf 85' lang='grc' dir='ltr'><em>Α.</em></span> 
     </span>
     <span class='ocr_line' id='line_1_79' title="bbox 1151 1945 2107 1995; baseline -0.001 -10"><span class='ocrx_word' id='word_1_446' title='bbox 1151 1946 1253 1985; x_wconf 77' lang='grc'>4442</span> <span class='ocrx_word' id='word_1_447' title='bbox 1277 1945 1325 1983; x_wconf 88' lang='lat' dir='ltr'><em>ab</em></span> <span class='ocrx_word' id='word_1_448' title='bbox 1352 1946 1518 1984; x_wconf 84' lang='lat' dir='ltr'><em>Henrico</em></span> <span class='ocrx_word' id='word_1_449' title='bbox 1538 1945 1582 1984; x_wconf 93' lang='lat' dir='ltr'><em>V.</em></span> <span class='ocrx_word' id='word_1_450' title='bbox 1611 1946 1851 1995; x_wconf 89' lang='lat' dir='ltr'><em>Imperatore</em></span> <span class='ocrx_word' id='word_1_451' title='bbox 1880 1946 2107 1995; x_wconf 89' lang='lat' dir='ltr'><em>impetravit</em></span> 
     </span>
     <span class='ocr_line' id='line_1_80' title="bbox 1150 2006 2106 2059; baseline 0.001 -14"><span class='ocrx_word' id='word_1_452' title='bbox 1150 2008 1405 2059; x_wconf 84' lang='lat' dir='ltr'><em>privilegium</em></span> <span class='ocrx_word' id='word_1_453' title='bbox 1429 2018 1498 2058; x_wconf 89' lang='lat' dir='ltr'><em>pro</em></span> <span class='ocrx_word' id='word_1_454' title='bbox 1521 2007 1725 2046; x_wconf 83' lang='lat' dir='ltr'><em>advocatia</em></span> <span class='ocrx_word' id='word_1_455' title='bbox 1761 2018 1855 2046; x_wconf 87' lang='lat' dir='ltr'><em>suae</em></span> <span class='ocrx_word' id='word_1_456' title='bbox 1893 2006 2106 2055; x_wconf 83' lang='lat' dir='ltr'><em>Abbatiae‚</em></span> 
     </span>
     <span class='ocr_line' id='line_1_81' title="bbox 1150 2068 2107 2120; baseline 0.001 -12"><span class='ocrx_word' id='word_1_457' title='bbox 1150 2070 1388 2120; x_wconf 88' lang='lat' dir='ltr'><em>scripsitque</em></span> <span class='ocrx_word' id='word_1_458' title='bbox 1425 2068 1625 2118; x_wconf 88' lang='lat' dir='ltr'><em>Opuscula</em></span> <span class='ocrx_word' id='word_1_459' title='bbox 1662 2068 1766 2107; x_wconf 86' lang='lat' dir='ltr'><em>edita</em></span> <span class='ocrx_word' id='word_1_460' title='bbox 1785 2069 1969 2108; x_wconf 88' lang='lat' dir='ltr'><em>Coloniae</em></span> <span class='ocrx_word' id='word_1_461' title='bbox 2006 2072 2107 2109; x_wconf 68' lang='lat'><em>4555</em></span> 
     </span>
     <span class='ocr_line' id='line_1_82' title="bbox 1149 2130 2108 2177; baseline -0.001 -7"><span class='ocrx_word' id='word_1_462' title='bbox 1149 2136 1189 2170; x_wconf 90' lang='lat' dir='ltr'><em>et</em></span> <span class='ocrx_word' id='word_1_463' title='bbox 1207 2142 1348 2170; x_wconf 86' lang='lat' dir='ltr'><em>recusa</em></span> <span class='ocrx_word' id='word_1_464' title='bbox 1371 2131 1411 2168; x_wconf 92' lang='lat' dir='ltr'><em>in</em></span> <span class='ocrx_word' id='word_1_465' title='bbox 1436 2130 1686 2169; x_wconf 86' lang='lat' dir='ltr'><em>Bibliothecis</em></span> <span class='ocrx_word' id='word_1_466' title='bbox 1710 2131 1870 2169; x_wconf 87' lang='lat' dir='ltr'><em>Patrum</em></span> <span class='ocrx_word' id='word_1_467' title='bbox 1889 2159 1897 2177; x_wconf 81' lang='lat'><strong>‚</strong></span> <span class='ocrx_word' id='word_1_468' title='bbox 1914 2136 1954 2169; x_wconf 88' lang='lat' dir='ltr'><em>et</em></span> <span class='ocrx_word' id='word_1_469' title='bbox 1977 2133 2108 2169; x_wconf 87' lang='lat' dir='ltr'><em>novis-</em></span> 
     </span>
     <span class='ocr_line' id='line_1_83' title="bbox 1149 2191 2108 2243; baseline 0 -12"><span class='ocrx_word' id='word_1_470' title='bbox 1149 2195 1248 2232; x_wconf 90' lang='lat' dir='ltr'><em>sime</em></span> <span class='ocrx_word' id='word_1_471' title='bbox 1272 2192 1452 2243; x_wconf 74' lang='lat' dir='ltr'><em>Lugdun.</em></span> <span class='ocrx_word' id='word_1_472' title='bbox 1474 2197 1567 2231; x_wconf 90' lang='lat' dir='ltr'><em>tom.</em></span> <span class='ocrx_word' id='word_1_473' title='bbox 1593 2193 1678 2231; x_wconf 82' lang='lat' dir='ltr'><em>XII.</em></span> <span class='ocrx_word' id='word_1_474' title='bbox 1697 2193 1752 2230; x_wconf 87' lang='lat' dir='ltr'><em>De</em></span> <span class='ocrx_word' id='word_1_475' title='bbox 1778 2191 1892 2230; x_wconf 80' lang='lat' dir='ltr'><em>lande</em></span> <span class='ocrx_word' id='word_1_476' title='bbox 1914 2196 1952 2230; x_wconf 85' lang='lat' dir='ltr'><em>et</em></span> <span class='ocrx_word' id='word_1_477' title='bbox 1975 2192 2108 2232; x_wconf 80' lang='lat' dir='ltr'><em>inven-</em></span> 
     </span>
     <span class='ocr_line' id='line_1_84' title="bbox 1150 2254 2107 2306; baseline 0 -12"><span class='ocrx_word' id='word_1_478' title='bbox 1150 2255 1250 2294; x_wconf 86' lang='lat' dir='ltr'><em>tione</em></span> <span class='ocrx_word' id='word_1_479' title='bbox 1271 2254 1415 2295; x_wconf 82' lang='lat' dir='ltr'><em>Crucis</em></span> <span class='ocrx_word' id='word_1_480' title='bbox 1431 2254 1658 2293; x_wconf 88' lang='lat' dir='ltr'><em>Dominicae</em></span> <span class='ocrx_word' id='word_1_481' title='bbox 1677 2255 1796 2292; x_wconf 84' lang='lat' dir='ltr'><em>libros</em></span> <span class='ocrx_word' id='word_1_482' title='bbox 1812 2256 1862 2293; x_wconf 85' lang='grc' dir='ltr'><em>ΙΙΙ</em></span> <span class='ocrx_word' id='word_1_483' title='bbox 1882 2287 1890 2302; x_wconf 88' lang='lat'><em>,</em></span> <span class='ocrx_word' id='word_1_484' title='bbox 1913 2267 1998 2306; x_wconf 78' lang='lat' dir='ltr'><em>pag.</em></span> <span class='ocrx_word' id='word_1_485' title='bbox 2018 2257 2107 2295; x_wconf 77' lang='lat'><em>349.</em></span> 
     </span>
     <span class='ocr_line' id='line_1_85' title="bbox 1151 2315 2109 2368; baseline 0.002 -12"><span class='ocrx_word' id='word_1_486' title='bbox 1151 2318 1312 2356; x_wconf 83' lang='lat' dir='ltr'><em>Librum</em></span> <span class='ocrx_word' id='word_1_487' title='bbox 1341 2316 1388 2355; x_wconf 88' lang='lat' dir='ltr'><em>de</em></span> <span class='ocrx_word' id='word_1_488' title='bbox 1415 2316 1602 2368; x_wconf 75' lang='lat' dir='ltr'><em>mysterio</em></span> <span class='ocrx_word' id='word_1_489' title='bbox 1627 2315 1722 2366; x_wconf 73' lang='lat' dir='ltr'><em>liqni</em></span> <span class='ocrx_word' id='word_1_490' title='bbox 1747 2316 1965 2366; x_wconf 84' lang='lat' dir='ltr'><em>Dominici,</em></span> <span class='ocrx_word' id='word_1_491' title='bbox 1994 2323 2034 2357; x_wconf 84' lang='lat' dir='ltr'><em>et</em></span> <span class='ocrx_word' id='word_1_492' title='bbox 2063 2318 2109 2358; x_wconf 84' lang='lat' dir='ltr'><em>de</em></span> 
     </span>
     <span class='ocr_line' id='line_1_86' title="bbox 1150 2377 2112 2432; baseline 0.002 -14"><span class='ocrx_word' id='word_1_493' title='bbox 1150 2381 1252 2419; x_wconf 90' lang='lat' dir='ltr'><em>Luce</em></span> <span class='ocrx_word' id='word_1_494' title='bbox 1271 2378 1424 2418; x_wconf 78' lang='lat' dir='ltr'><em>visibili</em></span> <span class='ocrx_word' id='word_1_495' title='bbox 1441 2383 1479 2417; x_wconf 89' lang='lat' dir='ltr'><em>et</em></span> <span class='ocrx_word' id='word_1_496' title='bbox 1498 2377 1702 2428; x_wconf 68' lang='lat' dir='ltr'><em>invisibili,</em></span> <span class='ocrx_word' id='word_1_497' title='bbox 1719 2391 1796 2429; x_wconf 87' lang='lat' dir='ltr'><em>per</em></span> <span class='ocrx_word' id='word_1_498' title='bbox 1816 2391 1938 2431; x_wconf 82' lang='lat' dir='ltr'><em>quam</em></span> <span class='ocrx_word' id='word_1_499' title='bbox 1956 2380 2112 2432; x_wconf 81' lang='lat' dir='ltr'><em>antiqui</em></span> 
     </span>
     <span class='ocr_line' id='line_1_87' title="bbox 1151 2440 2112 2491; baseline 0.001 -12"><span class='ocrx_word' id='word_1_500' title='bbox 1151 2443 1291 2480; x_wconf 87' lang='lat' dir='ltr'><em>Patres</em></span> <span class='ocrx_word' id='word_1_501' title='bbox 1304 2444 1539 2479; x_wconf 84' lang='lat' dir='ltr'><em>meruerunt</em></span> <span class='ocrx_word' id='word_1_502' title='bbox 1555 2440 1758 2479; x_wconf 85' lang='lat' dir='ltr'><em>illustrari</em></span> <span class='ocrx_word' id='word_1_503' title='bbox 1773 2452 1858 2491; x_wconf 80' lang='lat' dir='ltr'><em>pag.</em></span> <span class='ocrx_word' id='word_1_504' title='bbox 1876 2441 1952 2479; x_wconf 87' lang='grc'><em>367</em></span> <span class='ocrx_word' id='word_1_505' title='bbox 1966 2447 2005 2480; x_wconf 83' lang='lat' dir='ltr'><em>et</em></span> <span class='ocrx_word' id='word_1_506' title='bbox 2020 2444 2112 2481; x_wconf 90' lang='lat' dir='ltr'><em>Ser-</em></span> 
     </span>
     <span class='ocr_line' id='line_1_88' title="bbox 1152 2502 2108 2552; baseline 0.003 -13"><span class='ocrx_word' id='word_1_507' title='bbox 1152 2513 1284 2540; x_wconf 86' lang='lat' dir='ltr'><em>mones</em></span> <span class='ocrx_word' id='word_1_508' title='bbox 1325 2503 1353 2541; x_wconf 93' lang='lat' dir='ltr'><em>V</em></span> <span class='ocrx_word' id='word_1_509' title='bbox 1388 2502 1437 2540; x_wconf 92' lang='lat' dir='ltr'><em>de</em></span> <span class='ocrx_word' id='word_1_510' title='bbox 1473 2503 1712 2552; x_wconf 82' lang='lat' dir='ltr'><em>Martyribus</em></span> <span class='ocrx_word' id='word_1_511' title='bbox 1736 2532 1744 2550; x_wconf 89' lang='lat'><em>,</em></span> <span class='ocrx_word' id='word_1_512' title='bbox 1782 2503 2083 2542; x_wconf 86' lang='lat' dir='ltr'><em>Confessoribus</em></span> <span class='ocrx_word' id='word_1_513' title='bbox 2099 2534 2108 2552; x_wconf 86' lang='lat'>‚</span> 
     </span>
     <span class='ocr_line' id='line_1_89' title="bbox 1153 2563 2111 2604; baseline 0.001 -1"><span class='ocrx_word' id='word_1_514' title='bbox 1153 2563 1407 2603; x_wconf 88' lang='lat' dir='ltr'><em>Dedicatione</em></span> <span class='ocrx_word' id='word_1_515' title='bbox 1430 2564 1633 2602; x_wconf 86' lang='lat' dir='ltr'><em>Ecclesiae</em></span> <span class='ocrx_word' id='word_1_516' title='bbox 1656 2568 1695 2601; x_wconf 88' lang='lat' dir='ltr'><em>et</em></span> <span class='ocrx_word' id='word_1_517' title='bbox 1724 2565 1980 2601; x_wconf 84' lang='lat' dir='ltr'><em>veneratione</em></span> <span class='ocrx_word' id='word_1_518' title='bbox 2009 2566 2111 2604; x_wconf 85' lang='lat' dir='ltr'><em>Reli-</em></span> 
     </span>
     <span class='ocr_line' id='line_1_90' title="bbox 1154 2624 2108 2675; baseline 0.003 -13"><span class='ocrx_word' id='word_1_519' title='bbox 1154 2626 1336 2675; x_wconf 89' lang='lat' dir='ltr'><em>quiarum</em></span> <span class='ocrx_word' id='word_1_520' title='bbox 1364 2636 1450 2675; x_wconf 80' lang='lat' dir='ltr'><em>pag.</em></span> <span class='ocrx_word' id='word_1_521' title='bbox 1479 2624 1569 2662; x_wconf 85' lang='lat'><em>376.</em></span> <span class='ocrx_word' id='word_1_522' title='bbox 1596 2624 1691 2662; x_wconf 84' lang='lat' dir='ltr'><em>Vide</em></span> <span class='ocrx_word' id='word_1_523' title='bbox 1720 2624 1920 2663; x_wconf 90' lang='lat' dir='ltr'><em>Oudinum</em></span> <span class='ocrx_word' id='word_1_524' title='bbox 1944 2630 2025 2664; x_wconf 86' lang='lat' dir='ltr'><em>tom</em></span> <span class='ocrx_word' id='word_1_525' title='bbox 2050 2627 2082 2665; x_wconf 93' lang='lat' dir='ltr'><em>ll</em></span> <span class='ocrx_word' id='word_1_526' title='bbox 2099 2657 2108 2675; x_wconf 92' lang='lat'><em>,</em></span> 
     </span>
     <span class='ocr_line' id='line_1_91' title="bbox 1154 2686 2111 2737; baseline 0.002 -12"><span class='ocrx_word' id='word_1_527' title='bbox 1154 2698 1239 2737; x_wconf 81' lang='lat' dir='ltr'><em>pag.</em></span> <span class='ocrx_word' id='word_1_528' title='bbox 1266 2686 1367 2725; x_wconf 63' lang='lat'><em>4004</em></span> <span class='ocrx_word' id='word_1_529' title='bbox 1392 2687 1458 2735; x_wconf 86' lang='lat' dir='ltr'><em>qui</em></span> <span class='ocrx_word' id='word_1_530' title='bbox 1481 2690 1612 2724; x_wconf 82' lang='lat' dir='ltr'><em>tamen</em></span> <span class='ocrx_word' id='word_1_531' title='bbox 1636 2686 1796 2734; x_wconf 85' lang='lat' dir='ltr'><em>fallitur,</em></span> <span class='ocrx_word' id='word_1_532' title='bbox 1821 2697 1912 2724; x_wconf 89' lang='lat' dir='ltr'><em>cum</em></span> <span class='ocrx_word' id='word_1_533' title='bbox 1929 2687 2018 2726; x_wconf 88' lang='lat' dir='ltr'><em>huic</em></span> <span class='ocrx_word' id='word_1_534' title='bbox 2039 2690 2111 2727; x_wconf 85' lang='lat' dir='ltr'><em>Be-</em></span> 
     </span>
     <span class='ocr_line' id='line_1_92' title="bbox 1155 2747 2108 2799; baseline 0.001 -13"><span class='ocrx_word' id='word_1_535' title='bbox 1155 2757 1320 2797; x_wconf 81' lang='lat' dir='ltr'><em>rengoso</em></span> <span class='ocrx_word' id='word_1_536' title='bbox 1344 2747 1480 2785; x_wconf 87' lang='lat' dir='ltr'><em>tribuit</em></span> <span class='ocrx_word' id='word_1_537' title='bbox 1502 2747 1831 2784; x_wconf 86' lang='lat' dir='ltr'><em>commentarium</em></span> <span class='ocrx_word' id='word_1_538' title='bbox 1854 2748 1891 2784; x_wconf 87' lang='lat' dir='ltr'><em>in</em></span> <span class='ocrx_word' id='word_1_539' title='bbox 1914 2747 2108 2799; x_wconf 71' lang='lat' dir='ltr'><em>Apocaly-</em></span> 
     </span>
     <span class='ocr_line' id='line_1_93' title="bbox 1155 2808 2108 2859; baseline 0.004 -13"><span class='ocrx_word' id='word_1_540' title='bbox 1155 2809 1269 2859; x_wconf 88' lang='lat' dir='ltr'><em>psin,</em></span> <span class='ocrx_word' id='word_1_541' title='bbox 1290 2819 1409 2858; x_wconf 89' lang='lat' dir='ltr'><em>quem</em></span> <span class='ocrx_word' id='word_1_542' title='bbox 1430 2808 1652 2856; x_wconf 83' lang='lat' dir='ltr'><em>Berengarii</em></span> <span class='ocrx_word' id='word_1_543' title='bbox 1674 2809 1914 2847; x_wconf 86' lang='lat' dir='ltr'><em>Turonensis</em></span> <span class='ocrx_word' id='word_1_544' title='bbox 1937 2821 2026 2848; x_wconf 87' lang='lat' dir='ltr'><em>esse</em></span> <span class='ocrx_word' id='word_1_545' title='bbox 2042 2822 2108 2850; x_wconf 85' lang='lat' dir='ltr'><em>su·</em></span> 
     </span>
     <span class='ocr_line' id='line_1_94' title="bbox 1157 2868 2108 2920; baseline 0.003 -13"><span class='ocrx_word' id='word_1_546' title='bbox 1157 2881 1225 2920; x_wconf 83' lang='lat' dir='ltr'><em>pra</em></span> <span class='ocrx_word' id='word_1_547' title='bbox 1245 2868 1560 2907; x_wconf 86' lang='lat' dir='ltr'><em>demonstratum</em></span> <span class='ocrx_word' id='word_1_548' title='bbox 1585 2869 1668 2907; x_wconf 82' lang='lat' dir='ltr'><em>fuit.</em></span> <span class='ocrx_word' id='word_1_549' title='bbox 1694 2869 1816 2908; x_wconf 87' lang='lat' dir='ltr'><em>Sicuti</em></span> <span class='ocrx_word' id='word_1_550' title='bbox 1838 2871 2027 2909; x_wconf 87' lang='lat' dir='ltr'><em>Bernonis</em></span> <span class='ocrx_word' id='word_1_551' title='bbox 2045 2877 2108 2910; x_wconf 87' lang='lat' dir='ltr'><em>est</em></span> 
     </span>
     <span class='ocr_line' id='line_1_95' title="bbox 1157 2929 2105 2980; baseline 0.003 -11"><span class='ocrx_word' id='word_1_552' title='bbox 1157 2941 1234 2969; x_wconf 89' lang='lat' dir='ltr'><em>non</em></span> <span class='ocrx_word' id='word_1_553' title='bbox 1257 2931 1484 2980; x_wconf 78' lang='lat' dir='ltr'><em>Berengosi‚</em></span> <span class='ocrx_word' id='word_1_554' title='bbox 1501 2929 1604 2980; x_wconf 87' lang='lat' dir='ltr'><em>quod</em></span> <span class='ocrx_word' id='word_1_555' title='bbox 1626 2930 1660 2968; x_wconf 86' lang='lat' dir='ltr'><em>ei</em></span> <span class='ocrx_word' id='word_1_556' title='bbox 1684 2929 1913 2969; x_wconf 84' lang='lat' dir='ltr'><em>adscribunt</em></span> <span class='ocrx_word' id='word_1_557' title='bbox 1930 2934 2105 2972; x_wconf 90' lang='lat' dir='ltr'><em>nonnulli</em></span> 
     </span>
     <span class='ocr_line' id='line_1_96' title="bbox 1156 2990 1828 3042; baseline 0.001 -13"><span class='ocrx_word' id='word_1_558' title='bbox 1156 2992 1204 3030; x_wconf 88' lang='lat' dir='ltr'><em>de</em></span> <span class='ocrx_word' id='word_1_559' title='bbox 1224 2990 1384 3041; x_wconf 89' lang='lat' dir='ltr'><em>jejuniis</em></span> <span class='ocrx_word' id='word_1_560' title='bbox 1404 2995 1572 3042; x_wconf 85' lang='lat' dir='ltr'><em>quatuor</em></span> <span class='ocrx_word' id='word_1_561' title='bbox 1593 2995 1828 3042; x_wconf 85' lang='lat' dir='ltr'><em>temporum.</em></span> 
     </span>
    </p>

    <p class='ocr_par' dir='ltr' id='par_1_13' title="bbox 1156 3051 2107 3213">
     <span class='ocr_line' id='line_1_97' title="bbox 1208 3051 2107 3106; baseline 0.004 -15"><span class='ocrx_word' id='word_1_562' title='bbox 1208 3052 1514 3100; x_wconf 75' lang='lat' dir='ltr'><em>BERGAN&#39;I&#39;lO,</em></span> <span class='ocrx_word' id='word_1_563' title='bbox 1539 3051 1586 3090; x_wconf 89' lang='lat' dir='ltr'><em>dc</em></span> <span class='ocrx_word' id='word_1_564' title='bbox 1607 3064 1684 3103; x_wconf 89' lang='lat' dir='ltr'><em>quo</em></span> <span class='ocrx_word' id='word_1_565' title='bbox 1709 3054 1949 3093; x_wconf 83' lang='lat' dir='ltr'><em>l‘aneirollus</em></span> <span class='ocrx_word' id='word_1_566' title='bbox 1967 3067 2002 3106; x_wconf 87' lang='lat' dir='ltr'><em>p.</em></span> <span class='ocrx_word' id='word_1_567' title='bbox 2031 3056 2107 3095; x_wconf 75' lang='grc'><em>427</em></span> 
     </span>
     <span class='ocr_line' id='line_1_98' title="bbox 1156 3114 2106 3165; baseline 0.007 -14"><span class='ocrx_word' id='word_1_568' title='bbox 1156 3114 1204 3152; x_wconf 87' lang='lat' dir='ltr'><em>de</em></span> <span class='ocrx_word' id='word_1_569' title='bbox 1227 3114 1342 3152; x_wconf 84' lang='lat' dir='ltr'><em>elaris</em></span> <span class='ocrx_word' id='word_1_570' title='bbox 1368 3115 1512 3163; x_wconf 76' lang='lat' dir='ltr'><em>Legum</em></span> <span class='ocrx_word' id='word_1_571' title='bbox 1543 3114 1847 3165; x_wconf 79' lang='lat' dir='ltr'><em>interpretibus,</em></span> <span class='ocrx_word' id='word_1_572' title='bbox 1870 3117 1967 3155; x_wconf 78' lang='lat' dir='ltr'><em>infra</em></span> <span class='ocrx_word' id='word_1_573' title='bbox 1993 3119 2106 3158; x_wconf 69' lang='lat' dir='ltr'><em>Bm-</em></span> 
     </span>
     <span class='ocr_line' id='line_1_99' title="bbox 1158 3175 1356 3213; baseline -0.005 0"><span class='ocrx_word' id='word_1_574' title='bbox 1158 3175 1356 3213; x_wconf 73' lang='lat' dir='ltr'><em>GUNDlO.</em></span> 
     </span>
    </p>

    <p class='ocr_par' dir='ltr' id='par_1_14' title="bbox 1212 3235 2105 3290">
     <span class='ocr_line' id='line_1_100' title="bbox 1212 3235 2105 3290; baseline 0.008 -16"><span class='ocrx_word' id='word_1_575' title='bbox 1212 3235 1478 3274; x_wconf 69' lang='lat' dir='ltr'><em>BEliGOMAS</em></span> <span class='ocrx_word' id='word_1_576' title='bbox 1501 3238 1664 3287; x_wconf 78' lang='lat' dir='ltr'><em>scriptor</em></span> <span class='ocrx_word' id='word_1_577' title='bbox 1685 3236 1889 3290; x_wconf 81' lang='lat' dir='ltr'><em>Chronici,</em></span> <span class='ocrx_word' id='word_1_578' title='bbox 1912 3239 2009 3279; x_wconf 79' lang='lat' dir='ltr'><em>iufra</em></span> <span class='ocrx_word' id='word_1_579' title='bbox 2032 3241 2105 3280; x_wconf 73' lang='grc' dir='ltr'><em>,ΙΛ-</em></span> 
     </span>
    </p>
   </div>
   <div class='ocr_carea' id='block_1_5' title="bbox 138 3297 1553 3349">
    <p class='ocr_par' dir='ltr' id='par_1_15' title="bbox 138 3297 1553 3349">
     <span class='ocr_line' id='line_1_101' title="bbox 138 3297 1553 3349; baseline -0.002 -9"><span class='ocrx_word' id='word_1_580' title='bbox 138 3299 258 3341; x_wconf 87' lang='lat' dir='ltr'><em>rendo</em></span> <span class='ocrx_word' id='word_1_581' title='bbox 282 3301 395 3341; x_wconf 86' lang='lat' dir='ltr'><em>Libro</em></span> <span class='ocrx_word' id='word_1_582' title='bbox 419 3302 466 3342; x_wconf 84' lang='lat' dir='ltr'><em>Vl</em></span> <span class='ocrx_word' id='word_1_583' title='bbox 491 3299 764 3340; x_wconf 86' lang='lat' dir='ltr'><em>Decretalium.</em></span> <span class='ocrx_word' id='word_1_584' title='bbox 787 3297 845 3338; x_wconf 87' lang='lat' dir='ltr'><em>Ad</em></span> <span class='ocrx_word' id='word_1_585' title='bbox 871 3297 978 3338; x_wconf 85' lang='lat' dir='ltr'><em>illum</em></span> <span class='ocrx_word' id='word_1_586' title='bbox 995 3308 1086 3347; x_wconf 75' lang='lat' dir='ltr'><em>ergo</em></span> <span class='ocrx_word' id='word_1_587' title='bbox 1161 3297 1322 3338; x_wconf 66' lang='lat' dir='ltr'><em>COBCS</em></span> <span class='ocrx_word' id='word_1_588' title='bbox 1343 3297 1553 3349; x_wconf 79' lang='lat' dir='ltr'><em>Philippus.</em></span> 
     </span>
    </p>
   </div>
  </div>
 </body>
</html>
