2500 4009
402 194 478 234 204

405 270 645 316 apparatum
673 264 788 316 fecit:
810 262 930 300 verba
955 266 1050 300 sunt
1073 261 1259 300 Pto‘lomei
1282 264 1357 302 Lu-

402 329 533 366 censis
575 329 670 366 llist.
700 325 849 364 Eccles.
880 323 946 362 lib.
978 324 1040 363 22.
1069 334 1102 362 c.
1133 324 1195 364 12.
1226 324 1356 370 Quare

403 388 480 428 duo
509 399 623 439 opera
646 387 829 425 canonica
853 385 969 436 plane
997 385 1154 425 diversa
1182 387 1285 425 inter
1312 397 1354 426 se

404 452 607 501 scripsisse
643 447 866 487 Bernardus
910 449 984 486 iste
1026 447 1252 487 censendus
1279 453 1352 487 est.

405 512 445 550 ld
475 521 566 548 vero
597 520 672 548 non
703 510 800 547 satis
828 509 1084 560 distinguitur
1106 521 1128 549 a
1152 511 1353 549 Pancirolo

405 573 467 610 ubi
498 571 544 609 de
573 571 644 609 hoc
674 571 897 620 Bernardo,
927 583 1047 621 quem
1076 572 1129 610 ait
1158 572 1352 611 Bononiae

401 634 639 678 decessisse,
663 634 776 672 cuius
800 634 839 671 in
864 633 972 672 urbis
1001 632 1212 672 Academia
1241 644 1353 684 prae-

402 695 546 733 fectum
576 696 667 746 egit.

453 757 747 796 BERNARDUS
782 755 828 796 de
863 755 1149 806 Breitenbac‘h‚
1174 757 1194 779 ³*
1232 762 1350 796 notus

400 821 536 858 itinere
570 821 608 857 in
644 819 930 869 Palaestinam,
967 819 1074 870 quod
1111 821 1351 858 camerarius

397 883 648 932 Moguntinus
665 881 738 920 An.
762 882 862 921 1183
879 883 1054 932 suscepit
1070 892 1183 929 ,cum
1200 883 1351 919 Joanne

397 944 593 982 Solmensi
616 944 767 982 Comite
790 948 829 981 et
854 943 971 981 nobili
994 944 1083 982 Viro
1107 943 1281 993 Philippo
1302 942 1350 980 de

397 1005 563 1049 Bicken‚
589 1006 707 1044 fratre
732 1005 858 1043 Felice
878 1009 918 1043 et
936 1003 1053 1054 cujus
1083 1015 1200 1055 opera
1224 1007 1262 1042 in
1286 1004 1353 1043 de-

396 1067 604 1118 pingendis
629 1067 723 1105 locis
753 1078 851 1105 usus
880 1071 942 1104 est
978 1065 1127 1105 Erardo
1164 1065 1348 1113 Rewick,

399 1130 458 1169 Ult
467 1129 663 1179 rajectino:
680 1127 1061 1179 Descriptionemque
1069 1126 1156 1177 ejus
1166 1129 1349 1178 passagii,

396 1193 576 1231 Decanns
601 1191 682 1240 jam
719 1191 974 1241 Moguntinus
1010 1189 1125 1228 Anno
1147 1190 1249 1229 1488
1272 1191 1350 1230 Μο-

390 1255 547 1304 guntiae
571 1252 709 1296 edidit,
731 1256 771 1290 et
794 1250 1004 1290 Bertholdo
1027 1252 1254 1301 Moguntino
1277 1250 1349 1289 Ar-

395 1315 640 1366 chiepiseopo
664 1313 884 1361 dedicavit,
910 1324 932 1352 a
955 1325 1032 1364 quo
1053 1315 1171 1352 etiam
1200 1315 1348 1353 missus

398 1378 560 1415 Romam
583 1377 734 1425 fuerat,
755 1376 918 1427 pallium
947 1386 1016 1426 pro
1039 1375 1102 1413 illo
1131 1375 1349 1426 postulatu-

395 1449 475 1478 rus.
501 1440 587 1477 Yite
618 1439 816 1477 Serarium
851 1439 998 1476 Rerum
1031 1438 1348 1488 Moguntinarum

397 1501 492 1539 libro
512 1501 543 1540 V
580 1500 760 1539 editionis
798 1511 923 1538 novae
957 1511 1043 1550 pag.
1075 1497 1150 1537 797
1187 1503 1228 1537 et
1259 1499 1348 1537 813.

394 1563 830 1612 Germanico-Belgicae
857 1563 1052 1600 versionis
1082 1560 1263 1611 ejusdem
1289 1561 1349 1598 iti-

398 1626 537 1663 nerarii
564 1624 775 1663 editionem
812 1625 967 1662 curavit
1004 1627 1245 1662 memoratus
1276 1623 1350 1660 Re-

394 1686 562 1725 wickius
585 1688 803 1737 Moguntiae
826 1686 871 1724 Α.
896 1686 1010 1725 1188.

448 1748 742 1787 BERNARDUS
758 1748 1027 1795 Carnotensis,
1035 1745 1347 1799 perfectissimus

398 1810 497 1848 inter
519 1809 737 1848 Platonicos
760 1808 921 1849 Saecult
945 1809 1074 1847 nostre·
1089 1839 1097 1853 ‚
1123 1811 1250 1859 inquit
1285 1810 1349 1847 Jo-

395 1883 518 1910 annes
542 1873 864 1921 sarisberiensis,
889 1873 957 1922 qui
980 1873 1234 1911 Carnotensis
1256 1871 1348 1922 Epi-

398 1946 539 1986 scopus
571 1934 684 1973 Anno
709 1936 809 1973 1180
823 1934 951 1982 obiit,
977 1934 1072 1972 libro
1100 1938 1240 1983 quarto
1264 1944 1347 1972 me-

398 1997 549 2046 talogici
564 1998 689 2047 capite
707 1998 768 2035 33.
785 1997 851 2035 ubi
868 1996 939 2034 hos
955 1994 1040 2045 ejus
1055 2006 1198 2034 versus
1216 1996 1344 2034 affert:

452 2076 520 2105 Non
545 2074 619 2105 dico
646 2081 736 2111 esse,
763 2072 852 2112 quod
886 2077 952 2110 est,
980 2074 1113 2111 gemina
1139 2073 1228 2110 quod
1259 2076 1351 2111 parte

1017 2125 1170 2152 coactum

490 2173 645 2203 Materiae
663 2171 800 2202 sormam
820 2172 970 2202 cont'met
985 2170 1200 2209 implicitam:

451 2221 511 2252 Sed
527 2220 601 2252 dico
618 2229 705 2258 esse,
723 2220 810 2259 quod
830 2224 899 2258 est,
924 2229 988 2252 una
1011 2218 1100 2259 quod
1125 2222 1277 2250 constant
1295 2226 1351 2249 ea-

1094 2277 1169 2299 rum
1185 2280 1192 2298 ε

492 2321 557 2350 noc
581 2323 675 2351 vocat
695 2319 803 2351 {deam
822 2344 830 2356 ,
849 2319 930 2350 illud
948 2318 1074 2350 acheus
1090 2321 1122 2349 et
1139 2318 1250 2356 hylen.
1287 2341 1289 2343 .

397 2387 472 2424 Nec
496 2388 628 2425 minus
652 2387 747 2424 lios:

448 2466 653 2504 Princip‘mm
672 2467 724 2496 cui
743 2465 809 2496 sola
824 2465 885 2497 fuit
904 2466 1021 2496 Divina
1046 2465 1203 2497 voluntas
1218 2487 1228 2501 ‚

447 2515 532 2544 AEtas
547 2523 611 2545 non
628 2514 750 2554 frangit
771 2514 991 2546 demoliturve
1015 2518 1175 2546 vetustas.

448 2563 602 2595 Dissolvit
619 2569 746 2604 tempus
761 2565 922 2604 quicquid
942 2564 1096 2604 producit
1113 2564 1153 2596 ad
1171 2571 1264 2604 esse,

448 2615 478 2644 Si
495 2621 558 2644 non
577 2613 616 2644 ad
633 2622 785 2653 praesens
796 2638 806 2652 ‚
821 2619 949 2646 constat
964 2614 1163 2654 quandoque
1175 2622 1236 2646 nec
1249 2612 1353 2654 esse,*

452 2665 537 2703 Ergo
556 2672 655 2703 super
673 2664 753 2701 tali,
777 2666 833 2703 qui
849 2664 961 2703 luget,
977 2663 1170 2695 conditione
1188 2688 1197 2703 ‚

446 2716 509 2744 Aut
525 2713 606 2744 nihil
623 2737 632 2752 ‚
650 2717 706 2744 aut
723 2714 899 2745 minimum
917 2713 1019 2745 claret
1036 2715 1176 2746 rationis
1194 2713 1328 2746 habere.

448 2851 461 2863 ⁸
478 2854 521 2881 De
539 2853 725 2891 propinquo
748 2851 927 2883 Bernhardi
951 2851 1113 2882 Johanne
1135 2849 1346 2882 Breicenba-

387 2900 485 2939 chio,
503 2901 641 2932 Consule
670 2903 847 2940 Lipsiensi,
882 2902 1019 2932 Albinus
1037 2903 1069 2932 in
1093 2901 1256 2932 Chronico
1285 2901 1347 2945 illi-

387 2953 498 2982 snensi
518 2959 590 2990 pag.
609 2951 681 2981 557.
702 2954 743 2981 Dc
768 2952 952 2981 Tilinanno
972 2951 1237 2982 Bredenbache'o
1254 2974 1262 2989 ,
1281 2952 1340 2990 qui

388 3001 604 3031 Collationum
625 3000 720 3030 libros
741 3002 807 3030 vm
827 3001 929 3031 edidit
955 3002 1111 3034 Coloniae
1130 3001 1209 3031 1584
1225 3006 1257 3032 et
1286 3002 1343 3031 ili-

385 3053 521 3081 storiam
535 3052 666 3089 scripsit
684 3050 757 3081 belli
793 3052 958 3088 Livonici‚
980 3053 1053 3083 vide
1088 3054 1238 3083 vossium
1258 3053 1341 3082 Hist.

386 3101 452 3128 Lat.
471 3108 541 3137 pac.
559 3098 615 3129 7271
649 3099 856 3130 Valerianum
889 3100 1050 3132 Andream
1069 3105 1100 3132 ct
1130 3103 1342 3133 Franciscum

387 3150 573 3178 sweertium
603 3152 634 3179 in
664 3149 874 3181 Bibliothecis
900 3151 1059 3190 izclgicis:
1086 3152 1141 3182 ubi
1171 3153 1270 3182 etiam
1301 3150 1341 3180 de

388 3196 537 3226 Matthia
568 3197 825 3228 Bretlenbachio
857 3200 1036 3238 carpensi,
1064 3205 1095 3231 et
1131 3200 1170 3230 de
1200 3201 1339 3230 Joanne

388 3244 644 3277 Bredeiabachio
663 3249 932 3287 Dum·ld0rpierisi
953 3250 1118 3281 'tilmanni
1135 3252 1286 3283 Parente.

449 3294 458 3304 ¹
484 3295 529 3323 lta
553 3294 613 3334 leg.
632 3305 706 3328 nam
724 3298 806 3330 male
825 3299 949 3330 editur:
967 3308 1119 3331 necesse.

1161 191 1605 232 BERNARDUS

1429 266 1589 317 Propter
1611 265 1729 306 hosce
1757 267 1974 306 versiculos
2000 266 2210 306 Bernardis
2236 267 2373 318 poetis.

1429 329 1629 368 accensuit
1669 328 1775 369 hunc
1812 328 2084 369 Bernhardum
2126 329 2377 370 Christianus

1428 390 1617 430 Daumius
1637 393 1740 429 notis
1754 391 1801 430 ad
1822 391 2094 431 Bernhardum
2110 392 2374 442 Geystensem

1426 463 1510 503 pag.
1536 452 1586 493 ἱι2
1610 455 1677 492 vix
1701 454 1850 491 serente
1875 453 2011 492 Thom.
2026 454 2206 493 Reinesio
2221 454 2376 505 Episto-

1427 513 1474 552 lis
1496 515 1542 553 ad
1576 516 1786 554 Daumium
1811 525 1896 565 pag.
1933 515 2008 553 291
2032 516 2100 565 qui
2135 519 2267 554 tamen
2292 516 2376 566 ipse

1425 576 1536 615 affert
1554 577 1674 615 verba
1697 588 1746 615 ex
1768 577 1930 615 Joannis
1953 576 2255 615 Sarisberiensis
2277 577 2376 615 Poli-

1423 639 1567 677 cratico
1595 639 1658 676 lib.
1684 639 1749 676 Vll
1775 638 1990 676 Policratici
2009 648 2092 687 cap.
2116 636 2267 682 launi
2289 636 2377 676 aliis
2426 631 2429 634 ’

1424 699 1530 738 hisce
1554 699 1640 750 ejus
1660 700 1843 738 versibus
1866 699 2020 737 allatis:

1477 779 1566 809 Mens
1589 777 1722 809 humilis
1738 803 1747 816 ,
1764 778 1911 809 studium
1933 776 2137 817 quaerendi,
2155 777 2226 809 vita
2247 776 2382 817 queita,

1481 828 1686 859 scrutinium
1704 829 1843 859 tacitum
1859 850 1868 866 ‚
1884 831 2061 867 paupertas
2074 851 2084 866 ‚
2108 830 2196 858 terra
2213 826 2340 864 aliena,

1478 879 1564 909 llaec
1586 885 1734 908 reserare
1752 875 1857 908 solent
1875 875 1989 908 multis
2006 875 2149 908 obscura
2165 875 2317 916 legendo.

1424 944 1623 995 adjungit:
1650 943 1739 982 licet
1755 943 1878 982 metri
1898 942 1981 994 ejus
2001 942 2198 982 suavitate
2212 955 2289 983 ηοη
2311 955 2377 983 ca-

1419 1007 1533 1058 piar,
1558 1018 1716 1046 sensum
1739 1003 1936 1058 approbO,
1961 1008 1999 1044 et
2019 1003 2377 1058 philosophantium

1422 1067 1615 1107 mentibus
1634 1067 1749 1107 credo
1770 1066 1940 1120 fideliter
1962 1067 2228 1119 inyerendum.
2267 1068 2376 1108 Idem

1423 1131 1708 1170 Sarisberensis
1730 1130 1910 1182 pluribus
1934 1131 1972 1168 in
2002 1130 2097 1169 locis
2129 1141 2221 1170 eum
2245 1130 2378 1170 laudat

1422 1198 1461 1231 et
1487 1193 1547 1232 lib.
1574 1195 1587 1232 1
1618 1204 1702 1243 cap.
1728 1191 1962 1232 l7testatur
1983 1203 2147 1244 operose.
2167 1193 2314 1244 egisse,
2332 1196 2376 1231 ut

1423 1256 1524 1294 inter
1541 1255 1793 1294 Aristotelem
1817 1258 1857 1293 et
1877 1255 2084 1293 Platonem
2104 1258 2376 1307 componeret,

1422 1316 1491 1356 sed
1515 1317 1626 1356 tarde
1646 1318 1831 1355 venisse:
1854 1321 1894 1355 et
1931 1317 1994 1356 lib.
2019 1318 2033 1357 1
2065 1327 2148 1368 cap.
2173 1318 2196 1357 5
2227 1317 2378 1357 Wiliel-

1422 1391 1512 1418 mus
1532 1380 1580 1418 de
1604 1379 1775 1420 Conchis
1797 1380 2091 1419 Grammaticus
2115 1380 2188 1431 ipsi
2212 1383 2274 1418 est
2288 1384 2377 1431 post

1422 1441 1665 1481 Bernardum
1689 1442 2014 1493 opulentissimus
2034 1445 2074 1481 et
2094 1442 2377 1493 Peripateticus

1421 1505 1633 1544 Palatinus.
1643 1504 1739 1544 Vide
1754 1505 1870 1555 infra,
1886 1503 2148 1544 Bernhardus
2164 1503 2376 1556 Sylvester.

1475 1566 1770 1607 BERNARDUS
1784 1565 2088 1616 Carthusz'anus,
2106 1566 2290 1606 fundator
2304 1568 2378 1606 Do-

1421 1640 1510 1667 mus
1535 1629 1768 1669 Carthusiae
1784 1631 1990 1668 Portarum
2009 1641 2059 1668 ex
2075 1628 2263 1668 Monacho
2282 1629 2377 1668 Am-

1419 1690 1745 1730 broniacensiAn.
1758 1692 1797 1730 11
1812 1692 1858 1730 15
1872 1691 1920 1730 ad
1934 1693 1947 1730 1
1960 1693 1973 1730 1
1986 1689 2167 1741 52.cujus
2175 1690 2378 1742 Epis-colae

1420 1750 1620 1790 Asceticae
1643 1756 1724 1791 tres
1747 1752 1896 1791 editore
1920 1754 2033 1791 Petro
2056 1752 2262 1791 Francisco
2291 1753 2376 1792 Soc.

1418 1814 1497 1852 Jes.
1522 1815 1684 1853 Divione
1710 1813 1836 1863 1657,
1862 1815 1886 1852 8
1909 1819 1948 1853 et
1971 1824 2139 1863 recusae
2165 1815 2204 1852 in
2239 1815 2380 1853 Biblio-

1419 1875 1533 1914 theca
1548 1877 1708 1915 Patrum
1731 1876 1852 1927 Lugd.
1883 1875 1984 1916 1672
2008 1880 2102 1915 tom.
2123 1876 2269 1926 XXIV,
2290 1888 2376 1927 pag.

1419 1939 1512 1978 1501
1556 1950 1638 1990 seq.
1676 1939 1786 1978 Idem
1821 1939 2026 1980 Chissetius
2065 1938 2162 1977 alios
2210 1942 2379 1990 quatuor

1417 1999 1557 2037 deinde
1573 2001 1792 2039 Bernardos
1808 2002 1959 2040 Priores
1975 2000 2104 2039 eidem
2120 1999 2253 2039 domui
2266 2011 2378 2051 prae-

1418 2059 1539 2099 fuisse
1566 2060 1679 2099 docet
1703 2073 1787 2112 pag.
1813 2061 1914 2100 1464
1939 2065 1980 2099 et
2009 2062 2109 2100 1520
2152 2061 2376 2101 Secundum

1418 2131 1468 2159 ex
1490 2122 1680 2172 Episcopo
1703 2123 1910 2161 Bellicensi
1933 2122 1978 2161 A.
2001 2122 2104 2162 1117
2131 2123 2303 2162 Tertium
2326 2125 2375 2163 ah

1416 2181 1531 2220 Anno
1556 2185 1656 2222 1151
1681 2186 1747 2235 qui
1780 2184 1921 2223 deinde
1943 2185 2168 2236 Episcopus
2196 2187 2372 2226 Diensis:

1419 2244 1614 2292 Quartum
1636 2246 1878 2286 Bernardum
1903 2246 1951 2285 de
1973 2248 2096 2286 Turre
2121 2247 2169 2286 ab
2193 2246 2238 2287 A.
2258 2249 2371 2288 1253.

1421 2306 1606 2354 Quintum
1619 2309 1861 2348 Bernardum
1881 2307 1930 2348 de
1954 2309 2086 2348 Samia
2100 2309 2149 2348 ab
2164 2308 2237 2348 An.
2257 2311 2370 2350 1258.

1474 2369 1785 2409 BERNARDUS.
1800 2369 1931 2410 Abbas
1949 2370 2214 2419 Cassinensis‚
2235 2371 2374 2412 defun-

1421 2435 1510 2470 ctus
1545 2431 1618 2470 An.
1654 2433 1755 2473 1282
1793 2432 1840 2472 de
1877 2445 1954 2483 quo
1978 2444 2116 2484 supra,
2140 2433 2373 2475 Bernardus

1420 2491 1642 2544 Ayylerz'us.

1471 2555 1793 2605 BERNARDUS,
1838 2557 2052 2597 Monachus
2096 2556 2367 2602 Cassinenszls.

1419 2618 1486 2667 qui
1522 2619 1624 2656 eirca
1658 2617 1818 2657 Annum
1854 2619 1954 2659 1120
1993 2619 2149 2670 scripsit
2185 2619 2308 2659 Vitam
2330 2621 2368 2659 S.

1418 2679 1664 2718 Confessoris
1678 2679 1823 2728 Amaci,
1834 2681 1949 2731 cujus
1966 2682 2151 2720 memoria
2168 2681 2190 2719 3
2205 2683 2372 2721 Novem-

1417 2742 1498 2780 bris
1522 2743 1715 2781 recolitur.
1743 2743 1839 2782 Vide
1860 2744 2020 2782 Petrum
2043 2743 2260 2782 Diaconum
2282 2753 2365 2794 cap.

1419 2803 1467 2841 37
1491 2803 1538 2843 de
1563 2805 1781 2843 illustribus
1805 2805 2130 2844 Cassinensibus.v

1468 2866 1764 2906 BERNARDUS
1777 2866 1985 2913 Gvidonis‚
2000 2866 2021 2888 ἦ
2035 2867 2140 2905 Prior
2157 2866 2366 2916 aliquando

1417 2927 1552 2965 castre?
1571 2929 1609 2967 S.
1640 2927 1826 2966 Vincentii
1841 2930 1876 2965 in
1902 2928 2101 2967 Occitania
2119 2957 2127 2971 ,
2148 2927 2366 2978 Episcopus

1413 2988 1552 3027 deinde
1577 2989 1814 3027 Lodovensis
1832 3020 1839 3034 ,
1857 2989 2013 3028 Ordinis
2035 2987 2365 3038 l’raedicatorum,

1412 3050 1623 3090 defunctus
1650 3050 1723 3088 An.
1756 3051 1848 3089 1331
1885 3049 2000 3100 cujus
2031 3048 2227 3089 Chronica
2253 3050 2365 3090 Ordi-

1463 3202 1544 3234 vide
1569 3204 1666 3234 etiam
1684 3200 1769 3241 apud
1788 3200 1952 3232 Labbeum
1984 3204 2062 3232 tom.
2084 3201 2112 3230 11
2139 3200 2364 3239 Bibliothecae

1406 3260 1510 3283 novae
1528 3254 1607 3283 MSS.
1627 3259 1700 3291 pag.
1724 3250 1784 3282 512
1800 3254 1832 3282 et
1850 3249 2009 3282 Jacobum
2026 3250 2218 3283 Echardum
2234 3254 2315 3284 tom.
2334 3253 2366 3291 1,

1402 3309 1477 3340 pag.
1496 3302 1558 3333 578
1574 3309 1644 3341 seq.
