<?xml version="1.0" encoding="UTF-8"?>
<!DOCTYPE html PUBLIC "-//W3C//DTD XHTML 1.0 Transitional//EN"
    "http://www.w3.org/TR/xhtml1/DTD/xhtml1-transitional.dtd">
<html xmlns="http://www.w3.org/1999/xhtml" xml:lang="en" lang="en">
 <head>
  <title>
</title>
<meta http-equiv="Content-Type" content="text/html;charset=utf-8" />
  <meta name='ocr-system' content='tesseract 3.04.00' />
  <meta name='ocr-capabilities' content='ocr_page ocr_carea ocr_par ocr_line ocrx_word'/>
</head>
<body>
  <div class='ocr_page' id='page_1' title='image "./bibliothecalatin01fabruoft_0019.png"; bbox 0 0 2500 3841; ppageno 0'>
   <div class='ocr_carea' id='block_1_1' title="bbox 861 225 2062 265">
    <p class='ocr_par' dir='ltr' id='par_1_1' title="bbox 861 225 2062 265">
     <span class='ocr_line' id='line_1_1' title="bbox 861 225 2062 265; baseline -0.002 -4"><span class='ocrx_word' id='word_1_1' title='bbox 861 226 894 263; x_wconf 77' lang='lat' dir='ltr'>J.</span> <span class='ocrx_word' id='word_1_2' title='bbox 943 226 988 265; x_wconf 72' lang='lat' dir='ltr'>l).</span> <span class='ocrx_word' id='word_1_3' title='bbox 1038 225 1266 265; x_wconf 51' lang='lat' dir='ltr'>MAN&amp;</span> <span class='ocrx_word' id='word_1_4' title='bbox 2008 233 2062 260; x_wconf 59' lang='lat' dir='ltr'>xv</span> 
     </span>
    </p>
   </div>
   <div class='ocr_carea' id='block_1_2' title="bbox 85 292 2077 3379">
    <p class='ocr_par' dir='ltr' id='par_1_2' title="bbox 85 292 2070 722">
     <span class='ocr_line' id='line_1_2' title="bbox 89 292 2064 348; baseline -0.005 -9"><span class='ocrx_word' id='word_1_5' title='bbox 89 316 110 339; x_wconf 77' lang='lat' dir='ltr'>e</span> <span class='ocrx_word' id='word_1_6' title='bbox 141 300 270 340; x_wconf 88' lang='lat' dir='ltr'>media</span> <span class='ocrx_word' id='word_1_7' title='bbox 313 298 565 348; x_wconf 72' lang='lat' dir='ltr'>antiquitatis</span> <span class='ocrx_word' id='word_1_8' title='bbox 595 296 778 347; x_wconf 76' lang='lat' dir='ltr'>caligine,</span> <span class='ocrx_word' id='word_1_9' title='bbox 809 308 885 347; x_wconf 89' lang='lat' dir='ltr'>qua</span> <span class='ocrx_word' id='word_1_10' title='bbox 915 297 1040 337; x_wconf 68' lang='lat' dir='ltr'>obsita</span> <span class='ocrx_word' id='word_1_11' title='bbox 1071 299 1328 344; x_wconf 85' lang='lat' dir='ltr'>delituerunt,</span> <span class='ocrx_word' id='word_1_12' title='bbox 1361 297 1397 334; x_wconf 91' lang='lat' dir='ltr'>in</span> <span class='ocrx_word' id='word_1_13' title='bbox 1428 298 1605 346; x_wconf 90' lang='lat' dir='ltr'>apertam</span> <span class='ocrx_word' id='word_1_14' title='bbox 1638 294 1767 332; x_wconf 82' lang='lat' dir='ltr'>lucem</span> <span class='ocrx_word' id='word_1_15' title='bbox 1800 292 2064 342; x_wconf 85' lang='lat' dir='ltr'>proferuntur.</span> 
     </span>
     <span class='ocr_line' id='line_1_3' title="bbox 86 354 2068 410; baseline -0.006 -7"><span class='ocrx_word' id='word_1_16' title='bbox 86 364 254 404; x_wconf 77' lang='lat' dir='ltr'>Prodest</span> <span class='ocrx_word' id='word_1_17' title='bbox 283 360 524 401; x_wconf 78' lang='lat' dir='ltr'>Bibliotheca</span> <span class='ocrx_word' id='word_1_18' title='bbox 560 360 656 398; x_wconf 90' lang='lat' dir='ltr'>haec</span> <span class='ocrx_word' id='word_1_19' title='bbox 691 369 816 397; x_wconf 87' lang='lat' dir='ltr'>novas</span> <span class='ocrx_word' id='word_1_20' title='bbox 851 361 1089 410; x_wconf 90' lang='lat' dir='ltr'>scriptorum</span> <span class='ocrx_word' id='word_1_21' title='bbox 1128 365 1312 398; x_wconf 86' lang='lat' dir='ltr'>veterum</span> <span class='ocrx_word' id='word_1_22' title='bbox 1355 357 1550 395; x_wconf 75' lang='lat' dir='ltr'>editiones</span> <span class='ocrx_word' id='word_1_23' title='bbox 1591 354 1872 402; x_wconf 81' lang='lat' dir='ltr'>molientibus,</span> <span class='ocrx_word' id='word_1_24' title='bbox 1917 355 2068 405; x_wconf 81' lang='lat' dir='ltr'>priores</span> 
     </span>
     <span class='ocr_line' id='line_1_4' title="bbox 85 417 2068 476; baseline -0.006 -12"><span class='ocrx_word' id='word_1_25' title='bbox 85 426 216 476; x_wconf 88' lang='lat' dir='ltr'>operis</span> <span class='ocrx_word' id='word_1_26' title='bbox 248 424 352 463; x_wconf 91' lang='lat' dir='ltr'>illius</span> <span class='ocrx_word' id='word_1_27' title='bbox 381 423 656 472; x_wconf 88' lang='lat' dir='ltr'>evulgationes</span> <span class='ocrx_word' id='word_1_28' title='bbox 685 420 906 459; x_wconf 88' lang='lat' dir='ltr'>indicando:</span> <span class='ocrx_word' id='word_1_29' title='bbox 937 433 1038 472; x_wconf 87' lang='lat' dir='ltr'>quae</span> <span class='ocrx_word' id='word_1_30' title='bbox 1067 421 1156 461; x_wconf 87' lang='lat' dir='ltr'>addi</span> <span class='ocrx_word' id='word_1_31' title='bbox 1188 432 1289 472; x_wconf 88' lang='lat' dir='ltr'>quae</span> <span class='ocrx_word' id='word_1_32' title='bbox 1321 419 1499 467; x_wconf 79' lang='lat' dir='ltr'>detrahi,</span> <span class='ocrx_word' id='word_1_33' title='bbox 1531 418 1637 458; x_wconf 88' lang='lat' dir='ltr'>unde</span> <span class='ocrx_word' id='word_1_34' title='bbox 1668 428 1769 455; x_wconf 92' lang='lat' dir='ltr'>nova</span> <span class='ocrx_word' id='word_1_35' title='bbox 1797 417 1919 467; x_wconf 82' lang='lat' dir='ltr'>accipi</span> <span class='ocrx_word' id='word_1_36' title='bbox 1962 427 2068 454; x_wconf 90' lang='lat' dir='ltr'>com-</span> 
     </span>
     <span class='ocr_line' id='line_1_5' title="bbox 86 480 2068 536; baseline -0.006 -10"><span class='ocrx_word' id='word_1_37' title='bbox 86 486 201 525; x_wconf 88' lang='lat' dir='ltr'>mode</span> <span class='ocrx_word' id='word_1_38' title='bbox 230 487 395 536; x_wconf 81' lang='lat' dir='ltr'>possent</span> <span class='ocrx_word' id='word_1_39' title='bbox 423 482 686 534; x_wconf 81' lang='lat' dir='ltr'>suggerendo.</span> <span class='ocrx_word' id='word_1_40' title='bbox 716 483 864 521; x_wconf 87' lang='lat' dir='ltr'>Cautos</span> <span class='ocrx_word' id='word_1_41' title='bbox 893 484 1012 521; x_wconf 85' lang='lat' dir='ltr'>etiam</span> <span class='ocrx_word' id='word_1_42' title='bbox 1037 484 1215 522; x_wconf 87' lang='lat' dir='ltr'>eruditos</span> <span class='ocrx_word' id='word_1_43' title='bbox 1240 483 1361 521; x_wconf 85' lang='lat' dir='ltr'>efficit</span> <span class='ocrx_word' id='word_1_44' title='bbox 1384 481 1432 520; x_wconf 86' lang='lat' dir='ltr'>ab</span> <span class='ocrx_word' id='word_1_45' title='bbox 1455 493 1501 519; x_wconf 81' lang='lat' dir='ltr'>ea</span> <span class='ocrx_word' id='word_1_46' title='bbox 1525 480 1770 531; x_wconf 81' lang='lat' dir='ltr'>deceptione,</span> <span class='ocrx_word' id='word_1_47' title='bbox 1796 490 1916 529; x_wconf 83' lang='lat' dir='ltr'>quam</span> <span class='ocrx_word' id='word_1_48' title='bbox 1942 480 2068 516; x_wconf 93' lang='lat' dir='ltr'>nomi—</span> 
     </span>
     <span class='ocr_line' id='line_1_6' title="bbox 86 541 2070 596; baseline -0.004 -9"><span class='ocrx_word' id='word_1_49' title='bbox 86 559 184 587; x_wconf 91' lang='lat' dir='ltr'>num</span> <span class='ocrx_word' id='word_1_50' title='bbox 214 546 430 586; x_wconf 89' lang='lat' dir='ltr'>similitudo</span> <span class='ocrx_word' id='word_1_51' title='bbox 460 555 650 596; x_wconf 81' lang='lat' dir='ltr'>persaepe</span> <span class='ocrx_word' id='word_1_52' title='bbox 680 544 844 583; x_wconf 88' lang='lat' dir='ltr'>inducit.</span> <span class='ocrx_word' id='word_1_53' title='bbox 875 544 1072 593; x_wconf 81' lang='lat' dir='ltr'>Aetatem,</span> <span class='ocrx_word' id='word_1_54' title='bbox 1094 546 1403 596; x_wconf 71' lang='lat' dir='ltr'>professionem,</span> <span class='ocrx_word' id='word_1_55' title='bbox 1427 553 1671 592; x_wconf 85' lang='lat' dir='ltr'>causamque</span> <span class='ocrx_word' id='word_1_56' title='bbox 1707 541 1904 580; x_wconf 89' lang='lat' dir='ltr'>scribendi</span> <span class='ocrx_word' id='word_1_57' title='bbox 1935 542 2070 590; x_wconf 82' lang='lat' dir='ltr'>singu-</span> 
     </span>
     <span class='ocr_line' id='line_1_7' title="bbox 86 603 2069 657; baseline -0.004 -9"><span class='ocrx_word' id='word_1_58' title='bbox 86 610 215 648; x_wconf 92' lang='lat' dir='ltr'>lorum</span> <span class='ocrx_word' id='word_1_59' title='bbox 250 608 462 647; x_wconf 90' lang='lat' dir='ltr'>authorum</span> <span class='ocrx_word' id='word_1_60' title='bbox 498 606 661 655; x_wconf 85' lang='lat' dir='ltr'>delinit,</span> <span class='ocrx_word' id='word_1_61' title='bbox 692 605 796 656; x_wconf 83' lang='lat' dir='ltr'>quod</span> <span class='ocrx_word' id='word_1_62' title='bbox 836 607 1090 646; x_wconf 87' lang='lat' dir='ltr'>commodum</span> <span class='ocrx_word' id='word_1_63' title='bbox 1120 611 1160 646; x_wconf 89' lang='lat' dir='ltr'>et</span> <span class='ocrx_word' id='word_1_64' title='bbox 1202 604 1519 657; x_wconf 86' lang='lat' dir='ltr'>periucundum,</span> <span class='ocrx_word' id='word_1_65' title='bbox 1561 606 1680 642; x_wconf 91' lang='lat' dir='ltr'>immo</span> <span class='ocrx_word' id='word_1_66' title='bbox 1723 608 1763 641; x_wconf 90' lang='lat' dir='ltr'>et</span> <span class='ocrx_word' id='word_1_67' title='bbox 1798 603 2069 641; x_wconf 85' lang='lat' dir='ltr'>necessarium</span> 
     </span>
     <span class='ocr_line' id='line_1_8' title="bbox 87 668 939 722; baseline -0.005 -12"><span class='ocrx_word' id='word_1_68' title='bbox 87 669 331 722; x_wconf 88' lang='lat' dir='ltr'>quandoque</span> <span class='ocrx_word' id='word_1_69' title='bbox 361 668 587 719; x_wconf 87' lang='lat' dir='ltr'>legentibus</span> <span class='ocrx_word' id='word_1_70' title='bbox 616 669 795 707; x_wconf 84' lang='lat' dir='ltr'>accidere</span> <span class='ocrx_word' id='word_1_71' title='bbox 826 669 939 707; x_wconf 88' lang='lat' dir='ltr'>solet.</span> 
     </span>
    </p>

    <p class='ocr_par' dir='ltr' id='par_1_3' title="bbox 87 726 2075 1216">
     <span class='ocr_line' id='line_1_9' title="bbox 168 726 2071 784; baseline -0.004 -13"><span class='ocrx_word' id='word_1_72' title='bbox 168 732 211 772; x_wconf 93' lang='lat' dir='ltr'>Id</span> <span class='ocrx_word' id='word_1_73' title='bbox 240 743 312 784; x_wconf 84' lang='lat' dir='ltr'>ego</span> <span class='ocrx_word' id='word_1_74' title='bbox 340 742 537 782; x_wconf 86' lang='lat' dir='ltr'>peraeque</span> <span class='ocrx_word' id='word_1_75' title='bbox 558 741 650 770; x_wconf 90' lang='lat' dir='ltr'>cum</span> <span class='ocrx_word' id='word_1_76' title='bbox 673 731 759 769; x_wconf 86' lang='lat' dir='ltr'>aliis</span> <span class='ocrx_word' id='word_1_77' title='bbox 779 732 835 769; x_wconf 85' lang='lat' dir='ltr'>rei</span> <span class='ocrx_word' id='word_1_78' title='bbox 858 731 1070 770; x_wconf 81' lang='lat' dir='ltr'>litterariae</span> <span class='ocrx_word' id='word_1_79' title='bbox 1095 731 1284 770; x_wconf 82' lang='lat' dir='ltr'>studiosis</span> <span class='ocrx_word' id='word_1_80' title='bbox 1314 728 1541 778; x_wconf 86' lang='lat' dir='ltr'>intelligens</span> <span class='ocrx_word' id='word_1_81' title='bbox 1571 738 1703 765; x_wconf 89' lang='lat' dir='ltr'>amore</span> <span class='ocrx_word' id='word_1_82' title='bbox 1733 726 1902 777; x_wconf 87' lang='lat' dir='ltr'>quodam</span> <span class='ocrx_word' id='word_1_83' title='bbox 1933 731 1973 763; x_wconf 88' lang='lat' dir='ltr'>et</span> <span class='ocrx_word' id='word_1_84' title='bbox 2002 737 2071 764; x_wconf 79' lang='lat' dir='ltr'>vo—</span> 
     </span>
     <span class='ocr_line' id='line_1_10' title="bbox 88 789 2070 846; baseline -0.006 -11"><span class='ocrx_word' id='word_1_85' title='bbox 88 796 242 846; x_wconf 86' lang='lat' dir='ltr'>luptate</span> <span class='ocrx_word' id='word_1_86' title='bbox 270 793 372 833; x_wconf 87' lang='lat' dir='ltr'>trahi</span> <span class='ocrx_word' id='word_1_87' title='bbox 406 804 469 831; x_wconf 89' lang='lat' dir='ltr'>me</span> <span class='ocrx_word' id='word_1_88' title='bbox 499 794 536 830; x_wconf 93' lang='lat' dir='ltr'>in</span> <span class='ocrx_word' id='word_1_89' title='bbox 567 793 674 832; x_wconf 89' lang='lat' dir='ltr'>hunc</span> <span class='ocrx_word' id='word_1_90' title='bbox 704 794 845 832; x_wconf 86' lang='lat' dir='ltr'>librum</span> <span class='ocrx_word' id='word_1_91' title='bbox 883 794 1018 839; x_wconf 87' lang='lat' dir='ltr'>sensi,</span> <span class='ocrx_word' id='word_1_92' title='bbox 1049 793 1268 841; x_wconf 85' lang='lat' dir='ltr'>dolensque</span> <span class='ocrx_word' id='word_1_93' title='bbox 1298 795 1356 828; x_wconf 91' lang='lat' dir='ltr'>tot</span> <span class='ocrx_word' id='word_1_94' title='bbox 1384 790 1566 838; x_wconf 89' lang='lat' dir='ltr'>tantique</span> <span class='ocrx_word' id='word_1_95' title='bbox 1597 791 1734 839; x_wconf 88' lang='lat' dir='ltr'>praetii</span> <span class='ocrx_word' id='word_1_96' title='bbox 1772 799 1952 839; x_wconf 86' lang='lat' dir='ltr'>gemmas</span> <span class='ocrx_word' id='word_1_97' title='bbox 1988 789 2070 826; x_wconf 83' lang='lat' dir='ltr'>luto</span> 
     </span>
     <span class='ocr_line' id='line_1_11' title="bbox 88 851 2069 908; baseline -0.005 -11"><span class='ocrx_word' id='word_1_98' title='bbox 88 857 260 908; x_wconf 91' lang='lat' dir='ltr'>quodam</span> <span class='ocrx_word' id='word_1_99' title='bbox 292 857 424 904; x_wconf 82' lang='lat' dir='ltr'>infici,</span> <span class='ocrx_word' id='word_1_100' title='bbox 469 855 710 906; x_wconf 81' lang='lat' dir='ltr'>colligendas</span> <span class='ocrx_word' id='word_1_101' title='bbox 745 867 816 894; x_wconf 90' lang='lat' dir='ltr'>seu</span> <span class='ocrx_word' id='word_1_102' title='bbox 846 856 980 906; x_wconf 88' lang='lat' dir='ltr'>potius</span> <span class='ocrx_word' id='word_1_103' title='bbox 1007 853 1272 905; x_wconf 83' lang='lat' dir='ltr'>detergendas</span> <span class='ocrx_word' id='word_1_104' title='bbox 1304 853 1389 890; x_wconf 90' lang='lat' dir='ltr'>illas</span> <span class='ocrx_word' id='word_1_105' title='bbox 1427 852 1554 902; x_wconf 90' lang='lat' dir='ltr'>primo</span> <span class='ocrx_word' id='word_1_106' title='bbox 1596 851 1758 900; x_wconf 87' lang='lat' dir='ltr'>quidem</span> <span class='ocrx_word' id='word_1_107' title='bbox 1792 851 1838 889; x_wconf 88' lang='lat' dir='ltr'>ad</span> <span class='ocrx_word' id='word_1_108' title='bbox 1869 852 2069 900; x_wconf 87' lang='lat' dir='ltr'>privatum</span> 
     </span>
     <span class='ocr_line' id='line_1_12' title="bbox 87 913 2070 969; baseline -0.005 -11"><span class='ocrx_word' id='word_1_109' title='bbox 87 919 342 958; x_wconf 90' lang='lat' dir='ltr'>commodum</span> <span class='ocrx_word' id='word_1_110' title='bbox 374 930 509 957; x_wconf 91' lang='lat' dir='ltr'>meum</span> <span class='ocrx_word' id='word_1_111' title='bbox 548 919 718 969; x_wconf 87' lang='lat' dir='ltr'>suscepi.</span> <span class='ocrx_word' id='word_1_112' title='bbox 749 918 890 965; x_wconf 90' lang='lat' dir='ltr'>Tunc,</span> <span class='ocrx_word' id='word_1_113' title='bbox 921 927 1005 955; x_wconf 89' lang='lat' dir='ltr'>rem</span> <span class='ocrx_word' id='word_1_114' title='bbox 1035 916 1131 955; x_wconf 90' lang='lat' dir='ltr'>mihi</span> <span class='ocrx_word' id='word_1_115' title='bbox 1165 913 1380 953; x_wconf 87' lang='lat' dir='ltr'>succedere</span> <span class='ocrx_word' id='word_1_116' title='bbox 1410 924 1480 964; x_wconf 90' lang='lat' dir='ltr'>pro</span> <span class='ocrx_word' id='word_1_117' title='bbox 1513 917 1607 950; x_wconf 86' lang='lat' dir='ltr'>voto</span> <span class='ocrx_word' id='word_1_118' title='bbox 1644 916 1865 962; x_wconf 80' lang='lat' dir='ltr'>expertus,</span> <span class='ocrx_word' id='word_1_119' title='bbox 1898 914 2070 962; x_wconf 76' lang='lat' dir='ltr'>cogitare</span> 
     </span>
     <span class='ocr_line' id='line_1_13' title="bbox 88 973 2070 1026; baseline -0.005 -6"><span class='ocrx_word' id='word_1_120' title='bbox 88 983 218 1020; x_wconf 90' lang='lat' dir='ltr'>serius</span> <span class='ocrx_word' id='word_1_121' title='bbox 246 981 295 1020; x_wconf 90' lang='lat' dir='ltr'>de</span> <span class='ocrx_word' id='word_1_122' title='bbox 324 979 658 1019; x_wconf 90' lang='lat' dir='ltr'>communicando</span> <span class='ocrx_word' id='word_1_123' title='bbox 688 980 820 1018; x_wconf 86' lang='lat' dir='ltr'>labore</span> <span class='ocrx_word' id='word_1_124' title='bbox 851 989 938 1016; x_wconf 91' lang='lat' dir='ltr'>meo</span> <span class='ocrx_word' id='word_1_125' title='bbox 966 988 1059 1016; x_wconf 88' lang='lat' dir='ltr'>cum</span> <span class='ocrx_word' id='word_1_126' title='bbox 1089 976 1257 1016; x_wconf 90' lang='lat' dir='ltr'>eruditis</span> <span class='ocrx_word' id='word_1_127' title='bbox 1286 977 1409 1026; x_wconf 88' lang='lat' dir='ltr'>coepi.</span> <span class='ocrx_word' id='word_1_128' title='bbox 1457 975 1655 1014; x_wconf 87' lang='lat' dir='ltr'>Continuo</span> <span class='ocrx_word' id='word_1_129' title='bbox 1699 985 1842 1012; x_wconf 85' lang='lat' dir='ltr'>manus</span> <span class='ocrx_word' id='word_1_130' title='bbox 1880 973 1929 1012; x_wconf 89' lang='lat' dir='ltr'>ad</span> <span class='ocrx_word' id='word_1_131' title='bbox 1971 986 2070 1024; x_wconf 76' lang='lat' dir='ltr'>opus</span> 
     </span>
     <span class='ocr_line' id='line_1_14' title="bbox 88 1036 2071 1092; baseline -0.005 -10"><span class='ocrx_word' id='word_1_132' title='bbox 88 1043 273 1091; x_wconf 64' lang='lat' dir='ltr'>admovv,</span> <span class='ocrx_word' id='word_1_133' title='bbox 306 1043 433 1092; x_wconf 89' lang='lat' dir='ltr'>iisque</span> <span class='ocrx_word' id='word_1_134' title='bbox 465 1053 562 1080; x_wconf 87' lang='lat' dir='ltr'>usus</span> <span class='ocrx_word' id='word_1_135' title='bbox 591 1041 863 1084; x_wconf 89' lang='lat' dir='ltr'>adiumentis,</span> <span class='ocrx_word' id='word_1_136' title='bbox 893 1038 942 1076; x_wconf 86' lang='lat' dir='ltr'>de.</span> <span class='ocrx_word' id='word_1_137' title='bbox 973 1037 1119 1088; x_wconf 85' lang='lat' dir='ltr'>quibus</span> <span class='ocrx_word' id='word_1_138' title='bbox 1149 1039 1314 1077; x_wconf 87' lang='lat' dir='ltr'>inferius</span> <span class='ocrx_word' id='word_1_139' title='bbox 1354 1037 1550 1076; x_wconf 86' lang='lat' dir='ltr'>disseram</span> <span class='ocrx_word' id='word_1_140' title='bbox 1583 1037 1618 1075; x_wconf 90' lang='lat' dir='ltr'>id</span> <span class='ocrx_word' id='word_1_141' title='bbox 1650 1036 1815 1075; x_wconf 83' lang='lat' dir='ltr'>demum</span> <span class='ocrx_word' id='word_1_142' title='bbox 1854 1036 1998 1086; x_wconf 83' lang='lat' dir='ltr'>perfeci</span> <span class='ocrx_word' id='word_1_143' title='bbox 2028 1041 2071 1073; x_wconf 91' lang='lat' dir='ltr'>ut</span> 
     </span>
     <span class='ocr_line' id='line_1_15' title="bbox 88 1097 2075 1152; baseline -0.005 -9"><span class='ocrx_word' id='word_1_144' title='bbox 88 1105 330 1144; x_wconf 85' lang='lat' dir='ltr'>Bibliotheca</span> <span class='ocrx_word' id='word_1_145' title='bbox 347 1104 444 1144; x_wconf 87' lang='lat' dir='ltr'>haec</span> <span class='ocrx_word' id='word_1_146' title='bbox 465 1115 568 1142; x_wconf 92' lang='lat' dir='ltr'>novo</span> <span class='ocrx_word' id='word_1_147' title='bbox 585 1106 723 1141; x_wconf 88' lang='lat' dir='ltr'>ornata</span> <span class='ocrx_word' id='word_1_148' title='bbox 745 1100 1027 1152; x_wconf 88' lang='lat' dir='ltr'>paludamento</span> <span class='ocrx_word' id='word_1_149' title='bbox 1049 1102 1088 1138; x_wconf 92' lang='lat' dir='ltr'>in</span> <span class='ocrx_word' id='word_1_150' title='bbox 1116 1101 1268 1140; x_wconf 87' lang='lat' dir='ltr'>ltaliam</span> <span class='ocrx_word' id='word_1_151' title='bbox 1292 1105 1469 1139; x_wconf 91' lang='lat' dir='ltr'>nostram</span> <span class='ocrx_word' id='word_1_152' title='bbox 1492 1100 1628 1137; x_wconf 86' lang='lat' dir='ltr'>maiori</span> <span class='ocrx_word' id='word_1_153' title='bbox 1649 1100 1772 1148; x_wconf 87' lang='lat' dir='ltr'>gratia</span> <span class='ocrx_word' id='word_1_154' title='bbox 1793 1103 1913 1148; x_wconf 86' lang='lat' dir='ltr'>atque</span> <span class='ocrx_word' id='word_1_155' title='bbox 1943 1097 2075 1135; x_wconf 87' lang='lat' dir='ltr'>docto-</span> 
     </span>
     <span class='ocr_line' id='line_1_16' title="bbox 88 1162 831 1216; baseline -0.007 -11"><span class='ocrx_word' id='word_1_156' title='bbox 88 1178 178 1206; x_wconf 91' lang='lat' dir='ltr'>rum</span> <span class='ocrx_word' id='word_1_157' title='bbox 209 1167 388 1206; x_wconf 91' lang='lat' dir='ltr'>virorum</span> <span class='ocrx_word' id='word_1_158' title='bbox 425 1167 559 1205; x_wconf 85' lang='lat' dir='ltr'>favore</span> <span class='ocrx_word' id='word_1_159' title='bbox 589 1162 831 1216; x_wconf 89' lang='lat' dir='ltr'>procederet.</span> 
     </span>
    </p>

    <p class='ocr_par' dir='ltr' id='par_1_4' title="bbox 86 1220 2077 2271">
     <span class='ocr_line' id='line_1_17' title="bbox 162 1220 2070 1280; baseline -0.005 -14"><span class='ocrx_word' id='word_1_160' title='bbox 162 1229 206 1267; x_wconf 91' lang='lat' dir='ltr'>In</span> <span class='ocrx_word' id='word_1_161' title='bbox 229 1228 292 1267; x_wconf 90' lang='lat' dir='ltr'>his</span> <span class='ocrx_word' id='word_1_162' title='bbox 312 1229 431 1280; x_wconf 86' lang='lat' dir='ltr'>igitur</span> <span class='ocrx_word' id='word_1_163' title='bbox 449 1225 688 1266; x_wconf 86' lang='lat' dir='ltr'>adornandis</span> <span class='ocrx_word' id='word_1_164' title='bbox 712 1236 832 1275; x_wconf 88' lang='lat' dir='ltr'>quam</span> <span class='ocrx_word' id='word_1_165' title='bbox 858 1225 954 1262; x_wconf 91' lang='lat' dir='ltr'>mihi</span> <span class='ocrx_word' id='word_1_166' title='bbox 977 1226 1477 1275; x_wconf 85' lang='lat' dir='ltr'>praestituerimrationem</span> <span class='ocrx_word' id='word_1_167' title='bbox 1503 1233 1612 1262; x_wconf 90' lang='lat' dir='ltr'>nunc</span> <span class='ocrx_word' id='word_1_168' title='bbox 1635 1222 1773 1272; x_wconf 89' lang='lat' dir='ltr'>paucis</span> <span class='ocrx_word' id='word_1_169' title='bbox 1791 1220 2070 1271; x_wconf 85' lang='lat' dir='ltr'>exponendum</span> 
     </span>
     <span class='ocr_line' id='line_1_18' title="bbox 88 1281 2074 1341; baseline -0.006 -12"><span class='ocrx_word' id='word_1_170' title='bbox 88 1296 163 1329; x_wconf 87' lang='lat' dir='ltr'>est.</span> <span class='ocrx_word' id='word_1_171' title='bbox 194 1291 443 1341; x_wconf 85' lang='lat' dir='ltr'>Quamquam</span> <span class='ocrx_word' id='word_1_172' title='bbox 488 1290 727 1339; x_wconf 90' lang='lat' dir='ltr'>scriptorum</span> <span class='ocrx_word' id='word_1_173' title='bbox 758 1288 916 1326; x_wconf 91' lang='lat' dir='ltr'>turbam</span> <span class='ocrx_word' id='word_1_174' title='bbox 945 1288 1062 1339; x_wconf 88' lang='lat' dir='ltr'>plane</span> <span class='ocrx_word' id='word_1_175' title='bbox 1094 1289 1295 1339; x_wconf 90' lang='lat' dir='ltr'>ingentem</span> <span class='ocrx_word' id='word_1_176' title='bbox 1326 1288 1363 1325; x_wconf 89' lang='lat' dir='ltr'>in</span> <span class='ocrx_word' id='word_1_177' title='bbox 1395 1297 1512 1336; x_wconf 88' lang='lat' dir='ltr'>opere</span> <span class='ocrx_word' id='word_1_178' title='bbox 1542 1285 1616 1323; x_wconf 87' lang='lat' dir='ltr'>hoc</span> <span class='ocrx_word' id='word_1_179' title='bbox 1659 1295 1731 1323; x_wconf 90' lang='lat' dir='ltr'>suo</span> <span class='ocrx_word' id='word_1_180' title='bbox 1766 1281 1979 1321; x_wconf 81' lang='lat' dir='ltr'>Fabricius</span> <span class='ocrx_word' id='word_1_181' title='bbox 2017 1283 2074 1318; x_wconf 92' lang='lat' dir='ltr'>in-</span> 
     </span>
     <span class='ocr_line' id='line_1_19' title="bbox 92 1344 2076 1403; baseline -0.005 -12"><span class='ocrx_word' id='word_1_182' title='bbox 92 1354 265 1400; x_wconf 82' lang='lat' dir='ltr'>struxit,·</span> <span class='ocrx_word' id='word_1_183' title='bbox 291 1353 406 1403; x_wconf 86' lang='lat' dir='ltr'>longe</span> <span class='ocrx_word' id='word_1_184' title='bbox 435 1355 570 1390; x_wconf 85' lang='lat' dir='ltr'>tamen</span> <span class='ocrx_word' id='word_1_185' title='bbox 603 1349 894 1400; x_wconf 87' lang='lat' dir='ltr'>multoplures</span> <span class='ocrx_word' id='word_1_186' title='bbox 923 1351 1194 1400; x_wconf 88' lang='lat' dir='ltr'>praetermissi</span> <span class='ocrx_word' id='word_1_187' title='bbox 1226 1352 1334 1397; x_wconf 89' lang='lat' dir='ltr'>sunt,</span> <span class='ocrx_word' id='word_1_188' title='bbox 1364 1359 1465 1399; x_wconf 90' lang='lat' dir='ltr'>quos</span> <span class='ocrx_word' id='word_1_189' title='bbox 1495 1349 1581 1385; x_wconf 86' lang='lat' dir='ltr'>sive</span> <span class='ocrx_word' id='word_1_190' title='bbox 1611 1358 1661 1385; x_wconf 73' lang='lat' dir='ltr'>ex</span> <span class='ocrx_word' id='word_1_191' title='bbox 1690 1347 1865 1384; x_wconf 88' lang='lat' dir='ltr'>vetustis</span> <span class='ocrx_word' id='word_1_192' title='bbox 1895 1344 2076 1383; x_wconf 90' lang='lat' dir='ltr'>editioni-</span> 
     </span>
     <span class='ocr_line' id='line_1_20' title="bbox 88 1407 2076 1463; baseline -0.005 -10"><span class='ocrx_word' id='word_1_193' title='bbox 88 1415 177 1463; x_wconf 90' lang='lat' dir='ltr'>bus,</span> <span class='ocrx_word' id='word_1_194' title='bbox 206 1414 292 1452; x_wconf 88' lang='lat' dir='ltr'>sive</span> <span class='ocrx_word' id='word_1_195' title='bbox 321 1425 370 1452; x_wconf 85' lang='lat' dir='ltr'>ex</span> <span class='ocrx_word' id='word_1_196' title='bbox 400 1414 507 1452; x_wconf 88' lang='lat' dir='ltr'>MSS.</span> <span class='ocrx_word' id='word_1_197' title='bbox 532 1412 746 1451; x_wconf 83' lang='lat' dir='ltr'>Codicibus</span> <span class='ocrx_word' id='word_1_198' title='bbox 774 1412 998 1450; x_wconf 88' lang='lat' dir='ltr'>adsciscere</span> <span class='ocrx_word' id='word_1_199' title='bbox 1028 1412 1123 1450; x_wconf 90' lang='lat' dir='ltr'>mihi</span> <span class='ocrx_word' id='word_1_200' title='bbox 1154 1423 1324 1463; x_wconf 92' lang='lat' dir='ltr'>pronum</span> <span class='ocrx_word' id='word_1_201' title='bbox 1355 1412 1508 1449; x_wconf 85' lang='lat' dir='ltr'>fuisset.</span> <span class='ocrx_word' id='word_1_202' title='bbox 1526 1409 1586 1448; x_wconf 78' lang='lat' dir='ltr'>Ab</span> <span class='ocrx_word' id='word_1_203' title='bbox 1617 1410 1663 1447; x_wconf 89' lang='lat' dir='ltr'>iis</span> <span class='ocrx_word' id='word_1_204' title='bbox 1686 1414 1820 1446; x_wconf 89' lang='lat' dir='ltr'>tamen</span> <span class='ocrx_word' id='word_1_205' title='bbox 1845 1408 1925 1446; x_wconf 89' lang='lat' dir='ltr'>fere</span> <span class='ocrx_word' id='word_1_206' title='bbox 1949 1407 2076 1444; x_wconf 92' lang='lat' dir='ltr'>omni-</span> 
     </span>
     <span class='ocr_line' id='line_1_21' title="bbox 86 1469 2073 1524; baseline -0.005 -10"><span class='ocrx_word' id='word_1_207' title='bbox 86 1476 163 1515; x_wconf 88' lang='lat' dir='ltr'>bus</span> <span class='ocrx_word' id='word_1_208' title='bbox 189 1476 389 1515; x_wconf 88' lang='lat' dir='ltr'>abstinere</span> <span class='ocrx_word' id='word_1_209' title='bbox 419 1477 546 1514; x_wconf 88' lang='lat' dir='ltr'>satius</span> <span class='ocrx_word' id='word_1_210' title='bbox 575 1475 699 1523; x_wconf 81' lang='lat' dir='ltr'>duxi,</span> <span class='ocrx_word' id='word_1_211' title='bbox 730 1477 866 1524; x_wconf 89' lang='lat' dir='ltr'>utpote</span> <span class='ocrx_word' id='word_1_212' title='bbox 881 1475 945 1513; x_wconf 90' lang='lat' dir='ltr'>cui</span> <span class='ocrx_word' id='word_1_213' title='bbox 976 1474 1085 1513; x_wconf 90' lang='lat' dir='ltr'>nulla</span> <span class='ocrx_word' id='word_1_214' title='bbox 1113 1475 1212 1513; x_wconf 89' lang='lat' dir='ltr'>satis</span> <span class='ocrx_word' id='word_1_215' title='bbox 1237 1473 1376 1512; x_wconf 87' lang='lat' dir='ltr'>idonea</span> <span class='ocrx_word' id='word_1_216' title='bbox 1406 1473 1504 1510; x_wconf 87' lang='lat' dir='ltr'>ratio</span> <span class='ocrx_word' id='word_1_217' title='bbox 1535 1471 1804 1517; x_wconf 87' lang='lat' dir='ltr'>succurrebat,</span> <span class='ocrx_word' id='word_1_218' title='bbox 1836 1481 1954 1520; x_wconf 90' lang='lat' dir='ltr'>quam</span> <span class='ocrx_word' id='word_1_219' title='bbox 1986 1469 2073 1506; x_wconf 89' lang='lat' dir='ltr'>aliis</span> 
     </span>
     <span class='ocr_line' id='line_1_22' title="bbox 88 1530 2075 1589; baseline -0.005 -13"><span class='ocrx_word' id='word_1_220' title='bbox 88 1537 276 1576; x_wconf 88' lang='lat' dir='ltr'>admissis</span> <span class='ocrx_word' id='word_1_221' title='bbox 305 1538 401 1576; x_wconf 89' lang='lat' dir='ltr'>alios</span> <span class='ocrx_word' id='word_1_222' title='bbox 430 1537 703 1589; x_wconf 82' lang='lat' dir='ltr'>repudiarem3</span> <span class='ocrx_word' id='word_1_223' title='bbox 735 1536 1082 1575; x_wconf 87' lang='lat' dir='ltr'>indiscriminatim</span> <span class='ocrx_word' id='word_1_224' title='bbox 1112 1548 1207 1575; x_wconf 83' lang='lat' dir='ltr'>vero</span> <span class='ocrx_word' id='word_1_225' title='bbox 1236 1545 1378 1574; x_wconf 84' lang='lat' dir='ltr'>omnes</span> <span class='ocrx_word' id='word_1_226' title='bbox 1407 1533 1603 1572; x_wconf 87' lang='lat' dir='ltr'>invehens</span> <span class='ocrx_word' id='word_1_227' title='bbox 1632 1544 1701 1583; x_wconf 90' lang='lat' dir='ltr'>pro</span> <span class='ocrx_word' id='word_1_228' title='bbox 1730 1543 1775 1570; x_wconf 94' lang='lat' dir='ltr'>eo</span> <span class='ocrx_word' id='word_1_229' title='bbox 1805 1531 1909 1581; x_wconf 84' lang='lat' dir='ltr'>quod</span> <span class='ocrx_word' id='word_1_230' title='bbox 1940 1530 2075 1568; x_wconf 87' lang='lat' dir='ltr'>mode—</span> 
     </span>
     <span class='ocr_line' id='line_1_23' title="bbox 89 1594 2074 1645; baseline -0.004 -9"><span class='ocrx_word' id='word_1_231' title='bbox 89 1602 174 1637; x_wconf 89' lang='lat' dir='ltr'>rato</span> <span class='ocrx_word' id='word_1_232' title='bbox 202 1599 474 1638; x_wconf 88' lang='lat' dir='ltr'>additamento</span> <span class='ocrx_word' id='word_1_233' title='bbox 501 1599 788 1638; x_wconf 86' lang='lat' dir='ltr'>Bibliothecam</span> <span class='ocrx_word' id='word_1_234' title='bbox 826 1599 1097 1637; x_wconf 88' lang='lat' dir='ltr'>Fabricianam</span> <span class='ocrx_word' id='word_1_235' title='bbox 1141 1608 1378 1645; x_wconf 88' lang='lat' dir='ltr'>ornassem,</span> <span class='ocrx_word' id='word_1_236' title='bbox 1409 1597 1613 1634; x_wconf 85' lang='lat' dir='ltr'>nimietate</span> <span class='ocrx_word' id='word_1_237' title='bbox 1648 1595 1757 1645; x_wconf 87' lang='lat' dir='ltr'>gravi</span> <span class='ocrx_word' id='word_1_238' title='bbox 1802 1594 1906 1632; x_wconf 89' lang='lat' dir='ltr'>illam</span> <span class='ocrx_word' id='word_1_239' title='bbox 1942 1594 2074 1643; x_wconf 84' lang='lat' dir='ltr'>potius</span> 
     </span>
     <span class='ocr_line' id='line_1_24' title="bbox 87 1655 2073 1711; baseline -0.004 -12"><span class='ocrx_word' id='word_1_240' title='bbox 87 1662 403 1711; x_wconf 78' lang='lat' dir='ltr'>oppressissen13</span> <span class='ocrx_word' id='word_1_241' title='bbox 434 1672 566 1711; x_wconf 89' lang='lat' dir='ltr'>neque</span> <span class='ocrx_word' id='word_1_242' title='bbox 597 1665 693 1699; x_wconf 89' lang='lat' dir='ltr'>tunc</span> <span class='ocrx_word' id='word_1_243' title='bbox 722 1660 768 1699; x_wconf 88' lang='lat' dir='ltr'>ad</span> <span class='ocrx_word' id='word_1_244' title='bbox 801 1658 985 1698; x_wconf 75' lang='lat' dir='ltr'>Fabricii</span> <span class='ocrx_word' id='word_1_245' title='bbox 1023 1659 1307 1699; x_wconf 80' lang='lat' dir='ltr'>Bibliothecam</span> <span class='ocrx_word' id='word_1_246' title='bbox 1345 1658 1567 1697; x_wconf 82' lang='lat' dir='ltr'>additiones</span> <span class='ocrx_word' id='word_1_247' title='bbox 1598 1668 1733 1706; x_wconf 88' lang='lat' dir='ltr'>meas,</span> <span class='ocrx_word' id='word_1_248' title='bbox 1764 1655 1835 1694; x_wconf 91' lang='lat' dir='ltr'>sed</span> <span class='ocrx_word' id='word_1_249' title='bbox 1865 1655 1910 1694; x_wconf 86' lang='lat' dir='ltr'>ad</span> <span class='ocrx_word' id='word_1_250' title='bbox 1943 1666 2073 1693; x_wconf 87' lang='lat' dir='ltr'>meam</span> 
     </span>
     <span class='ocr_line' id='line_1_25' title="bbox 87 1719 2076 1773; baseline -0.003 -13"><span class='ocrx_word' id='word_1_251' title='bbox 87 1723 221 1773; x_wconf 90' lang='lat' dir='ltr'>potius</span> <span class='ocrx_word' id='word_1_252' title='bbox 249 1722 501 1761; x_wconf 86' lang='lat' dir='ltr'>Fabricianas</span> <span class='ocrx_word' id='word_1_253' title='bbox 521 1722 736 1761; x_wconf 84' lang='lat' dir='ltr'>dedissem.</span> <span class='ocrx_word' id='word_1_254' title='bbox 758 1724 815 1761; x_wconf 85' lang='lat' dir='ltr'>Eo</span> <span class='ocrx_word' id='word_1_255' title='bbox 847 1723 965 1772; x_wconf 89' lang='lat' dir='ltr'>igitur</span> <span class='ocrx_word' id='word_1_256' title='bbox 999 1725 1163 1762; x_wconf 83' lang='lat' dir='ltr'>consilio</span> <span class='ocrx_word' id='word_1_257' title='bbox 1187 1722 1392 1773; x_wconf 81' lang='lat' dir='ltr'>augendae</span> <span class='ocrx_word' id='word_1_258' title='bbox 1430 1722 1669 1771; x_wconf 85' lang='lat' dir='ltr'>scriptorum</span> <span class='ocrx_word' id='word_1_259' title='bbox 1698 1719 1865 1758; x_wconf 86' lang='lat' dir='ltr'>familiae</span> <span class='ocrx_word' id='word_1_260' title='bbox 1892 1719 1929 1755; x_wconf 91' lang='lat' dir='ltr'>in</span> <span class='ocrx_word' id='word_1_261' title='bbox 1964 1728 2076 1768; x_wconf 87' lang='lat' dir='ltr'>prae-</span> 
     </span>
     <span class='ocr_line' id='line_1_26' title="bbox 91 1781 2076 1836; baseline -0.003 -14"><span class='ocrx_word' id='word_1_262' title='bbox 91 1795 187 1823; x_wconf 91' lang='lat' dir='ltr'>sens</span> <span class='ocrx_word' id='word_1_263' title='bbox 217 1785 365 1823; x_wconf 89' lang='lat' dir='ltr'>omisso</span> <span class='ocrx_word' id='word_1_264' title='bbox 393 1786 484 1834; x_wconf 91' lang='lat' dir='ltr'>(nisi</span> <span class='ocrx_word' id='word_1_265' title='bbox 514 1785 618 1836; x_wconf 88' lang='lat' dir='ltr'>quod</span> <span class='ocrx_word' id='word_1_266' title='bbox 651 1786 720 1823; x_wconf 92' lang='lat' dir='ltr'>uni</span> <span class='ocrx_word' id='word_1_267' title='bbox 748 1785 814 1823; x_wconf 88' lang='lat' dir='ltr'>vel</span> <span class='ocrx_word' id='word_1_268' title='bbox 844 1785 959 1823; x_wconf 79' lang='lat' dir='ltr'>alteri</span> <span class='ocrx_word' id='word_1_269' title='bbox 990 1784 1026 1822; x_wconf 93' lang='lat' dir='ltr'>id</span> <span class='ocrx_word' id='word_1_270' title='bbox 1057 1787 1206 1835; x_wconf 86' lang='lat' dir='ltr'>gratiae</span> <span class='ocrx_word' id='word_1_271' title='bbox 1230 1785 1368 1823; x_wconf 89' lang='lat' dir='ltr'>datum</span> <span class='ocrx_word' id='word_1_272' title='bbox 1399 1788 1462 1823; x_wconf 90' lang='lat' dir='ltr'>est</span> <span class='ocrx_word' id='word_1_273' title='bbox 1492 1783 1632 1821; x_wconf 89' lang='lat' dir='ltr'>idonea</span> <span class='ocrx_word' id='word_1_274' title='bbox 1656 1782 1787 1831; x_wconf 85' lang='lat' dir='ltr'>aliqua</span> <span class='ocrx_word' id='word_1_275' title='bbox 1817 1781 1968 1819; x_wconf 90' lang='lat' dir='ltr'>ratione</span> <span class='ocrx_word' id='word_1_276' title='bbox 1986 1791 2076 1818; x_wconf 88' lang='lat' dir='ltr'>sua-</span> 
     </span>
     <span class='ocr_line' id='line_1_27' title="bbox 90 1843 2074 1897; baseline -0.004 -11"><span class='ocrx_word' id='word_1_277' title='bbox 90 1846 223 1896; x_wconf 88' lang='lat' dir='ltr'>dente)</span> <span class='ocrx_word' id='word_1_278' title='bbox 254 1845 483 1897; x_wconf 85' lang='lat' dir='ltr'>rejectoque</span> <span class='ocrx_word' id='word_1_279' title='bbox 512 1858 558 1885; x_wconf 90' lang='lat' dir='ltr'>eo</span> <span class='ocrx_word' id='word_1_280' title='bbox 582 1846 854 1885; x_wconf 89' lang='lat' dir='ltr'>additamento</span> <span class='ocrx_word' id='word_1_281' title='bbox 877 1846 926 1885; x_wconf 91' lang='lat' dir='ltr'>ad</span> <span class='ocrx_word' id='word_1_282' title='bbox 955 1846 1295 1897; x_wconf 87' lang='lat' dir='ltr'>supplementum,</span> <span class='ocrx_word' id='word_1_283' title='bbox 1325 1845 1431 1896; x_wconf 88' lang='lat' dir='ltr'>quod</span> <span class='ocrx_word' id='word_1_284' title='bbox 1461 1844 1509 1884; x_wconf 87' lang='lat' dir='ltr'>ad</span> <span class='ocrx_word' id='word_1_285' title='bbox 1535 1849 1697 1894; x_wconf 89' lang='lat' dir='ltr'>tempus</span> <span class='ocrx_word' id='word_1_286' title='bbox 1727 1843 1861 1893; x_wconf 88' lang='lat' dir='ltr'>aptius</span> <span class='ocrx_word' id='word_1_287' title='bbox 1890 1853 2074 1889; x_wconf 62' lang='lat' dir='ltr'>reservo,</span> 
     </span>
     <span class='ocr_line' id='line_1_28' title="bbox 92 1904 2077 1960; baseline -0.003 -13"><span class='ocrx_word' id='word_1_288' title='bbox 92 1920 155 1947; x_wconf 89' lang='lat' dir='ltr'>me</span> <span class='ocrx_word' id='word_1_289' title='bbox 172 1913 300 1948; x_wconf 90' lang='lat' dir='ltr'>totum</span> <span class='ocrx_word' id='word_1_290' title='bbox 322 1910 424 1948; x_wconf 84' lang='lat' dir='ltr'>intra</span> <span class='ocrx_word' id='word_1_291' title='bbox 441 1909 513 1947; x_wconf 92' lang='lat' dir='ltr'>hos</span> <span class='ocrx_word' id='word_1_292' title='bbox 530 1908 631 1947; x_wconf 83' lang='lat' dir='ltr'>fines</span> <span class='ocrx_word' id='word_1_293' title='bbox 641 1910 833 1957; x_wconf 84' lang='lat' dir='ltr'>contraxi,</span> <span class='ocrx_word' id='word_1_294' title='bbox 850 1913 895 1947; x_wconf 93' lang='lat' dir='ltr'>ut</span> <span class='ocrx_word' id='word_1_295' title='bbox 909 1910 1133 1960; x_wconf 80' lang='lat' dir='ltr'>catalogum</span> <span class='ocrx_word' id='word_1_296' title='bbox 1150 1909 1338 1947; x_wconf 89' lang='lat' dir='ltr'>librorum</span> <span class='ocrx_word' id='word_1_297' title='bbox 1356 1919 1376 1946; x_wconf 91' lang='lat' dir='ltr'>a</span> <span class='ocrx_word' id='word_1_298' title='bbox 1403 1907 1571 1958; x_wconf 89' lang='lat' dir='ltr'>singulis</span> <span class='ocrx_word' id='word_1_299' title='bbox 1595 1905 1855 1955; x_wconf 86' lang='lat' dir='ltr'>scriptoribus</span> <span class='ocrx_word' id='word_1_300' title='bbox 1869 1904 2077 1949; x_wconf 83' lang='lat' dir='ltr'>editorum,</span> 
     </span>
     <span class='ocr_line' id='line_1_29' title="bbox 91 1968 2073 2021; baseline -0.004 -12"><span class='ocrx_word' id='word_1_301' title='bbox 91 1972 124 2009; x_wconf 89' lang='lat' dir='ltr'>si</span> <span class='ocrx_word' id='word_1_302' title='bbox 147 1982 267 2021; x_wconf 90' lang='lat' dir='ltr'>quem</span> <span class='ocrx_word' id='word_1_303' title='bbox 286 1971 386 2010; x_wconf 90' lang='lat' dir='ltr'>forte</span> <span class='ocrx_word' id='word_1_304' title='bbox 403 1982 591 2009; x_wconf 89' lang='lat' dir='ltr'>mancum</span> <span class='ocrx_word' id='word_1_305' title='bbox 608 1970 712 2021; x_wconf 91' lang='lat' dir='ltr'>apud</span> <span class='ocrx_word' id='word_1_306' title='bbox 730 1969 965 2009; x_wconf 76' lang='lat' dir='ltr'>Fabricium</span> <span class='ocrx_word' id='word_1_307' title='bbox 987 1976 1129 2010; x_wconf 88' lang='lat' dir='ltr'>nactus</span> <span class='ocrx_word' id='word_1_308' title='bbox 1151 1982 1239 2009; x_wconf 90' lang='lat' dir='ltr'>sum</span> <span class='ocrx_word' id='word_1_309' title='bbox 1257 1972 1412 2019; x_wconf 85' lang='lat' dir='ltr'>(nactus</span> <span class='ocrx_word' id='word_1_310' title='bbox 1432 1974 1567 2008; x_wconf 88' lang='lat' dir='ltr'>autem</span> <span class='ocrx_word' id='word_1_311' title='bbox 1585 1979 1675 2006; x_wconf 89' lang='lat' dir='ltr'>sum</span> <span class='ocrx_word' id='word_1_312' title='bbox 1693 1979 1772 2005; x_wconf 91' lang='lat' dir='ltr'>non</span> <span class='ocrx_word' id='word_1_313' title='bbox 1790 1968 2073 2015; x_wconf 62' lang='lat' dir='ltr'>infrequenter,</span> 
     </span>
     <span class='ocr_line' id='line_1_30' title="bbox 92 2029 2076 2084; baseline -0.004 -12"><span class='ocrx_word' id='word_1_314' title='bbox 92 2044 213 2083; x_wconf 90' lang='lat' dir='ltr'>quam</span> <span class='ocrx_word' id='word_1_315' title='bbox 234 2034 539 2072; x_wconf 87' lang='lat' dir='ltr'>accuratissime</span> <span class='ocrx_word' id='word_1_316' title='bbox 560 2033 792 2083; x_wconf 78' lang='lat' dir='ltr'>perficerem</span> <span class='ocrx_word' id='word_1_317' title='bbox 814 2038 935 2083; x_wconf 89' lang='lat' dir='ltr'>atque</span> <span class='ocrx_word' id='word_1_318' title='bbox 956 2034 1198 2084; x_wconf 89' lang='lat' dir='ltr'>supplerem.</span> <span class='ocrx_word' id='word_1_319' title='bbox 1220 2034 1385 2073; x_wconf 85' lang='lat' dir='ltr'>Certum</span> <span class='ocrx_word' id='word_1_320' title='bbox 1407 2037 1569 2082; x_wconf 90' lang='lat' dir='ltr'>tempus</span> <span class='ocrx_word' id='word_1_321' title='bbox 1590 2041 1668 2080; x_wconf 90' lang='lat' dir='ltr'>quo</span> <span class='ocrx_word' id='word_1_322' title='bbox 1698 2031 1913 2080; x_wconf 83' lang='lat' dir='ltr'>scriptores</span> <span class='ocrx_word' id='word_1_323' title='bbox 1935 2029 1987 2066; x_wconf 88' lang='lat' dir='ltr'>illi</span> <span class='ocrx_word' id='word_1_324' title='bbox 2008 2029 2076 2066; x_wconf 79' lang='lat' dir='ltr'>tlo-</span> 
     </span>
     <span class='ocr_line' id='line_1_31' title="bbox 94 2092 2076 2146; baseline -0.005 -11"><span class='ocrx_word' id='word_1_325' title='bbox 94 2100 264 2135; x_wconf 80' lang='lat' dir='ltr'>ruerunt</span> <span class='ocrx_word' id='word_1_326' title='bbox 292 2095 514 2144; x_wconf 81' lang='lat' dir='ltr'>definirem·⁷</span> <span class='ocrx_word' id='word_1_327' title='bbox 546 2096 836 2146; x_wconf 82' lang='lat' dir='ltr'>distinguerem</span> <span class='ocrx_word' id='word_1_328' title='bbox 857 2097 1016 2135; x_wconf 90' lang='lat' dir='ltr'>nomina</span> <span class='ocrx_word' id='word_1_329' title='bbox 1039 2101 1079 2134; x_wconf 89' lang='lat' dir='ltr'>et</span> <span class='ocrx_word' id='word_1_330' title='bbox 1099 2097 1220 2135; x_wconf 86' lang='lat' dir='ltr'>libros</span> <span class='ocrx_word' id='word_1_331' title='bbox 1242 2096 1290 2134; x_wconf 88' lang='lat' dir='ltr'>ibi</span> <span class='ocrx_word' id='word_1_332' title='bbox 1312 2095 1513 2142; x_wconf 69' lang='lat' dir='ltr'>confusos,</span> <span class='ocrx_word' id='word_1_333' title='bbox 1535 2092 1680 2131; x_wconf 88' lang='lat' dir='ltr'>menda</span> <span class='ocrx_word' id='word_1_334' title='bbox 1702 2092 1953 2141; x_wconf 81' lang='lat' dir='ltr'>corrigerem,</span> <span class='ocrx_word' id='word_1_335' title='bbox 1975 2101 2076 2139; x_wconf 88' lang='lat' dir='ltr'>quae</span> 
     </span>
     <span class='ocr_line' id='line_1_32' title="bbox 92 2153 2074 2209; baseline -0.005 -12"><span class='ocrx_word' id='word_1_336' title='bbox 92 2159 230 2208; x_wconf 87' lang='lat' dir='ltr'>utique</span> <span class='ocrx_word' id='word_1_337' title='bbox 264 2157 409 2196; x_wconf 90' lang='lat' dir='ltr'>menda</span> <span class='ocrx_word' id='word_1_338' title='bbox 432 2159 464 2196; x_wconf 90' lang='lat' dir='ltr'>si</span> <span class='ocrx_word' id='word_1_339' title='bbox 493 2159 683 2197; x_wconf 87' lang='lat' dir='ltr'>brevibus</span> <span class='ocrx_word' id='word_1_340' title='bbox 715 2158 944 2209; x_wconf 84' lang='lat' dir='ltr'>indigebant</span> <span class='ocrx_word' id='word_1_341' title='bbox 973 2159 1037 2197; x_wconf 87' lang='lat' dir='ltr'>vel</span> <span class='ocrx_word' id='word_1_342' title='bbox 1068 2160 1106 2197; x_wconf 92' lang='lat' dir='ltr'>in</span> <span class='ocrx_word' id='word_1_343' title='bbox 1138 2160 1222 2209; x_wconf 86' lang='lat' dir='ltr'>ipso</span> <span class='ocrx_word' id='word_1_344' title='bbox 1243 2162 1370 2205; x_wconf 76' lang='lat' dir='ltr'>textu,</span> <span class='ocrx_word' id='word_1_345' title='bbox 1392 2157 1456 2195; x_wconf 89' lang='lat' dir='ltr'>vel</span> <span class='ocrx_word' id='word_1_346' title='bbox 1478 2155 1612 2195; x_wconf 88' lang='lat' dir='ltr'>addita</span> <span class='ocrx_word' id='word_1_347' title='bbox 1642 2154 1690 2193; x_wconf 87' lang='lat' dir='ltr'>ad</span> <span class='ocrx_word' id='word_1_348' title='bbox 1716 2155 1936 2204; x_wconf 86' lang='lat' dir='ltr'>marginem</span> <span class='ocrx_word' id='word_1_349' title='bbox 1964 2153 2074 2190; x_wconf 87' lang='lat' dir='ltr'>brevi</span> 
     </span>
     <span class='ocr_line' id='line_1_33' title="bbox 92 2214 2074 2271; baseline -0.004 -13"><span class='ocrx_word' id='word_1_350' title='bbox 92 2224 185 2258; x_wconf 89' lang='lat' dir='ltr'>nota</span> <span class='ocrx_word' id='word_1_351' title='bbox 203 2221 385 2267; x_wconf 85' lang='lat' dir='ltr'>correxi;</span> <span class='ocrx_word' id='word_1_352' title='bbox 409 2231 510 2269; x_wconf 89' lang='lat' dir='ltr'>quae</span> <span class='ocrx_word' id='word_1_353' title='bbox 535 2231 629 2258; x_wconf 87' lang='lat' dir='ltr'>vero</span> <span class='ocrx_word' id='word_1_354' title='bbox 659 2231 702 2258; x_wconf 86' lang='lat' dir='ltr'>se</span> <span class='ocrx_word' id='word_1_355' title='bbox 733 2221 852 2259; x_wconf 89' lang='lat' dir='ltr'>latius</span> <span class='ocrx_word' id='word_1_356' title='bbox 876 2221 1130 2271; x_wconf 87' lang='lat' dir='ltr'>proferebant</span> <span class='ocrx_word' id='word_1_357' title='bbox 1145 2220 1401 2259; x_wconf 87' lang='lat' dir='ltr'>adnotatione</span> <span class='ocrx_word' id='word_1_358' title='bbox 1434 2224 1477 2258; x_wconf 89' lang='lat' dir='ltr'>ut</span> <span class='ocrx_word' id='word_1_359' title='bbox 1503 2219 1654 2268; x_wconf 84' lang='lat' dir='ltr'>reliqua</span> <span class='ocrx_word' id='word_1_360' title='bbox 1685 2217 1818 2254; x_wconf 85' lang='lat' dir='ltr'>omnia</span> <span class='ocrx_word' id='word_1_361' title='bbox 1851 2214 2074 2254; x_wconf 83' lang='lat' dir='ltr'>emendavi.</span> 
     </span>
    </p>

    <p class='ocr_par' dir='ltr' id='par_1_5' title="bbox 89 2276 2076 3379">
     <span class='ocr_line' id='line_1_34' title="bbox 179 2276 2073 2333; baseline -0.004 -14"><span class='ocrx_word' id='word_1_362' title='bbox 179 2282 221 2320; x_wconf 86' lang='lat' dir='ltr'>ln</span> <span class='ocrx_word' id='word_1_363' title='bbox 254 2282 394 2332; x_wconf 90' lang='lat' dir='ltr'>primis</span> <span class='ocrx_word' id='word_1_364' title='bbox 424 2294 518 2320; x_wconf 86' lang='lat' dir='ltr'>vero</span> <span class='ocrx_word' id='word_1_365' title='bbox 547 2283 740 2320; x_wconf 86' lang='lat' dir='ltr'>rationem</span> <span class='ocrx_word' id='word_1_366' title='bbox 771 2282 996 2321; x_wconf 88' lang='lat' dir='ltr'>habendam</span> <span class='ocrx_word' id='word_1_367' title='bbox 1023 2281 1198 2333; x_wconf 85' lang='lat' dir='ltr'>judicavi</span> <span class='ocrx_word' id='word_1_368' title='bbox 1244 2282 1293 2321; x_wconf 90' lang='lat' dir='ltr'>de</span> <span class='ocrx_word' id='word_1_369' title='bbox 1338 2282 1422 2320; x_wconf 88' lang='lat' dir='ltr'>loco</span> <span class='ocrx_word' id='word_1_370' title='bbox 1451 2292 1529 2331; x_wconf 87' lang='lat' dir='ltr'>quo</span> <span class='ocrx_word' id='word_1_371' title='bbox 1558 2278 1783 2319; x_wconf 85' lang='lat' dir='ltr'>recudenda</span> <span class='ocrx_word' id='word_1_372' title='bbox 1813 2282 1926 2324; x_wconf 89' lang='lat' dir='ltr'>erat,</span> <span class='ocrx_word' id='word_1_373' title='bbox 1957 2281 1996 2314; x_wconf 90' lang='lat' dir='ltr'>et</span> <span class='ocrx_word' id='word_1_374' title='bbox 2025 2276 2073 2313; x_wconf 84' lang='lat' dir='ltr'>de</span> 
     </span>
     <span class='ocr_line' id='line_1_35' title="bbox 93 2339 2074 2394; baseline -0.004 -12"><span class='ocrx_word' id='word_1_375' title='bbox 93 2343 258 2383; x_wconf 82' lang='lat' dir='ltr'>authore</span> <span class='ocrx_word' id='word_1_376' title='bbox 274 2346 341 2394; x_wconf 91' lang='lat' dir='ltr'>qui</span> <span class='ocrx_word' id='word_1_377' title='bbox 367 2344 439 2382; x_wconf 90' lang='lat' dir='ltr'>sibi</span> <span class='ocrx_word' id='word_1_378' title='bbox 462 2355 550 2382; x_wconf 88' lang='lat' dir='ltr'>eam</span> <span class='ocrx_word' id='word_1_379' title='bbox 575 2346 819 2394; x_wconf 89' lang='lat' dir='ltr'>provinciam</span> <span class='ocrx_word' id='word_1_380' title='bbox 835 2345 1100 2383; x_wconf 90' lang='lat' dir='ltr'>Bibliothecae</span> <span class='ocrx_word' id='word_1_381' title='bbox 1117 2344 1237 2383; x_wconf 85' lang='lat' dir='ltr'>huius</span> <span class='ocrx_word' id='word_1_382' title='bbox 1257 2343 1517 2394; x_wconf 75' lang='lat' dir='ltr'>expoliendae</span> <span class='ocrx_word' id='word_1_383' title='bbox 1538 2345 1827 2391; x_wconf 66' lang='lat' dir='ltr'>assumpserat,</span> <span class='ocrx_word' id='word_1_384' title='bbox 1844 2339 1892 2377; x_wconf 91' lang='lat' dir='ltr'>de</span> <span class='ocrx_word' id='word_1_385' title='bbox 1909 2350 1972 2376; x_wconf 89' lang='lat' dir='ltr'>me</span> <span class='ocrx_word' id='word_1_386' title='bbox 1990 2339 2074 2388; x_wconf 88' lang='lat' dir='ltr'>ipso</span> 
     </span>
     <span class='ocr_line' id='line_1_36' title="bbox 93 2401 2074 2454; baseline -0.004 -11"><span class='ocrx_word' id='word_1_387' title='bbox 93 2406 273 2454; x_wconf 81' lang='lat' dir='ltr'>scilicet3</span> <span class='ocrx_word' id='word_1_388' title='bbox 309 2416 353 2444; x_wconf 89' lang='lat' dir='ltr'>ac</span> <span class='ocrx_word' id='word_1_389' title='bbox 382 2405 431 2443; x_wconf 89' lang='lat' dir='ltr'>de</span> <span class='ocrx_word' id='word_1_390' title='bbox 461 2406 584 2444; x_wconf 90' lang='lat' dir='ltr'>Italia.</span> <span class='ocrx_word' id='word_1_391' title='bbox 614 2406 955 2446; x_wconf 72' lang='lat' dir='ltr'>Heterodoxorum</span> <span class='ocrx_word' id='word_1_392' title='bbox 987 2408 1111 2445; x_wconf 88' lang='lat' dir='ltr'>sacris</span> <span class='ocrx_word' id='word_1_393' title='bbox 1140 2406 1297 2446; x_wconf 85' lang='lat' dir='ltr'>addicto</span> <span class='ocrx_word' id='word_1_394' title='bbox 1326 2404 1514 2444; x_wconf 80' lang='lat' dir='ltr'>Fabricio</span> <span class='ocrx_word' id='word_1_395' title='bbox 1554 2403 1745 2442; x_wconf 89' lang='lat' dir='ltr'>nonnulla</span> <span class='ocrx_word' id='word_1_396' title='bbox 1775 2401 2009 2441; x_wconf 78' lang='lat' dir='ltr'>exciderunt</span> <span class='ocrx_word' id='word_1_397' title='bbox 2035 2401 2074 2437; x_wconf 87' lang='lat' dir='ltr'>in</span> 
     </span>
     <span class='ocr_line' id='line_1_37' title="bbox 92 2462 2072 2520; baseline -0.004 -15"><span class='ocrx_word' id='word_1_398' title='bbox 92 2467 312 2505; x_wconf 89' lang='lat' dir='ltr'>Ecclesiam</span> <span class='ocrx_word' id='word_1_399' title='bbox 345 2467 608 2515; x_wconf 87' lang='lat' dir='ltr'>Catholicam,</span> <span class='ocrx_word' id='word_1_400' title='bbox 639 2468 676 2505; x_wconf 92' lang='lat' dir='ltr'>in</span> <span class='ocrx_word' id='word_1_401' title='bbox 705 2478 838 2506; x_wconf 89' lang='lat' dir='ltr'>sacros</span> <span class='ocrx_word' id='word_1_402' title='bbox 868 2468 1077 2516; x_wconf 86' lang='lat' dir='ltr'>homines,</span> <span class='ocrx_word' id='word_1_403' title='bbox 1107 2474 1228 2520; x_wconf 89' lang='lat' dir='ltr'>atque</span> <span class='ocrx_word' id='word_1_404' title='bbox 1253 2471 1291 2507; x_wconf 94' lang='lat' dir='ltr'>in</span> <span class='ocrx_word' id='word_1_405' title='bbox 1314 2479 1496 2508; x_wconf 90' lang='lat' dir='ltr'>summos</span> <span class='ocrx_word' id='word_1_406' title='bbox 1523 2468 1724 2506; x_wconf 86' lang='lat' dir='ltr'>Romanae</span> <span class='ocrx_word' id='word_1_407' title='bbox 1752 2463 1956 2503; x_wconf 84' lang='lat' dir='ltr'>Ecclesiae</span> <span class='ocrx_word' id='word_1_408' title='bbox 1991 2462 2072 2499; x_wconf 88' lang='lat' dir='ltr'>hie-</span> 
     </span>
     <span class='ocr_line' id='line_1_38' title="bbox 98 2522 2074 2582; baseline -0.003 -17"><span class='ocrx_word' id='word_1_409' title='bbox 98 2538 230 2566; x_wconf 86' lang='lat' dir='ltr'>rareas</span> <span class='ocrx_word' id='word_1_410' title='bbox 264 2529 397 2577; x_wconf 90' lang='lat' dir='ltr'>iniqua</span> <span class='ocrx_word' id='word_1_411' title='bbox 426 2534 466 2567; x_wconf 89' lang='lat' dir='ltr'>et</span> <span class='ocrx_word' id='word_1_412' title='bbox 487 2530 692 2578; x_wconf 70' lang='lat' dir='ltr'>iniuriosa,</span> <span class='ocrx_word' id='word_1_413' title='bbox 715 2529 811 2568; x_wconf 87' lang='lat' dir='ltr'>haec</span> <span class='ocrx_word' id='word_1_414' title='bbox 836 2532 868 2569; x_wconf 91' lang='lat' dir='ltr'>si</span> <span class='ocrx_word' id='word_1_415' title='bbox 889 2531 1005 2569; x_wconf 91' lang='lat' dir='ltr'>unico</span> <span class='ocrx_word' id='word_1_416' title='bbox 1023 2531 1144 2570; x_wconf 86' lang='lat' dir='ltr'>verbo</span> <span class='ocrx_word' id='word_1_417' title='bbox 1158 2531 1486 2582; x_wconf 83' lang='lat' dir='ltr'>expediebantur,</span> <span class='ocrx_word' id='word_1_418' title='bbox 1503 2528 1660 2569; x_wconf 88' lang='lat' dir='ltr'>authori</span> <span class='ocrx_word' id='word_1_419' title='bbox 1678 2525 1920 2564; x_wconf 77' lang='lat' dir='ltr'>heterodoxo</span> <span class='ocrx_word' id='word_1_420' title='bbox 1947 2522 2074 2560; x_wconf 80' lang='lat' dir='ltr'>indul—</span> 
     </span>
     <span class='ocr_line' id='line_1_39' title="bbox 102 2585 2076 2644; baseline -0.003 -18"><span class='ocrx_word' id='word_1_421' title='bbox 102 2588 229 2638; x_wconf 82' lang='lat' dir='ltr'>genda</span> <span class='ocrx_word' id='word_1_422' title='bbox 248 2591 398 2628; x_wconf 87' lang='lat' dir='ltr'>censui.</span> <span class='ocrx_word' id='word_1_423' title='bbox 430 2591 651 2629; x_wconf 89' lang='lat' dir='ltr'>Potuissem</span> <span class='ocrx_word' id='word_1_424' title='bbox 670 2591 766 2630; x_wconf 89' lang='lat' dir='ltr'>haec</span> <span class='ocrx_word' id='word_1_425' title='bbox 784 2592 916 2642; x_wconf 88' lang='lat' dir='ltr'>inipso</span> <span class='ocrx_word' id='word_1_426' title='bbox 933 2603 1051 2643; x_wconf 86' lang='lat' dir='ltr'>opere</span> <span class='ocrx_word' id='word_1_427' title='bbox 1075 2604 1317 2644; x_wconf 84' lang='lat' dir='ltr'>expungere,</span> <span class='ocrx_word' id='word_1_428' title='bbox 1334 2597 1470 2643; x_wconf 84' lang='lat' dir='ltr'>utpote</span> <span class='ocrx_word' id='word_1_429' title='bbox 1486 2602 1588 2641; x_wconf 89' lang='lat' dir='ltr'>quae</span> <span class='ocrx_word' id='word_1_430' title='bbox 1604 2589 1651 2628; x_wconf 92' lang='lat' dir='ltr'>ad</span> <span class='ocrx_word' id='word_1_431' title='bbox 1669 2591 1723 2626; x_wconf 84' lang='lat' dir='ltr'>rei</span> <span class='ocrx_word' id='word_1_432' title='bbox 1740 2597 1939 2626; x_wconf 80' lang='lat' dir='ltr'>summam</span> <span class='ocrx_word' id='word_1_433' title='bbox 1963 2585 2076 2621; x_wconf 89' lang='lat' dir='ltr'>mini-</span> 
     </span>
     <span class='ocr_line' id='line_1_40' title="bbox 97 2647 2075 2705; baseline -0.003 -18"><span class='ocrx_word' id='word_1_434' title='bbox 97 2660 160 2687; x_wconf 90' lang='lat' dir='ltr'>me</span> <span class='ocrx_word' id='word_1_435' title='bbox 176 2650 433 2700; x_wconf 67' lang='lat' dir='ltr'>pertinerent,</span> <span class='ocrx_word' id='word_1_436' title='bbox 466 2652 639 2702; x_wconf 88' lang='lat' dir='ltr'>religioni</span> <span class='ocrx_word' id='word_1_437' title='bbox 666 2658 799 2691; x_wconf 85' lang='lat' dir='ltr'>tamen</span> <span class='ocrx_word' id='word_1_438' title='bbox 830 2653 926 2693; x_wconf 81' lang='lat' dir='ltr'>duxi</span> <span class='ocrx_word' id='word_1_439' title='bbox 957 2666 1006 2693; x_wconf 87' lang='lat' dir='ltr'>nc</span> <span class='ocrx_word' id='word_1_440' title='bbox 1036 2655 1131 2705; x_wconf 89' lang='lat' dir='ltr'>quid</span> <span class='ocrx_word' id='word_1_441' title='bbox 1160 2654 1388 2694; x_wconf 88' lang='lat' dir='ltr'>huiusmodi</span> <span class='ocrx_word' id='word_1_442' title='bbox 1406 2654 1584 2699; x_wconf 83' lang='lat' dir='ltr'>molirer,</span> <span class='ocrx_word' id='word_1_443' title='bbox 1607 2650 1778 2689; x_wconf 85' lang='lat' dir='ltr'>invidiae</span> <span class='ocrx_word' id='word_1_444' title='bbox 1794 2647 1896 2699; x_wconf 88' lang='lat' dir='ltr'>apud</span> <span class='ocrx_word' id='word_1_445' title='bbox 1921 2647 2075 2684; x_wconf 84' lang='lat' dir='ltr'>hetero-</span> 
     </span>
     <span class='ocr_line' id='line_1_41' title="bbox 95 2710 2075 2767; baseline -0.001 -20"><span class='ocrx_word' id='word_1_446' title='bbox 95 2710 222 2748; x_wconf 78' lang='lat' dir='ltr'>doxos</span> <span class='ocrx_word' id='word_1_447' title='bbox 250 2710 507 2750; x_wconf 85' lang='lat' dir='ltr'>declinandae</span> <span class='ocrx_word' id='word_1_448' title='bbox 536 2715 659 2762; x_wconf 83' lang='lat' dir='ltr'>gratia</span> <span class='ocrx_word' id='word_1_449' title='bbox 681 2726 690 2761; x_wconf 86' lang='lat'>·,</span> <span class='ocrx_word' id='word_1_450' title='bbox 715 2725 764 2752; x_wconf 88' lang='lat' dir='ltr'>ne</span> <span class='ocrx_word' id='word_1_451' title='bbox 795 2715 889 2753; x_wconf 88' lang='lat' dir='ltr'>mihi</span> <span class='ocrx_word' id='word_1_452' title='bbox 919 2717 1021 2767; x_wconf 87' lang='lat' dir='ltr'>apud</span> <span class='ocrx_word' id='word_1_453' title='bbox 1056 2717 1142 2755; x_wconf 88' lang='lat' dir='ltr'>illos</span> <span class='ocrx_word' id='word_1_454' title='bbox 1174 2716 1250 2754; x_wconf 89' lang='lat' dir='ltr'>doli</span> <span class='ocrx_word' id='word_1_455' title='bbox 1282 2716 1372 2754; x_wconf 88' lang='lat' dir='ltr'>mali</span> <span class='ocrx_word' id='word_1_456' title='bbox 1403 2715 1671 2765; x_wconf 85' lang='lat' dir='ltr'>suspicionem</span> <span class='ocrx_word' id='word_1_457' title='bbox 1714 2721 1903 2750; x_wconf 83' lang='lat' dir='ltr'>crearem.</span> <span class='ocrx_word' id='word_1_458' title='bbox 1936 2710 2075 2747; x_wconf 87' lang='lat' dir='ltr'>Caete-</span> 
     </span>
     <span class='ocr_line' id='line_1_42' title="bbox 95 2769 2072 2828; baseline -0.002 -19"><span class='ocrx_word' id='word_1_459' title='bbox 95 2783 183 2810; x_wconf 88' lang='lat' dir='ltr'>rum</span> <span class='ocrx_word' id='word_1_460' title='bbox 215 2772 333 2810; x_wconf 88' lang='lat' dir='ltr'>vclim</span> <span class='ocrx_word' id='word_1_461' title='bbox 364 2773 529 2811; x_wconf 84' lang='lat' dir='ltr'>credant</span> <span class='ocrx_word' id='word_1_462' title='bbox 558 2774 702 2812; x_wconf 86' lang='lat' dir='ltr'>eruditi</span> <span class='ocrx_word' id='word_1_463' title='bbox 734 2787 796 2814; x_wconf 90' lang='lat' dir='ltr'>me</span> <span class='ocrx_word' id='word_1_464' title='bbox 825 2777 890 2815; x_wconf 89' lang='lat' dir='ltr'>illa</span> <span class='ocrx_word' id='word_1_465' title='bbox 919 2780 1049 2816; x_wconf 89' lang='lat' dir='ltr'>omnia</span> <span class='ocrx_word' id='word_1_466' title='bbox 1080 2778 1326 2828; x_wconf 89' lang='lat' dir='ltr'>petulantius</span> <span class='ocrx_word' id='word_1_467' title='bbox 1358 2779 1395 2814; x_wconf 92' lang='lat' dir='ltr'>in</span> <span class='ocrx_word' id='word_1_468' title='bbox 1427 2787 1491 2814; x_wconf 89' lang='lat' dir='ltr'>res</span> <span class='ocrx_word' id='word_1_469' title='bbox 1528 2780 1686 2813; x_wconf 86' lang='lat' dir='ltr'>nostras</span> <span class='ocrx_word' id='word_1_470' title='bbox 1724 2773 1829 2810; x_wconf 82' lang='lat' dir='ltr'>dicta</span> <span class='ocrx_word' id='word_1_471' title='bbox 1866 2783 1915 2809; x_wconf 64' lang='lat' dir='ltr'>rx</span> <span class='ocrx_word' id='word_1_472' title='bbox 1952 2769 2072 2807; x_wconf 79' lang='lat' dir='ltr'>eorde</span> 
     </span>
     <span class='ocr_line' id='line_1_43' title="bbox 93 2832 2074 2885; baseline -0.002 -14"><span class='ocrx_word' id='word_1_473' title='bbox 93 2833 295 2873; x_wconf 86' lang='lat' dir='ltr'>detestari.</span> <span class='ocrx_word' id='word_1_474' title='bbox 327 2833 429 2879; x_wconf 91' lang='lat' dir='ltr'>Quin</span> <span class='ocrx_word' id='word_1_475' title='bbox 459 2839 499 2873; x_wconf 89' lang='lat' dir='ltr'>et</span> <span class='ocrx_word' id='word_1_476' title='bbox 543 2836 579 2872; x_wconf 93' lang='lat' dir='ltr'>in</span> <span class='ocrx_word' id='word_1_477' title='bbox 610 2847 727 2885; x_wconf 90' lang='lat' dir='ltr'>opere</span> <span class='ocrx_word' id='word_1_478' title='bbox 753 2835 836 2885; x_wconf 86' lang='lat' dir='ltr'>jam</span> <span class='ocrx_word' id='word_1_479' title='bbox 867 2839 1027 2877; x_wconf 88' lang='lat' dir='ltr'>tandem</span> <span class='ocrx_word' id='word_1_480' title='bbox 1059 2840 1193 2878; x_wconf 85' lang='lat' dir='ltr'>Italico</span> <span class='ocrx_word' id='word_1_481' title='bbox 1223 2843 1263 2877; x_wconf 87' lang='lat' dir='ltr'>et</span> <span class='ocrx_word' id='word_1_482' title='bbox 1291 2839 1339 2876; x_wconf 89' lang='lat' dir='ltr'>ab</span> <span class='ocrx_word' id='word_1_483' title='bbox 1370 2838 1528 2875; x_wconf 89' lang='lat' dir='ltr'>homine</span> <span class='ocrx_word' id='word_1_484' title='bbox 1559 2835 1760 2875; x_wconf 80' lang='lat' dir='ltr'>Catliolieo</span> <span class='ocrx_word' id='word_1_485' title='bbox 1792 2837 1929 2872; x_wconf 78' lang='lat' dir='ltr'>curato</span> <span class='ocrx_word' id='word_1_486' title='bbox 1960 2832 2074 2870; x_wconf 84' lang='lat' dir='ltr'>aliter</span> 
     </span>
     <span class='ocr_line' id='line_1_44' title="bbox 94 2896 2074 2951; baseline -0.002 -17"><span class='ocrx_word' id='word_1_487' title='bbox 94 2896 191 2935; x_wconf 87' lang='lat' dir='ltr'>haec</span> <span class='ocrx_word' id='word_1_488' title='bbox 226 2897 347 2947; x_wconf 83' lang='lat' dir='ltr'>accipi</span> <span class='ocrx_word' id='word_1_489' title='bbox 378 2896 494 2944; x_wconf 67' lang='lat' dir='ltr'>volo,</span> <span class='ocrx_word' id='word_1_490' title='bbox 525 2908 569 2935; x_wconf 92' lang='lat' dir='ltr'>ac</span> <span class='ocrx_word' id='word_1_491' title='bbox 599 2897 690 2934; x_wconf 88' lang='lat' dir='ltr'>olim</span> <span class='ocrx_word' id='word_1_492' title='bbox 731 2899 768 2935; x_wconf 92' lang='lat' dir='ltr'>in</span> <span class='ocrx_word' id='word_1_493' title='bbox 803 2909 920 2948; x_wconf 88' lang='lat' dir='ltr'>opere</span> <span class='ocrx_word' id='word_1_494' title='bbox 954 2901 1158 2951; x_wconf 87' lang='lat' dir='ltr'>scriptoris</span> <span class='ocrx_word' id='word_1_495' title='bbox 1201 2899 1430 2939; x_wconf 79' lang='lat' dir='ltr'>heterodoxi</span> <span class='ocrx_word' id='word_1_496' title='bbox 1465 2896 1833 2947; x_wconf 83' lang='lat' dir='ltr'>Hamburgensibus</span> <span class='ocrx_word' id='word_1_497' title='bbox 1868 2896 1975 2945; x_wconf 68' lang='lat' dir='ltr'>typis</span> <span class='ocrx_word' id='word_1_498' title='bbox 2007 2906 2074 2931; x_wconf 73' lang='lat' dir='ltr'>ex-</span> 
     </span>
     <span class='ocr_line' id='line_1_45' title="bbox 97 2957 2074 3010; baseline -0.002 -14"><span class='ocrx_word' id='word_1_499' title='bbox 97 2962 280 3008; x_wconf 89' lang='lat' dir='ltr'>prompto</span> <span class='ocrx_word' id='word_1_500' title='bbox 307 2957 513 2996; x_wconf 87' lang='lat' dir='ltr'>sonabant.</span> <span class='ocrx_word' id='word_1_501' title='bbox 547 2958 709 3009; x_wconf 80' lang='lat' dir='ltr'>Papalis</span> <span class='ocrx_word' id='word_1_502' title='bbox 739 2959 910 3010; x_wconf 72' lang='lat' dir='ltr'>tyranni,</span> <span class='ocrx_word' id='word_1_503' title='bbox 943 2962 980 2998; x_wconf 92' lang='lat' dir='ltr'>in</span> <span class='ocrx_word' id='word_1_504' title='bbox 1011 2973 1077 3000; x_wconf 86' lang='lat' dir='ltr'>ore</span> <span class='ocrx_word' id='word_1_505' title='bbox 1107 2963 1380 3007; x_wconf 85' lang='lat' dir='ltr'>l’rotestantis,</span> <span class='ocrx_word' id='word_1_506' title='bbox 1408 2971 1512 2998; x_wconf 91' lang='lat' dir='ltr'>nunc</span> <span class='ocrx_word' id='word_1_507' title='bbox 1544 2959 1705 3010; x_wconf 88' lang='lat' dir='ltr'>perinde</span> <span class='ocrx_word' id='word_1_508' title='bbox 1735 2959 1868 2996; x_wconf 87' lang='lat' dir='ltr'>valere</span> <span class='ocrx_word' id='word_1_509' title='bbox 1895 2957 2012 3006; x_wconf 83' lang='lat' dir='ltr'>jubeo</span> <span class='ocrx_word' id='word_1_510' title='bbox 2030 2966 2074 2993; x_wconf 81' lang='lat' dir='ltr'>ae</span> 
     </span>
     <span class='ocr_line' id='line_1_46' title="bbox 89 3018 2067 3072; baseline -0.002 -15"><span class='ocrx_word' id='word_1_511' title='bbox 89 3019 204 3069; x_wconf 79' lang='lat' dir='ltr'>juxta</span> <span class='ocrx_word' id='word_1_512' title='bbox 224 3024 264 3057; x_wconf 92' lang='lat' dir='ltr'>et</span> <span class='ocrx_word' id='word_1_513' title='bbox 295 3018 497 3058; x_wconf 85' lang='lat' dir='ltr'>moderata</span> <span class='ocrx_word' id='word_1_514' title='bbox 527 3020 728 3058; x_wconf 80' lang='lat' dir='ltr'>Ecclesiae.</span> <span class='ocrx_word' id='word_1_515' title='bbox 758 3021 1003 3070; x_wconf 69' lang='lat' dir='ltr'>gubernati03</span> <span class='ocrx_word' id='word_1_516' title='bbox 1036 3023 1328 3062; x_wconf 72' lang='lat' dir='ltr'>Cathole&#39;corum</span> <span class='ocrx_word' id='word_1_517' title='bbox 1358 3020 1588 3072; x_wconf 73' lang='lat' dir='ltr'>superstitio</span> <span class='ocrx_word' id='word_1_518' title='bbox 1614 3022 1666 3059; x_wconf 90' lang='lat' dir='ltr'>sit</span> <span class='ocrx_word' id='word_1_519' title='bbox 1688 3031 1892 3060; x_wconf 80' lang='lat' dir='ltr'>sacrorum</span> <span class='ocrx_word' id='word_1_520' title='bbox 1918 3019 2067 3056; x_wconf 87' lang='lat' dir='ltr'>rituum</span> 
     </span>
     <span class='ocr_line' id='line_1_47' title="bbox 93 3080 2071 3134; baseline -0.002 -15"><span class='ocrx_word' id='word_1_521' title='bbox 93 3082 373 3132; x_wconf 83' lang='lat' dir='ltr'>Apostolorum</span> <span class='ocrx_word' id='word_1_522' title='bbox 403 3086 442 3119; x_wconf 90' lang='lat' dir='ltr'>et</span> <span class='ocrx_word' id='word_1_523' title='bbox 472 3083 622 3120; x_wconf 87' lang='lat' dir='ltr'>veteris</span> <span class='ocrx_word' id='word_1_524' title='bbox 651 3083 852 3121; x_wconf 84' lang='lat' dir='ltr'>Ecclesiae</span> <span class='ocrx_word' id='word_1_525' title='bbox 881 3086 1117 3125; x_wconf 82' lang='lat' dir='ltr'>auctoritate</span> <span class='ocrx_word' id='word_1_526' title='bbox 1146 3084 1399 3134; x_wconf 86' lang='lat' dir='ltr'>probatorum</span> <span class='ocrx_word' id='word_1_527' title='bbox 1432 3084 1658 3134; x_wconf 73' lang='lat' dir='ltr'>religiosum</span> <span class='ocrx_word' id='word_1_528' title='bbox 1685 3088 1720 3121; x_wconf 86' lang='lat' dir='ltr'>et</span> <span class='ocrx_word' id='word_1_529' title='bbox 1740 3087 1930 3120; x_wconf 73' lang='lat' dir='ltr'>constans</span> <span class='ocrx_word' id='word_1_530' title='bbox 1960 3080 2071 3117; x_wconf 78' lang='lat' dir='ltr'>obse-</span> 
     </span>
     <span class='ocr_line' id='line_1_48' title="bbox 95 3142 2070 3193; baseline -0.002 -12"><span class='ocrx_word' id='word_1_531' title='bbox 95 3145 246 3193; x_wconf 87' lang='lat' dir='ltr'>quium.</span> <span class='ocrx_word' id='word_1_532' title='bbox 277 3143 316 3182; x_wconf 91' lang='lat' dir='ltr'>Si</span> <span class='ocrx_word' id='word_1_533' title='bbox 348 3143 446 3181; x_wconf 86' lang='lat' dir='ltr'>forte</span> <span class='ocrx_word' id='word_1_534' title='bbox 476 3147 610 3181; x_wconf 86' lang='lat' dir='ltr'>tamen</span> <span class='ocrx_word' id='word_1_535' title='bbox 649 3143 848 3182; x_wconf 86' lang='lat' dir='ltr'>interdum</span> <span class='ocrx_word' id='word_1_536' title='bbox 881 3155 958 3182; x_wconf 91' lang='lat' dir='ltr'>non</span> <span class='ocrx_word' id='word_1_537' title='bbox 989 3146 1121 3184; x_wconf 84' lang='lat' dir='ltr'>verbis</span> <span class='ocrx_word' id='word_1_538' title='bbox 1163 3146 1440 3184; x_wconf 86' lang='lat' dir='ltr'>tantummodo</span> <span class='ocrx_word' id='word_1_539' title='bbox 1484 3145 1552 3183; x_wconf 84' lang='lat' dir='ltr'>sed</span> <span class='ocrx_word' id='word_1_540' title='bbox 1599 3145 1816 3183; x_wconf 81' lang='lat' dir='ltr'>rationibus</span> <span class='ocrx_word' id='word_1_541' title='bbox 1865 3142 2070 3180; x_wconf 76' lang='lat' dir='ltr'>nobiseum</span> 
     </span>
     <span class='ocr_line' id='line_1_49' title="bbox 98 3203 2068 3255; baseline -0.003 -12"><span class='ocrx_word' id='word_1_542' title='bbox 98 3203 298 3255; x_wconf 84' lang='lat' dir='ltr'>agendum</span> <span class='ocrx_word' id='word_1_543' title='bbox 328 3203 545 3243; x_wconf 78' lang='lat' dir='ltr'>Fabricius</span> <span class='ocrx_word' id='word_1_544' title='bbox 577 3206 750 3254; x_wconf 83' lang='lat' dir='ltr'>censuit·⁷</span> <span class='ocrx_word' id='word_1_545' title='bbox 782 3211 877 3244; x_wconf 91' lang='lat' dir='ltr'>tunc</span> <span class='ocrx_word' id='word_1_546' title='bbox 910 3207 945 3243; x_wconf 89' lang='lat' dir='ltr'>in</span> <span class='ocrx_word' id='word_1_547' title='bbox 977 3206 1297 3246; x_wconf 83' lang='lat' dir='ltr'>adnotationibus</span> <span class='ocrx_word' id='word_1_548' title='bbox 1327 3209 1426 3247; x_wconf 88' lang='lat' dir='ltr'>meis</span> <span class='ocrx_word' id='word_1_549' title='bbox 1450 3210 1623 3246; x_wconf 76' lang='lat' dir='ltr'>rationes</span> <span class='ocrx_word' id='word_1_550' title='bbox 1644 3206 1862 3245; x_wconf 84' lang='lat' dir='ltr'>rationibus</span> <span class='ocrx_word' id='word_1_551' title='bbox 1887 3204 2068 3254; x_wconf 78' lang='lat' dir='ltr'>opposni;</span> 
     </span>
     <span class='ocr_line' id='line_1_50' title="bbox 97 3265 2070 3318; baseline -0.001 -15"><span class='ocrx_word' id='word_1_552' title='bbox 97 3265 429 3316; x_wconf 84' lang='lat' dir='ltr'>exultantemquc</span> <span class='ocrx_word' id='word_1_553' title='bbox 460 3265 733 3305; x_wconf 85' lang='lat' dir='ltr'>adversarium</span> <span class='ocrx_word' id='word_1_554' title='bbox 765 3268 996 3318; x_wconf 83' lang='lat' dir='ltr'>scriptorem</span> <span class='ocrx_word' id='word_1_555' title='bbox 1028 3272 1195 3308; x_wconf 67' lang='lat' dir='ltr'>caerem.</span> <span class='ocrx_word' id='word_1_556' title='bbox 1229 3270 1448 3309; x_wconf 84' lang='lat' dir='ltr'>Fatendum</span> <span class='ocrx_word' id='word_1_557' title='bbox 1479 3275 1542 3308; x_wconf 89' lang='lat' dir='ltr'>est</span> <span class='ocrx_word' id='word_1_558' title='bbox 1572 3275 1704 3307; x_wconf 81' lang='lat' dir='ltr'>tamen</span> <span class='ocrx_word' id='word_1_559' title='bbox 1737 3267 1936 3305; x_wconf 76' lang='lat' dir='ltr'>moderata</span> <span class='ocrx_word' id='word_1_560' title='bbox 1980 3277 2070 3301; x_wconf 71' lang='lat' dir='ltr'>rnn-</span> 
     </span>
     <span class='ocr_line' id='line_1_51' title="bbox 97 3326 2067 3379; baseline 0.002 -15"><span class='ocrx_word' id='word_1_561' title='bbox 97 3327 181 3366; x_wconf 81' lang='lat' dir='ltr'>silia</span> <span class='ocrx_word' id='word_1_562' title='bbox 215 3326 445 3367; x_wconf 77' lang='lat' dir='ltr'>Fabricium</span> <span class='ocrx_word' id='word_1_563' title='bbox 475 3329 710 3378; x_wconf 75' lang='lat' dir='ltr'>plerumque</span> <span class='ocrx_word' id='word_1_564' title='bbox 743 3330 869 3379; x_wconf 68' lang='lat' dir='ltr'>sequi:</span> <span class='ocrx_word' id='word_1_565' title='bbox 899 3330 965 3378; x_wconf 81' lang='lat' dir='ltr'>qui</span> <span class='ocrx_word' id='word_1_566' title='bbox 998 3342 1091 3369; x_wconf 78' lang='lat' dir='ltr'>vero</span> <span class='ocrx_word' id='word_1_567' title='bbox 1124 3332 1403 3371; x_wconf 70' lang='lat' dir='ltr'>Biblioiherani</span> <span class='ocrx_word' id='word_1_568' title='bbox 1435 3334 1519 3370; x_wconf 68' lang='lat' dir='ltr'>eins</span> <span class='ocrx_word' id='word_1_569' title='bbox 1550 3332 1714 3369; x_wconf 65' lang='lat' dir='ltr'>absolvit</span> <span class='ocrx_word' id='word_1_570' title='bbox 1753 3327 2067 3376; x_wconf 61' lang='lat' dir='ltr'>Srliocih’fn’n“115</span> 
     </span>
    </p>
   </div>
  </div>
 </body>
</html>
