2500 4009
374 219 452 257 3¹46

377 290 477 326 tione
493 287 667 339 alicujus
685 285 778 324 libri
799 286 851 323 ita
875 284 993 334 loqui,
1004 287 1048 322 nt
1061 274 1338 323 necessarium

375 351 428 389 sit
464 350 729 401 eaepose'torem
761 345 884 397 ipsius
914 345 1176 396 eaepositionis
1218 358 1341 398 quae-

378 424 478 450 rere.
511 413 565 449 :xit
591 413 627 446 in
652 407 894 446 ,ilattlzaenm
915 409 1126 457 scripsisse
1151 419 1214 457 se,
1232 408 1339 459 quod

378 474 527 510 videret
552 471 836 519 Hieronymum
861 469 988 507 multa
1007 470 1128 508 verba
1154 472 1269 521 quasi
1286 471 1342 509 le-

384 536 444 570 via
474 530 746 581 prasi-teriissc:
778 531 845 580 qui
870 530 1002 579 labor,
1032 531 1070 569 si
1085 530 1250 582 placeat
1275 543 1342 570 vo-

381 593 461 631 his.
488 592 640 640 inquit,
672 590 726 629 (αἱ
748 591 1013 642 Euansselinm
1037 594 1225 641 Joannis,
1256 605 1341 631 ma-

379 666 469 691 num
492 652 662 701 mictum,
688 653 793 704 quod
810 653 1065 705 Augustinus
1083 655 1259 705 aquilam
1280 666 1344 694 se—

378 726 508 764 quens
533 726 652 765 prope
670 716 797 754 nubes
813 715 1033 754 incedendo
1054 717 1177 755 multa
1196 718 1344 756 intucta

379 777 486 814 velut
509 782 601 815 nota
623 778 809 816 omnibus
825 779 1154 828 praetermiserit.
1176 779 1280 817 Nam
1305 778 1346 817 in

378 840 505 877 Marco
530 850 604 876 non
625 843 685 877 est
704 839 974 878 neeessariwn
998 851 1162 878 manum
1190 839 1345 878 mittere

378 904 467 950 post
492 899 825 940 beatumBedam.
857 902 904 939 In
921 903 1026 940 Luca
1044 914 1197 953 qnoque
1227 902 1346 941 audio

377 966 474 1012 post.
500 964 539 1001 S.
564 963 845 1011 Ambrosium,
872 963 1038 1002 eundem
1064 964 1239 1013 Bedam,
1262 976 1347 1002 wici—

381 1036 473 1062 num
499 1025 667 1064 misisse.
691 1025 770 1064 Sed
788 1037 863 1063 non
878 1026 994 1076 potui
1014 1026 1190 1065 invenire
1215 1026 1346 1065 adhuc

383 1086 421 1123 in
442 1087 528 1137 ejzts
553 1087 798 1137 erpositione
822 1088 902 1127 nisi
929 1088 1128 1139 quasdam
1149 1090 1345 1128 homilias.

382 1148 428 1186 si
452 1160 542 1186 vero
564 1160 632 1186 nec
653 1149 836 1187 invenero
855 1179 863 1197 ,
885 1154 924 1188 et
943 1153 1119 1188 vestrum
1145 1150 1319 1188 omnium
1334 1182 1345 1199 ,

380 1209 594 1247 cohortatio
622 1210 812 1260 affuerit,
839 1214 875 1248 et
897 1211 936 1249 in
965 1211 1035 1249 lzoc
1059 1223 1214 1263 qnoque
1240 1211 1348 1250 labo-

380 1283 477 1309 rare
508 1270 673 1309 tentabo.
709 1274 764 1310 De
793 1277 924 1311 aetate
955 1273 1075 1323 hujus
1112 1275 1344 1319 Druthmari

384 1344 543 1370 monere
560 1332 702 1382 juvat,
727 1345 815 1372 eam
839 1346 862 1373 a
886 1337 983 1373 viris
1004 1336 1131 1374 doctis
1162 1348 1344 1377 eommu-

384 1395 486 1431 niter
502 1395 635 1432 referri
654 1400 741 1444 post
759 1397 965 1435 saeculum
984 1397 1161 1437 medium
1184 1410 1349 1450 nonum,

385 1455 488 1504 quod
511 1457 593 1505 ipse
616 1467 702 1507 cap.
727 1458 789 1495 36.
815 1460 1060 1497 mentionem
1087 1460 1179 1498 facit
1207 1461 1352 1512 Bulga-

390 1528 521 1555 rorum
558 1518 608 1556 ad
643 1520 794 1557 Cilristi
833 1531 945 1559 sacra
983 1521 1276 1572 adductorum,
1306 1534 1352 1562 ae

384 1578 558 1627 quotidie
574 1581 780 1619 solitorum
797 1582 986 1632 baptizari
1005 1584 1059 1632 a),
1079 1584 1185 1634 quod
1206 1584 1352 1623 Cedre-

385 1651 463 1678 nus
478 1641 526 1679 ab
543 1641 615 1679 An.
634 1643 726 1681 845.
747 1644 824 1681 Leo
841 1646 1137 1683 Grammaticus
1156 1657 1240 1696 pag.
1261 1645 1350 1685 462.

384 1701 459 1739 An.
483 1703 571 1741 8157.
597 1710 734 1742 auctor
754 1707 860 1743 vitae
876 1707 1006 1744 Basilii
1025 1706 1250 1745 Macedonis
1266 1718 1353 1757 cap.

387 1764 449 1801 65.
472 1777 508 1814 p.
540 1765 622 1803 ¹64.
649 1766 802 1804 felicius
821 1768 924 1804 circa
940 1766 1102 1804 Annum
1125 1767 1214 1804 870.
1240 1767 1354 1816 ajunt

386 1827 612 1875 contigisse.
634 1827 841 1865 Notandus
859 1832 898 1865 ct
916 1828 1026 1866 locus
1043 1828 1106 1866 hic
1122 1829 1355 1867 Druthmari

385 1891 493 1924 tomo
514 1888 584 1925 XV
602 1888 786 1926 Biblioth.
803 1890 964 1928 Patrum
982 1901 1068 1940 pag.
1090 1891 1177 1929 469.
1193 1890 1240 1929 ad
1259 1892 1357 1930 Mat-

385 1948 442 1985 th.
468 1950 629 1987 xxvii.
663 1949 698 1988 7.
730 1960 877 2000 ecyrum
903 1950 1035 2003 siquli]
1076 1951 1180 1990 Tunc
1205 1951 1286 2004 fuit
1316 1952 1358 1991 in

386 2009 636 2059 sepulturam
664 2012 1002 2061 pereqrinorum,
1045 2016 1083 2051 et
1115 2013 1226 2052 modo
1252 2014 1355 2053 idem

389 2069 495 2107 locus
535 2070 726 2120 hospitale
771 2071 920 2110 dicitnr
964 2074 1247 2122 Francorum,
1287 2074 1359 2112 ubi

389 2132 561 2177 tempore
587 2130 779 2168 CAROLI
796 2131 914 2170 villas
935 2131 1098 2180 habuit,
1125 2135 1355 2174 concedente

392 2187 454 2224 illo
475 2199 564 2237 reye
579 2201 654 2238 pro
678 2202 813 2227 (tinore
844 2192 992 2229 Caroli.
1016 2193 1128 2231 Modo
1146 2194 1357 2234 solummo-

392 2247 438 2283 do
458 2248 504 2285 (le
524 2248 768 2300 eleemosyna
795 2251 1124 2292 Cle-z'stianorzmz
1145 2256 1303 2306 vivunt,
1323 2261 1360 2295 et

393 2308 471 2358 ipsi
500 2310 684 2348 „ilonacln'
710 2315 747 2349 et
776 2312 1039 2353 civili-eelz'entes.
1082 2317 1159 2355 Sed
1195 2320 1355 2356 omnino

393 2370 552 2409 videtur
568 2371 820 2412 reducendus
837 2375 884 2412 ad
903 2378 1109 2416 saeculum
1128 2379 1264 2417 labens
1284 2391 1356 2418 un-

392 2431 607 2480 decimum,
633 2439 671 2471 et
696 2435 743 2472 ad
770 2436 945 2485 Gregorii
972 2441 1129 2488 sept-inii
1156 2445 1353 2490 tempora,

391 2493 588 2541 siquidem
612 2507 688 2533 non
713 2497 815 2535 alius
839 2503 926 2546 est,
953 2511 1072 2548 quain
1099 2501 1353 2540 Christianus

389 2555 656 2595 Druthniarus
687 2563 847 2606 noster,
891 2561 957 2609 qui
989 2560 1200 2612 Anonymo
1230 2565 1353 2602 Melli-

388 2618 496 2654 eensi
521 2618 846 2660 GVHJMUNDL'S
867 2624 994 2672 capite
1013 2625 1100 2662 402.
1122 2625 1170 2663 dc
1186 2629 1354 2677 scripto-

393 2677 502 2715 ribus
527 2680 816 2721 Ecclesiasticis
835 2697 842 2721 .·
870 2684 1208 2727 GUIDJIL'XDUS
1229 2689 1357 2739 quiet

392 2739 493 2779 CIIR
500 2741 547 2779 IS
555 2741 584 2778 T
582 2741 630 2779 [Α
639 2743 754 2793 Nes,
772 2745 904 2795 primo
922 2746 962 2784 in
976 2748 1217 2789 Moncisterio
1238 2751 1353 2790 5121-

443 2915 476 2953 a)
496 2916 575 2957 Cap.
598 2918 651 2949 56.
676 2921 716 2951 ad
741 2921 1038 2956 Matthaeumiom.
1055 2926 1354 2958 xvnibiioth.1‘a-

383 2967 470 3017 irum
496 2974 571 3006 pag.
603 2967 673 2999 158.
697 2971 884 3003 Nescimus
901 2973 984 3011 jam
1000 2979 1121 3015 {lentes
1145 2975 1208 3007 sub
1233 2977 1354 3016 coele,

384 3021 421 3041 in
444 3021 513 3052 qua
539 3017 742 3049 Christiani
764 3030 837 3051 non
853 3022 1065 3056 habeantur.
1084 3027 1164 3056 Nam
1183 3026 1267 3056 etin
1287 3027 1356 3065 Gog

384 3065 414 3090 ei
439 3063 471 3092 in
498 3066 613 3105 magog
631 3092 642 3106 ,
667 3077 754 3107 quae
781 3075 859 3101 sunt
885 3077 1000 3110 gentes
1024 3077 1242 3112 Hunnorum,
1271 3082 1357 3114 quae

391 3109 432 3164 :ib
458 3113 503 3142 eis
528 3116 641 3147 Gazari
667 3123 840 3151 vocantur.
866 3124 937 3152 Jam
960 3132 1028 3154 una
1050 3132 1154 3163 gens,
1181 3131 1267 3163 quac
1295 3123 1360 3154 sor-

388 3161 453 3188 ιιοι·
476 3167 545 3193 erat
560 3187 568 3201 ‚
591 3173 628 3196 ex
644 3166 696 3197 liis
709 3191 718 3205 ‚
742 3177 826 3207 quas
845 3171 1031 3203 Alexander
1046 3173 1272 3210 conduxerat,
1290 3173 1359 3203 cir-

389 3211 533 3241 cumcisa
557 3219 628 3251 est,
655 3220 685 3247 et
711 3227 845 3250 omnem
871 3220 1079 3254 Judaisinum
1094 3223 1264 3255 observat.
1282 3221 1361 3252 Bul-

387 3260 469 3295 garii
494 3268 646 3302 quoque,
667 3268 726 3304 qni
751 3273 782 3299 el
807 3270 880 3308 ipsi
903 3280 948 3301 es
966 3272 1131 3310 {lentibus
1149 3275 1231 3303 sunl
1249 3294 1259 3310 ,
1283 3274 1359 3301 cot-

391 3306 478 3336 tidie
502 3307 744 3348 baptizantur.

1108 216 1642 255 CHRISTIANUS

1415 286 1649 325 BULENSI
1666 287 1882 326 Monaclms
1903 286 2008 339 fuit,
2033 285 2105 325 ubi
2131 286 2224 325 ditm
2247 286 2381 342 Abbes

1419 348 1618 396 constitui,
1635 352 1754 400 atque
1768 348 1822 388 ad
1834 348 2007 388 alterum
2024 348 2150 387 locum
2165 348 2384 399 reyendum

1419 409 1527 448 mitti
1553 408 1770 459 debuisset,
1800 408 1983 462 aiifuyit,
2012 410 2266 462 iynotamque
2289 422 2386 463 pro-

1415 471 1594 510 vinciam
1626 475 1834 523 appetens,
1861 484 1908 510 nc
1935 476 2072 523 posset
2104 471 2285 524 agynosci,
2318 484 2387 511 no-

1417 544 1506 572 men
1528 534 1701 572 mutavit
1723 533 1764 572 in
1784 533 1925 573 melius
1941 565 1952 583 ,
1973 545 2185 586 assumens
2208 533 2391 574 videlicet

1419 595 1797 637 CHRISTIANITA
1809 596 1887 635 TIS
1923 595 2164 635 vocabulum
2182 627 2193 645 ,
2235 596 2388 636 cunctis

1419 669 1623 697 commune
1642 657 1840 710 fidelibus.
1862 658 2031 707 Tandem
2054 670 2149 697 vero
2164 658 2387 711 requisitus

1420 724 1457 758 et
1476 724 1661 772 repertus
1681 718 1754 759 sub
1765 720 1953 770 Gregorio
1969 721 2051 760 VII.
2062 718 2243 759 Aversae
2260 723 2320 759 est
2328 719 2374 773 sa

1425 785 1513 821 ctus
1537 781 1758 832 Episcopus
1779 782 1811 830 a)
1821 811 1833 830 ,
1850 781 2087 833 scripsitque
2109 779 2311 833 fratribus
2325 792 2392 820 su-

1419 843 1602 897 pradicti
1612 843 2176 894 Monasleriiexplanationem
2190 844 2391 894 egregiam

1423 919 1546 958 super
1561 906 1828 957 Evangelium
1842 905 1992 944 secund
2000 917 2065 944 um
2080 904 2390 954 MATTHAEUM,

1422 970 1464 1008 in
1488 967 1604 1018 cujus
1629 967 1932 1020 eoeplanatiom's
1952 965 2143 1018 proloyo,
2174 977 2296 1018 super
2318 967 2396 1006 ,ΙΟ-

1419 1031 1613 1070 ΑΝΝἝΜ
1633 1040 1788 1081 quoque
1817 1040 1860 1068 se
1886 1028 2137 1079 scripturum
2169 1026 2395 1079 pollicetur.

1424 1093 1504 1133 Sed
1525 1096 1668 1131 utrum
1691 1091 1852 1130 minime
1875 1089 2063 1142 scripsit,
2085 1101 2140 1127 an
2162 1092 2268 1128 certe
2297 1089 2399 1128 scri-

1418 1155 1552 1207 pserit
1570 1153 1728 1206 quidem
1743 1185 1754 1202 ,
1777 1152 1884 1205 quod
1905 1151 1960 1190 ad
1977 1161 2047 1190 nos
2071 1150 2230 1190 minime
2254 1163 2400 1202 perve-

1425 1218 1550 1266 nerit,
1576 1216 1706 1255 cicllzuc
1727 1228 1753 1254 a
1768 1214 1882 1254 nobis
1904 1214 2129 1266 iquoratur.
2154 1213 2327 1266 Scripsit
2342 1217 2401 1252 ta-

1426 1292 1516 1319 men
1537 1280 1866 1330 explanationem
1891 1288 2013 1327 super
2039 1276 2307 1328 Evangelium
2339 1287 2402 1315 se-

1428 1342 1608 1382 cundum
1633 1340 1817 1381 LUCAM.
1838 1341 1937 1379 Hinc
1953 1350 2068 1390 porro
2083 1339 2211 1389 liquet
2226 1338 2400 1378 eundem

1425 1416 1541 1453 esse,
1566 1405 1634 1455 qui
1659 1404 1790 1442 eidem
1820 1402 2034 1451 Anonymo
2062 1401 2284 1440 Mellicensi
2313 1411 2402 1452 cap.

1427 1468 1490 1505 90.
1530 1464 1892 1515 CHRISTIANUS,
1930 1461 2121 1516 Pontifeoe
2153 1460 2401 1513 Apulorum,

1429 1529 1528 1577 (hoe
1553 1533 1615 1567 cst
1644 1528 1868 1577 Episcopus
1892 1524 2134 1564 Aversanus
2158 1525 2198 1562 in
2231 1523 2402 1575 Apulia)

1426 1591 1495 1629 vir
1510 1589 1649 1629 clarus
1667 1588 1836 1628 scientia
1855 1590 1894 1626 et
1905 1585 2135 1635 sanctitate,
2156 1589 2298 1624 contra
2312 1597 2405 1624 ean-

1427 1651 1514 1690 dem
1533 1651 1718 1689 haeresin
1739 1651 1748 1699 (
1766 1650 2151 1699 Berengarianorum
2171 1648 2180 1697 )
2205 1646 2403 1686 disseruit

1428 1713 1696 1752 invictissime.
1726 1712 1826 1750 Nam
1856 1715 1896 1749 et
1931 1710 2262 1750 GUIDMUNDUS
2300 1711 2401 1759 iste,

1427 1776 1514 1813 aliis
1530 1772 1868 1814 CiliuSTlANUS
1882 1772 1934 1821 b),
1953 1775 2094 1810 contra
2105 1771 2398 1822 Berenqarium

1434 1837 1554 1875 libros
1579 1840 1663 1874 tres
1687 1835 1849 1884 scripsit
1878 1832 1924 1871 de
1947 1832 2117 1871 veritate
2149 1831 2343 1884 Corporis
2367 1836 2406 1872 et

1433 1897 1653 1949 Sanquinis
1679 1894 1848 1936 CHristi
1864 1895 1905 1933 in
1925 1893 2190 1934 Eucharistia
2212 1894 2261 1934 ad
2280 1895 2406 1946 Roge-

1434 1962 1537 1999 rium
1564 1959 1821 2006 Monachum,
1847 1957 2033 2008 vulgatos
2050 1958 2224 2008 primum
2242 1957 2291 1996 ab
2307 1958 2404 1996 Era—

1431 2033 1518 2060 smo
1541 2022 1616 2060 An.
1648 2021 1762 2060 4530.
1800 2018 1937 2069 (cujus
1972 2019 2064 2057 vide
2103 2020 2159 2058 sis
2197 2020 2400 2070 Epistolas

1431 2083 1611 2121 XXVIII.
1637 2082 1699 2120 40.
1724 2080 1817 2119 edit.
1838 2079 1986 2128 Lond.)
2011 2084 2052 2118 et
2073 2081 2234 2130 saepius
2258 2080 2403 2120 deinde

1430 2153 1593 2181 recusos
1616 2153 1708 2180 cum
1732 2140 1963 2190 ALGERO,
1993 2140 2042 2178 de
2066 2151 2183 2190 Cujus
2212 2141 2394 2180 editioni-

1430 2204 1507 2242 bus
1531 2203 1682 2241 dictum
1707 2213 1828 2251 supra
1851 2213 1937 2252 pag.
1964 2202 2051 2240 483.
2073 2203 2117 2240 In
2145 2202 2396 2243 Bibliothecis

1415 2267 1605 2312 Petrum,
1620 2269 1666 2303 ut
1682 2265 1717 2301 in
1735 2265 2010 2303 recentissima
2027 2264 2285 2316 Lugdunensi
2301 2271 2397 2305 tom.

1431 2327 1557 2365 XVilI
1581 2327 1645 2364 ubi
1670 2330 1758 2376 post
1783 2326 1869 2364 illos
1894 2329 1977 2364 tres
2008 2326 2128 2364 libros
2158 2326 2400 2366 exhibentur

1431 2400 1468 2438 p.
1492 2389 1578 2426 465.
1601 2389 1722 2426 etiam
1739 2386 1921 2435 ejusdem
1939 2385 2140 2439 Confessio
2159 2387 2207 2426 de
2222 2389 2294 2431 SS.
2317 2389 2402 2428 Tri-

1428 2449 1551 2487 nitate
1579 2453 1617 2487 et
1642 2448 1688 2487 de
1713 2447 1957 2486 humanitate
1983 2448 2171 2499 CHrisli,
2211 2449 2401 2502 Corpori-

1428 2522 1524 2562 sque
1540 2521 1588 2548 cic
1604 2509 1822 2559 Sanquinis
1838 2509 1999 2549 Domini
2011 2510 2197 2550 veritate:
2222 2523 2297 2551 nec
2319 2525 2404 2552 non,

1426 2584 1512 2623 pag.
1539 2573 1628 2610 468.
1660 2571 1796 2610 Oratio
1825 2572 2052 2612 recusantis
2080 2573 2393 2625 Episcopatum,

1427 2634 1475 2672 ad
1497 2634 1740 2672 Guilelmum
1762 2635 1789 2671 1.
1820 2632 1986 2684 Angliae
2019 2635 2184 2686 Regem.
2216 2636 2396 2686 Denique

1428 2696 1643 2735 Christiani
1673 2696 1904 2734 Druthmari
1934 2694 2091 2747 aliquot
2116 2695 2300 2736 homilias
2327 2708 2398 2736 ex-

1427 2763 1533 2797 stare
1556 2759 1594 2796 in
1620 2757 1865 2796 Bibliotheca
1890 2757 2164 2808 homiliarum,
2189 2763 2301 2798 notat
2322 2757 2397 2797 Ar-

1427 2820 1569 2859 noldus
1593 2820 1738 2867 Wion,
1763 2820 1875 2869 Ligni
1898 2819 2012 2859 Vitae
2036 2823 2133 2860 tom.
2159 2821 2175 2860 Ι
2199 2833 2236 2872 p.
2263 2820 2352 2860 440.

1479 2881 1811 2921 CHRISTIANUS
1830 2880 2106 2921 Cisterciensis
2122 2881 2271 2930 Abbas,
2288 2892 2337 2920 ex
2353 2882 2393 2921 S.

1423 2943 1614 2983 Bcrnardi
1635 2943 1786 2993 schola,
1812 2945 1915 2982 circa
1929 2941 2094 2982 Annum
2111 2943 2228 2983 4480.
2253 2947 2392 2994 auctor

1481 3078 1515 3118 a)
1539 3077 1660 3110 Confer
1686 3074 1859 3115 ughellum
1886 3079 1977 3107 tomo
2000 3073 2148 3106 lltaliae
2171 3075 2290 3106 Sacrae
2315 3082 2392 3116 pag.

1422 3128 1441 3152 s

1430 3128 1518 3217 iggii)
1542 3177 1623 3208 Vide
1646 3176 1827 3214 scriptores
1854 3177 1983 3206 veteres
2013 3174 2054 3206 de
2075 3172 2156 3206 Fide
2179 3174 2353 3208 catholica
2379 3186 2399 3209 a

1425 3230 1525 3259 Petro
1559 3227 1739 3258 Franciseo
1775 3222 1930 3255 chifletio
1963 3223 2068 3255 editos
2091 3231 2167 3263 pag.
2189 3223 2264 3255 565.
2301 3226 2395 3259 Alius

1423 3276 1656 3307 Guidmundus
1672 3298 1682 3313 ‚
1705 3275 1762 3314 qui
1779 3272 1965 3304 cardinalis
1983 3276 2116 3305 creatus
2139 3275 2177 3304 Α.
2202 3272 2293 3307 1088.
2313 3277 2396 3307 Vide

1423 3327 1531 3357 Latini
1549 3326 1671 3357 Latinii
1690 3323 1774 3355 Bibl.
1787 3321 2081 3362 sacro-profanam
2101 3327 2183 3355 tom.
2202 3325 2214 3354 1
2232 3333 2266 3364 p.
2289 3324 2341 3357 81.
2361 3326 2394 3359 b.
