2500 4009
401 246 479 288 253

450 317 655 365 Quaestio:
684 315 820 352 strum
861 304 1073 358 ineffabilis
1097 309 1135 345 et
1170 305 1363 345 immensa

400 381 496 420 DEI
516 377 681 417 essentia
700 373 828 426 possit
842 381 927 410 esse
949 371 1164 408 creaturae
1177 365 1363 420 formalis

401 441 565 492 coynitio
591 437 651 477 vel
668 435 818 486 ,qr-atta.

452 496 787 544 Reeotmnentlatio
810 496 963 535 Sacrae
977 492 1235 544 Scripturae,
1259 502 1363 543 quae

402 564 558 613 incipit:
609 559 763 599 Olivam
808 555 989 605 uberem,
1026 552 1242 606 pulcram,
1285 558 1362 592 etc.

404 625 598 663 Jeremiae
621 622 690 660 XI.

454 686 540 725 Alia
555 679 886 723 recommendatio
906 680 1059 719 Sacrae
1073 678 1310 729 Scripturae
1325 680 1366 715 et

400 746 623 788 Facultates
650 742 901 793 Theotoyiae,
925 752 1028 791 quae
1053 741 1204 791 incipit:
1235 740 1366 789 Super

401 820 553 848 onmem
577 812 727 846 terram
744 803 877 856 yloria
900 806 986 848 tua,
1012 802 1113 841 Psal.
1135 803 1229 840 LVI.

457 872 633 910 Primum
663 867 903 917 Principium
933 875 1057 915 super
1081 863 1274 903 lecturam
1302 863 1368 901 Βί-

405 930 589 979 oliorum,
619 928 722 980 quod
743 929 878 978 incipit
896 940 902 964 z
934 926 1026 964 Tota
1039 924 1189 976 pulcra
1208 936 1250 964 es
1269 923 1369 962 ami-

405 1005 453 1032 ca
473 1004 571 1031 mea.

459 1053 688 1093 Secundum
699 1052 944 1102 Principum,
961 1049 1067 1100 quod
1085 1049 1238 1099 incipit:
1257 1046 1373 1086 AEdi-

403 1116 543 1168 ficauit
579 1114 753 1161 turrim,
793 1116 830 1152 et
865 1111 1010 1151 locavit
1042 1122 1130 1149 eam
1156 1107 1370 1160 ayricolis,

407 1179 524 1216 Marci
549 1177 635 1215 xil.

463 1239 701 1278 Collationes
711 1241 880 1287 quatuor
891 1246 1012 1286 super
1030 1232 1372 1274 commendatione.

409 1300 643 1351 Scriptarae
667 1300 832 1346 Sacrae,
857 1308 959 1347 quae
980 1307 1120 1335 omnes
1151 1297 1368 1347 incipiunt:

408 1363 558 1414 Reyina
574 1360 727 1401 Austri.

461 1425 671 1470 Quaestio:
700 1423 838 1461 Utrum
852 1422 926 1473 jus
954 1419 1103 1471 reyalis
1140 1418 1306 1458 dominii
1331 1419 1373 1457 in

408 1498 528 1537 ressno
552 1484 710 1523 animae
737 1482 949 1522 rationalis
983 1481 1060 1522 soli
1086 1485 1281 1533 competat
1306 1492 1375 1520 vo-

409 1547 563 1588 luntati.

463 1610 651 1656 Quaestio
669 1621 675 1645 :
705 1608 842 1646 Utrum
866 1603 1026 1657 Lucifer
1046 1604 1100 1644 sit
1120 1604 1292 1643 omnium
1308 1614 1375 1643 sa·

405 1670 679 1724 pientissimus
696 1698 704 1717 ‚
728 1680 805 1707 non
827 1666 1003 1706 obstante
1019 1665 1124 1717 quod
1137 1665 1191 1704 sit
1201 1665 1376 1704 omnium

408 1732 620 1783 pessimus.

467 1794 644 1832 Tertium
674 1793 926 1842 Principium.

467 1856 662 1900 Quartum
686 1854 937 1903 Principium.

465 1916 682 1966 Responsio
702 1915 955 1962 Quaestionis
969 1917 1007 1954 in
1025 1915 1216 1955 Sorbona:
1236 1915 1375 1954 Utrum

413 1978 539 2016 omnis
554 1977 820 2028 transgressio
829 1976 986 2016 (livinae
1003 1976 1100 2028 leqis
1114 1977 1167 2016 sit
1179 1975 1374 2016 mortalis.

467 2040 656 2086 Quaestio
690 2039 994 2089 Vesperiarum:
1023 2040 1164 2078 Utrum
1201 2039 1375 2076 Thomas

418 2103 538 2153 leyem
563 2100 777 2141 CHRISTI
793 2100 966 2151 firmiter
989 2100 1169 2138 tenuerit.

470 2164 658 2210 Quaestio
679 2163 960 2212 Vesperiarum
985 2163 1023 2199 in
1046 2162 1218 2199 Licentia
1239 2165 1280 2199 et
1301 2161 1380 2199 Ma-

418 2227 578 2275 gisterio
601 2222 799 2275 Radulphi
829 2222 875 2261 de
900 2224 1045 2261 Porta:
1075 2222 1219 2263 Utrum
1243 2226 1378 2274 portae

419 2288 603 2328 coelestis
625 2285 778 2325 aditum
802 2284 919 2323 decor
939 2286 1159 2323 intraverit.

474 2349 662 2388 Laudatio
699 2359 770 2386 seu
808 2347 1075 2397 Vesperisatio
1104 2344 1306 2397 Radulphi
1332 2344 1379 2384 cle

420 2413 542 2451 Porta
566 2410 641 2449 sub
661 2410 734 2448 hoc
758 2409 894 2448 titulo:
920 2410 1001 2447 Hoc
1024 2412 1084 2448 est
1106 2409 1213 2460 Opus
1233 2407 1338 2446 DEI.

473 2473 661 2519 Quaestio
684 2471 733 2509 de
756 2472 992 2521 Resumpta:
1020 2472 1159 2509 Utrum
1189 2469 1284 2521 leqis
1311 2481 1383 2508 na-

420 2534 566 2575 turalis
590 2544 762 2572 censura
779 2535 1010 2584 peccantem
1032 2531 1074 2572 in
1098 2531 1241 2584 leyem⁷
1261 2543 1381 2571 accu-

402 2592 478 2636 'set
501 2595 736 2635 mortaliter.

476 2660 682 2697 Lectiones
716 2657 757 2695 in
789 2656 1050 2708 Evanqelium
1086 2655 1193 2696 beati
1215 2657 1382 2696 Joanm's

421 2732 541 2772 super
566 2721 630 2759 illa
655 2720 799 2758 verba:
829 2719 970 2758 Omnia
1002 2731 1079 2771 per
1115 2719 1246 2771 ipsum
1271 2718 1382 2772 facta

419 2787 535 2831 sunt;
559 2788 599 2821 et
619 2794 739 2834 super
763 2782 889 2821 multa
908 2782 984 2821 alia
1005 2784 1169 2821 Joannis
1190 2787 1232 2821 et
1253 2787 1384 2821 caete-

421 2856 554 2883 rorum
579 2845 887 2895 Evangeliorum
910 2846 1150 2884 testimonia.

475 2905 692 2944 Guilelmus
731 2907 981 2946 BREVINUS
1017 2906 1190 2957 Anglus,
1233 2908 1379 2947 Romae

421 2968 487 3008 diu
512 2973 715 3014 versatus,
739 2969 841 3006 circa
857 2968 1133 3008 Annuml470
1155 2970 1314 3020 scripsit
1330 2969 1377 3008 cle

422 3034 564 3081 septem
575 3028 867 3081 principalibus
880 3029 1070 3070 Ecclesiis
1086 3029 1203 3071 Urbis
1224 3034 1380 3083 Romae,

424 3103 471 3128 ex
489 3103 566 3140 quo
587 3092 663 3130 MS.
691 3093 727 3128 in
753 3091 992 3130 Bibliotheca
1005 3093 1194 3133 Vaticana
1209 3094 1382 3133 Alexan-

426 3152 493 3190 der
526 3153 694 3192 Cookius
727 3154 871 3203 aliique
897 3154 915 3175 '4
947 3155 1169 3204 produxere
1202 3158 1382 3195 testimo-

429 3215 533 3250 nium
558 3215 604 3252 de
630 3216 724 3254 sella
745 3216 965 3265 perforata,
991 3217 1058 3256 sed
1089 3217 1138 3256 [le.
1167 3217 1284 3270 cujus
1305 3230 1381 3259 usu

484 3351 495 3359 ‘
523 3351 599 3382 Vidi:
617 3355 781 3387 oudinum
800 3361 880 3389 torn.
901 3360 941 3389 111
959 3382 967 3396 ,
987 3367 1062 3399 pag.
1080 3359 1161 3392 2078
1179 3369 1248 3401 seq.

1151 232 1597 276 .BREV1NUS

1437 303 1684 345 credibiliora
1724 309 1836 354 sunt,
1862 315 1965 356 quae
2004 309 2194 344 notavere
2227 305 2403 344 Joannes

1437 365 1613 407 Rhodius
1629 365 1677 404 ad
1703 366 1952 406 Scribonium
1975 367 2146 418 Largum
2162 379 2199 418 p.
2220 367 2297 406 280
2315 378 2400 417 seq.

1438 427 1618 467 Valerius
1627 427 1919 470 Chimentellus
1934 427 1983 467 de
1998 427 2146 467 honore
2161 429 2302 468 bisellii
2318 439 2404 480 cap.

1438 489 1488 527 ⁴20
1512 494 1607 528 tom.
1632 490 1701 532 vu
1725 489 1919 529 Thesauri
1953 489 2252 540 Antiquitatum
2291 491 2402 530 Rom.

1437 552 1649 591 Graeviani
1690 562 1776 602 pag.
1822 551 1928 590 2094
1966 563 2054 602 seq.
2093 557 2135 591 et
2176 550 2406 591 Bernardus

1437 614 1740 653 Montl'auconus
1765 614 1802 650 in
1827 614 1956 652 Diario
1977 614 2111 652 Italico
2134 626 2220 666 pag.
2253 612 2355 654 issi

1496 674 1623 713 Gutdo
1639 676 1724 713 sive
1735 674 1944 713 Gerardus
1958 673 2005 712 de
2021 674 2320 725 BRtANSONE‚
2335 676 2409 715 Or-

1441 737 1545 775 dinis
1558 739 1772 784 Minorum,
1791 738 1936 775 Ductor
1955 737 2192 777 parisiensis
2211 741 2252 776 et
2267 739 2408 777 Lector

1441 800 1677 847 Tolosanus‚
1715 799 1819 837 circa
1859 796 2023 836 Annum
2071 798 2186 837 4450.
2231 798 2408 850 Scriptor

1440 860 1829 899 Commentariorum
1839 858 1880 896 in
1901 859 1956 898 IV
1969 857 2093 898 libros
2108 859 2407 899 Sententia-rum

1442 921 1496 962 ad
1517 924 1683 961 mentem
1706 920 1824 968 Scoti,
1837 920 2036 959 editorum
2052 921 2138 959 Par.
2156 911 2275 970 ⁴542,
2292 921 2408 970 ⁴5⁴7,

1445 984 1480 1023 4.
1504 983 1637 1035 Atque
1660 983 1708 1021 In
1729 985 1878 1033 septem
1903 980 2085 1021 Psalmos
2109 981 2412 1024 Poenitentiales

1445 1051 1486 1087 et
1527 1046 1567 1085 in
1606 1042 2155 1099 Dionysium'Areopaqitam
2181 1043 2230 1084 de
2257 1043 2414 1084 coelesti

1446 1105 1687 1148 hierarchia.

1500 1169 1785 1209 BRICMORUS
1807 1167 1995 1220 Sophista
2017 1167 2275 1217 oxoniensis,
2290 1181 2412 1221 quem

1445 1231 1590 1270 Baleus
1613 1232 1650 1269 X
1675 1231 1724 1269 89
1746 1241 1796 1268 ex
1820 1230 2010 1280 Lelando,
2035 1235 2076 1271 et
2098 1231 2256 1270 Pitseus
2279 1242 2317 1281 p.
2334 1231 2412 1269 828

1445 1294 1625 1332 referunt
1647 1293 1858 1343 scripsisse
1880 1292 2193 1343 hypomnemata
2209 1293 2248 1331 in
2262 1290 2416 1332 Aristo-

1445 1355 1536 1394 telis
1559 1355 1687 1405 priora
1709 1358 1751 1393 et
1773 1355 1989 1405 posteriora
2013 1352 2241 1404 Analytica:
2273 1355 2313 1392 in
2341 1355 2415 1406 To—

1445 1418 1531 1468 pica
1554 1415 1735 1466 ejusdem
1760 1420 1799 1454 et
1824 1415 2070 1466 Sophisticos
2096 1415 2310 1455 Elenehos

1499 1478 1859 1526 BRIDFERTIIUS,
1874 1478 1959 1516 sive
1975 1478 2325 1526 BRIDFfflTHUS,
2341 1479 2414 1518 Le-

1448 1541 1564 1579 lando
1587 1552 1672 1590 cap.
1698 1540 1774 1579 ⁴36
1798 1537 2107 1592 Brzyktefertus,
2130 1540 2234 1580 Saxo
2253 1569 2262 1588 ,
2283 1538 2414 1579 Abbo-

1448 1605 1510 1644 nis
1525 1602 1764 1652 discipuluS,
1780 1601 1997 1642 Monachus
2011 1603 2294 1650 Ramesiensis,
2310 1603 2415 1643 circa

1447 1665 1610 1704 Annum
1636 1664 1737 1703 4000
1768 1664 1928 1714 scripsit
1961 1662 2002 1701 in
2024 1662 2174 1704 Bedam
2201 1663 2249 1704 de
2274 1675 2416 1706 rerum

1446 1730 1598 1765 natura
1613 1725 1714 1765 etde
1737 1723 1998 1776 temporibus,
2008 1727 2294 1767 commentaria
2309 1727 2416 1766 edita

1449 1792 1557 1825 tomo
1580 1786 1756 1826 secundo
1779 1786 1908 1826 Bcdae
1928 1797 2112 1837 operum,
2134 1791 2179 1826 ut
2192 1799 2313 1839 supra
2327 1800 2417 1840 pag.

1449 1848 1524 1889 ⁴74
1545 1853 1682 1887 notare
1706 1860 1770 1887 me
1791 1851 1966 1888 memini.
1987 1849 2120 1900 Atque
2136 1849 2277 1889 eodem
2296 1852 2418 1902 perti-

1450 1914 1518 1950 net
1542 1910 1748 1949 Brideferti
1776 1910 1994 1963 Computus
2016 1910 2269 1963 Latinorum,
2292 1911 2419 1953 Grae-

1449 1983 1606 2020 corum,
1631 1972 1948 2022 Hetruscorum,
1972 1972 2254 2025 AEqypttorum
2281 1977 2320 2014 et
2338 1973 2420 2013 An-

1445 2033 1628 2084 9lorum‚
1675 2035 1743 2084 qui
1784 2039 1918 2074 exstat
1967 2035 2045 2074 MS.
2087 2037 2127 2073 in
2177 2036 2417 2076 Bibliotheca

1449 2095 1675 2145 Bodlejana.
1693 2095 1887 2146 Ejusdem
1909 2096 2037 2136 Vitam
2055 2098 2096 2137 S.
2115 2098 2325 2148 Dunstani,
2344 2098 2420 2138 Ar-

1450 2157 1689 2209 chiepiscopi
1706 2159 2024 2208 cantuariensis,
2045 2158 2120 2198 An.
2131 2160 2209 2198 988
2224 2159 2416 2210 defuncti,

1451 2217 1575 2257 edidit
1597 2220 1874 2259 Henschenius
1899 2221 1937 2259 in
1961 2219 2073 2260 Actis
2097 2220 2336 2262 Sanctorum
2367 2224 2416 2263 19

1451 2281 1541 2331 Maji
1562 2284 1655 2320 tom.
1673 2283 1724 2322 IV
1748 2294 1784 2333 p.
1807 2283 1897 2321 345.
1921 2283 2130 2322 Praeterea
2147 2282 2323 2322 Joannes
2345 2285 2420 2323 Ba-

1453 2342 1540 2382 leus
1561 2344 1723 2385 Centur.
1741 2345 1765 2387 2
1781 2355 1867 2396 cap.
1883 2345 1933 2384 35
1950 2349 2145 2384 memorat
2167 2343 2256 2396 ejus
2270 2345 2416 2386 librum

1454 2405 1500 2445 cle
1517 2406 1730 2458 principiis
1752 2406 2041 2450 Mathematicis
2058 2436 2066 2456 ‚
2091 2411 2132 2446 et
2151 2407 2274 2448 alium
2289 2407 2337 2449 de
2359 2408 2419 2448 in-

1453 2468 1695 2508 stitututz'one
1716 2468 2013 2509 Monachorum.

1508 2532 1547 2571 S.
1572 2530 1830 2581 BRlGlTTA,
1854 2532 2004 2573 rectius
2025 2532 2276 2583 BfflGlTTA,
2291 2534 2419 2574 Sveca

1454 2593 1530 2647 filia
1555 2595 1703 2645 Birgeri
1722 2595 1859 2646 Regis,
1881 2595 1967 2633 sive
1991 2595 2157 2645 Legiferi
2181 2595 2417 2647 Uplandiae,

1455 2660 1546 2694 nata
1570 2655 1615 2694 A.
1643 2656 1757 2696 4304.
1787 2654 1930 2708 [Mater
1964 2653 2052 2706 ejus
2083 2656 2339 2709 Ingeburgis‚
2368 2659 2417 2707 a)

1454 2719 1543 2760 avia
1567 2722 1763 2768 materna,
1787 2719 1947 2759 nomine
1968 2718 2150 2770 Sigridis,
2164 2730 2286 2770 quam
2306 2730 2419 2771 prae-

1455 2786 1517 2819 ter
1539 2792 1623 2819 rem
1647 2792 1716 2832 pro
1741 2785 1868 2820 matre
1886 2781 2076 2831 Brigittae
2099 2779 2309 2820 venditant
2336 2781 2420 2832 ple—

1455 2843 1599 2896 rique.]
1629 2845 1688 2883 Ex
1712 2844 1879 2895 coniuge
1902 2842 2042 2883 Ultone
2073 2841 2123 2882 de
2154 2841 2336 2892 Ulfaesa‚
2365 2841 2415 2890 b)

1453 2907 1629 2946 Noriciae
1648 2907 1827 2958 Principe
1859 2909 1947 2945 octo
1969 2904 2182 2944 liberorum
2205 2903 2238 2954 c)
2262 2909 2414 2954 mater,

1508 3010 1541 3050 a)
1558 3012 1676 3043 Ericus
1694 3009 1864 3042 Benzelius
1882 3018 1958 3052 pag.
1975 3009 2016 3042 00
2033 3008 2075 3041 ad
2097 3009 2236 3041 loannis
2267 3011 2418 3043 Vastovii

1449 3061 1551 3092 vitem
1570 3059 1799 3101 Aquiloniam.

1511 3110 1545 3149 b)
1563 3111 1738 3142 Vastovius
1756 3110 1789 3140 in
1815 3110 1884 3140 vita
1901 3106 2062 3148 Brigittae
2079 3115 2156 3148 pag.
2169 3106 2224 3140 94.

1510 3160 1542 3199 c)
1567 3160 1656 3193 idem
1676 3167 1751 3199 pag.
1772 3158 1826 3190 90,
1853 3157 2016 3189 Filiorum
2037 3160 2182 3197 quatuor
2196 3182 2206 3197 ,
2223 3161 2257 3190 et
2274 3158 2418 3192 filiarum

1452 3209 1592 3241 totidem
1607 3234 1616 3248 ,
1633 3217 1671 3241 ex
1689 3207 1811 3248 quibus
1828 3208 1861 3240 S.
1883 3207 2083 3240 catharina
2100 3210 2179 3238 nata
2206 3210 2268 3239 Αιι.
2288 3207 2368 3240 1550
2385 3215 2418 3241 et

1449 3265 1511 3292 An.
1529 3259 1768 3292 158101uncta
1783 3282 1792 3295 ,
1808 3256 1849 3288 de
1866 3264 1933 3296 qua
1950 3255 2039 3289 idem
2058 3257 2234 3289 vastovius
2254 3265 2329 3298 pag.
2345 3257 2417 3291 107.

1449 3308 1619 3341 Benzelius
1636 3311 1670 3340 in
1687 3308 1774 3339 notis
1793 3314 1868 3346 pag.
1883 3305 1935 3337 71.
1953 3306 2103 3347 Legendi!
2117 3305 2158 3338 nd
2171 3304 2298 3339 calcem
2313 3309 2418 3340 Reve-

1451 3359 1615 3392 lationum
1633 3359 1793 3398 brigittae
1810 3364 1886 3396 pag.
1903 3355 1977 3390 500.
