2500 4009
413 244 490 282 3113

408 313 510 351 tensi
553 307 731 359 synodo,
776 300 961 350 auspiciis
1004 291 1157 340 Caroli,
1196 295 1360 331 Romam

411 375 578 412 missum
603 374 639 407 et
664 366 895 404 distinctum
911 361 948 396 in
963 355 1084 395 libros
1099 357 1273 407 quatuor
1289 353 1361 391 hoc

414 435 543 473 titulo:
567 432 671 480 Opus
696 419 959 463 illustrissimi
980 422 1017 457 et
1043 413 1367 457 excellentissimi

414 508 484 534 seu
504 487 724 544 spectabilis
751 484 849 530 Viri,
889 480 1095 529 CAROLI,
1118 482 1218 517 nutu
1245 477 1361 525 DEI,

415 555 537 604 Reyis
550 552 796 590 Francorum
813 577 822 593 ‚
860 543 1036 592 Gallias,
1080 539 1361 589 Germania-m,

414 613 676 662 Italiamque,
699 608 782 647 sive
805 607 950 646 harum
983 603 1172 657 finitimas
1202 600 1368 641 Provin-

415 677 496 715 cias
524 671 729 712 DOMINO
749 668 962 721 opitulante
989 664 1177 716 reyentis:
1218 663 1366 703 Contra

415 735 613 788 Synodum
648 734 875 782 (Nicaenam
900 731 951 778 ll)
976 739 1080 780 quae
1112 727 1152 765 in
1183 724 1369 778 partibus

417 797 610 836 Graeciae
634 796 731 844 (An.
754 792 849 842 787)
869 803 945 842 pro
982 788 1200 829 adorandis
1233 785 1372 835 imaqi-

414 858 530 898 nibus
550 856 686 898 stolide
703 855 786 894 sive
805 857 1048 904 arroganter
1080 854 1193 902 qesta
1215 852 1284 888 est.
1315 849 1370 887 De

415 921 487 960 hoc
511 931 628 971 opere
652 920 705 957 ita
728 918 921 967 Georgius
945 913 1169 955 Cassander
1196 910 1371 961 Epistola

413 982 463 1021 ad
483 984 674 1020 Joannem
698 979 934 1018 Molinaeum
954 976 1063 1028 data,
1090 974 1135 1013 Α.
1161 973 1261 1012 4560
1287 982 1373 1021 pag.

416 1043 518 1083 ⁴403
539 1044 737 1093 Operum:
764 1041 945 1088 Quatuor
974 1036 1060 1075 illos
1084 1033 1204 1073 libros
1232 1032 1374 1071 adoer-

414 1115 485 1143 sus
501 1102 698 1155 Synodum
715 1102 961 1140 Graecorum
980 1097 1026 1137 de
1041 1094 1258 1136 adorandis
1274 1093 1371 1131 iina-

410 1164 570 1216 9inibus
590 1164 759 1203 Nicaeae
773 1161 949 1201 habitam
965 1161 1142 1210 insignes
1158 1154 1366 1209 appellavi,

406 1227 583 1280 primum
606 1225 711 1278 quod
729 1222 998 1263 Illustrissimi
1011 1219 1127 1271 Reqis
1148 1216 1288 1260 Caroli
1303 1228 1370 1254 no-

411 1289 513 1327 mine
527 1287 810 1327 etauctoritate
828 1284 1061 1324 assentiente
1076 1281 1268 1320 universa
1295 1280 1370 1329 Sy-

411 1350 532 1398 nodo,
553 1350 620 1389 cui
640 1353 677 1388 et
696 1347 834 1400 Leyati
855 1345 1022 1387 Romani
1049 1341 1246 1393 Pontifices
1275 1340 1370 1379 inte-

412 1415 567 1460 rerant,
593 1410 806 1460 conscripti
821 1413 859 1447 et
879 1406 973 1447 editi
991 1406 1082 1445 sint.
1103 1402 1250 1442 Deinde
1265 1401 1369 1453 quod

412 1472 567 1512 videam
589 1485 654 1511 eos
677 1471 824 1511 libellos
847 1471 884 1509 in
904 1469 1033 1521 pretio
1047 1471 1082 1506 et
1101 1467 1245 1505 honore
1265 1476 1365 1503 sem-

407 1546 484 1585 per
524 1534 677 1573 habitos
711 1532 854 1585 fuisse;
889 1532 1128 1569 asservatur
1168 1527 1270 1565 enim
1299 1525 1368 1564 hoc

412 1595 593 1634 volumen
615 1593 754 1635 Caroli
769 1596 913 1632 Romae
935 1592 974 1629 in
996 1588 1238 1628 Bibliotheca
1266 1588 1369 1626 Vati-

414 1669 516 1695 cana
534 1657 726 1707 penitiore
743 1686 750 1702 ,
771 1653 842 1692 ubi
862 1664 936 1690 non
950 1651 1030 1689 nisi
1043 1650 1212 1699 insiynes
1227 1652 1264 1686 et
1282 1648 1370 1686 ezei-

413 1718 486 1755 mii
506 1716 602 1755 libri
621 1716 760 1767 reponi
779 1714 939 1753 soleant.
969 1711 1054 1751 Vidi
1075 1714 1112 1748 et
1133 1709 1304 1747 alterum
1330 1708 1369 1746 in

415 1777 555 1816 Galliis
577 1777 685 1829 apud
699 1776 893 1828 quendam
911 1773 1112 1812 eruditum
1129 1771 1275 1818 virum,
1290 1781 1369 1808 mo-

412 1839 460 1878 do
479 1839 732 1890 Episcopum,
751 1850 805 1876 erc
829 1834 1068 1874 Bibliotheca
1080 1830 1268 1884 »quadam
1282 1830 1371 1869 illu·

411 1902 491 1940 stri
509 1901 720 1951 scriptum,
743 1898 870 1938 serico
893 1895 1028 1935 villato
1053 1898 1089 1932 et
1110 1892 1249 1932 aureis
1286 1905 1372 1931 um-

415 1962 541 2002 bilicis
562 1964 813 2001 exornatum.
856 1958 1123 1998 Meminerant
1158 1955 1244 2006 ejus
1267 1953 1375 2005 apud

415 2029 566 2064 veteres
584 2055 593 2073 ,
630 2023 701 2074 qui
734 2021 780 2061 de
814 2018 986 2060 Concilio
1025 2015 1378 2068 Francofordiensi

419 2087 680 2136 scripserunt,
711 2088 748 2121 et
781 2083 1023 2121 Hincmarus
1047 2078 1376 2129 Archiepiscopus

420 2145 636 2191 Remensis,
659 2145 724 2182 vir
742 2154 880 2182 rernm
915 2138 1289 2179 Ecclesiasticarum
1308 2149 1375 2188 pe-

417 2206 633 2245 ritissimus
657 2208 694 2242 et
714 2201 1045 2247 studiosissimus,
1061 2197 1296 2249 etproaeime
1310 2208 1376 2235 su-

414 2267 574 2318 periore
595 2269 723 2304 aetate
746 2263 932 2303 Nicolaus
955 2261 1002 2299 de
1027 2261 1132 2300 Cusa
1155 2271 1209 2298 ecc
1241 2262 1375 2296 aucto-

417 2329 536 2366 ritate
558 2326 731 2379 ejusdem
754 2323 986 2364 Hincmari.>
1012 2322 1160 2360 Nostra
1186 2331 1280 2360 vero
1308 2332 1374 2358 ae-

418 2393 495 2427 tate
512 2387 757 2438 Auqustinus
779 2383 973 2424 Steuchus
987 2414 997 2431 ,
1024 2380 1260 2432 Euyubinus
1278 2379 1372 2431 Epi-

416 2460 570 2500 scopus,
584 2445 914 2487 Bibliothecarius
932 2443 1139 2495 Pontificis,
1154 2442 1225 2493 qui
1237 2445 1371 2480 aucto-

415 2513 533 2550 ritate
556 2512 640 2561 ejus
664 2508 759 2547 libri
775 2507 829 2546 ad
850 2505 1161 2557 confirmandam
1184 2515 1300 2543 suam
1324 2503 1370 2542 de

416 2573 583 2613 Romani
613 2570 810 2620 Pontificis
828 2572 1019 2620 potestate
1046 2566 1277 2606 sententiam
1317 2577 1371 2604 eac

420 2636 472 2674 VI
501 2632 670 2686 quodam
700 2631 825 2682 capite
849 2628 1022 2680 ejusdem
1053 2627 1148 2666 libri
1178 2626 1369 2674 adducit,

415 2706 596 2734 asserens
621 2692 766 2732 librum
787 2704 873 2730 eum
898 2689 1210 2729 vetustissimum
1227 2687 1369 2726 litteris

414 2755 718 2807 Lonyobarrlicis
742 2754 933 2805 scriptum
952 2752 990 2789 in
1007 2750 1244 2789 Bibliotheca
1269 2749 1370 2788 Vati—

415 2831 515 2856 cana
533 2817 709 2863 servari,
733 2828 806 2853 non
825 2813 1003 2853 credenti
1023 2812 1182 2851 videndi
1199 2814 1371 2863 potesta-

417 2883 489 2916 tem
517 2878 710 2929 futuram.
743 2876 948 2922 Breviter,
971 2874 1133 2912 citatum
1163 2871 1370 2923 honorifice

417 2938 484 2976 hoc
508 2939 687 2977 volumen
709 2942 744 2974 et
768 2937 973 2973 laiulatnm
996 2934 1094 2984 leyo,
1118 2933 1347 2971 danmatum
1363 2963 1372 2980 ,

419 2997 865 3051 repreliciisviin,2'inovel
881 3001 1051 3035 notatum
1068 3008 1143 3033 non
1161 2995 1252 3044 layo.
1265 2993 1377 3043 Quod

417 3062 453 3098 si
479 3063 566 3112 quis
599 3061 787 3101 Carolum
820 3061 1102 3109 Imperatorem
1130 3059 1374 3102 contemnat,

416 3127 515 3159 certe
533 3122 622 3160 talis
637 3135 659 3159 a
681 3119 943 3171 scriptoribus
959 3121 1043 3172 ejus
1057 3118 1200 3156 aetatis
1217 3116 1374 3155 habitus

419 3195 491 3218 non
515 3188 597 3221 est:
622 3187 658 3220 et
680 3182 785 3233 quod
809 3182 867 3219 illi
884 3181 1054 3231 peritiae
1078 3192 1217 3218 rerum
1237 3190 1376 3217 sacra-

415 3254 505 3279 rum
528 3243 667 3291 deluit,
689 3243 728 3280 id
749 3244 915 3281 assidua
939 3241 1215 3280 consuetudine
1236 3240 1377 3278 doctis-

416 3302 603 3341 simorum
619 3303 797 3342 virorum
812 3303 1025 3356 supplevit,
1043 3304 1081 3341 in
1098 3303 1242 3354 quibus
1256 3300 1375 3354 facile

1186 225 1213 261 l]
1238 223 1268 261 Α
1293 221 1377 260 ΗΟ
1399 220 1428 258 Ι,
1451 221 1480 259 L'
1503 220 1529 257 S
1576 221 1628 259 M.

1430 289 1618 341 princeps
1638 287 1716 341 suit
1734 289 1946 338 Alcuinus,
1977 286 2029 328 ab
2064 287 2265 340 aliquibus
2287 288 2397 329 Albi-

1438 362 1515 391 nus
1537 351 1664 390 dictus
1677 382 1688 400 ,
1713 351 1827 402 cujus
1849 361 1926 389 non
1946 361 2083 401 pauca
2102 349 2398 402 reliqiosissime

1438 417 1476 452 et
1517 412 1818 452 catholicissime
1853 411 2004 464 scripta
2039 411 2240 463 leyunstcr,
2284 424 2398 466 cujus

1432 475 1652 526 praecipue
1682 486 1804 526 opera
1840 473 1908 512 hos
1945 472 2066 513 libros
2089 474 2329 526 conscriptos
2356 478 2401 513 ut

1438 537 1615 586 credam,
1638 535 1758 588 facile
1777 535 1971 582 adducor,
1995 547 2084 574 cum
2112 539 2151 574 et
2174 535 2238 575 ille
2257 547 2397 575 rerum

1441 610 1655 638 sacrarum
1674 596 1946 649 peritissimus
1959 595 2099 648 suerit,
2123 600 2161 635 et
2183 597 2325 638 Carolo
2339 596 2402 650 fa-

1441 659 1758 707 nu'liarissimus,
1776 662 1814 697 et
1834 657 1959 709 stylus
1980 657 2078 696 satis
2100 663 2313 710 conyruat;
2327 659 2402 698 imo

1443 722 1640 772 inteyrum
1662 720 1859 772 quoddam
1882 722 2002 770 caput
2022 719 2064 757 in
2086 718 2154 759 hos
2178 718 2300 760 libros
2319 721 2404 760 toti-

1444 782 1529 821 dem
1551 782 1636 834 fere
1674 780 1807 820 verbis
1831 781 1872 819 in
1893 780 2185 820 commentariis
2203 781 2243 820 in
2259 781 2405 821 Johan-

1445 857 1531 883 nem
1556 843 1730 896 ejusdem
1758 842 1920 882 Alcuini
1933 841 2108 893 positum
2143 842 2404 894 deprehendi,

1447 910 1491 944 ut
1504 915 1676 957 prorsus
1698 903 1865 943 Alcuini
1884 914 1969 942 esse
1991 902 2176 941 videatur
2183 915 2196 951 ;
2218 903 2322 955 quod
2349 907 2407 943 ta-

1448 980 1535 1006 men
1545 966 1716 1007 Carolus
1727 964 1975 1013 ,sententiam
1987 963 2105 1003 totius
2121 964 2270 1016 Synodi
2278 965 2313 1004 F
2313 977 2408 1004 ran-

1448 1029 1705 1082 cofordianae
1728 1030 1939 1078 sequutus,
1967 1036 2044 1076 pro
2080 1024 2172 1064 zelo
2192 1037 2291 1066 suae
2315 1027 2411 1079 fidei

1446 1103 1517 1130 suo
1541 1090 1694 1128 nomine
1718 1087 1919 1127 conscribi
1951 1090 1991 1125 et
2020 1085 2206 1138 evulyari
2225 1087 2407 1128 voluerit:

1442 1152 1549 1192 Illud
1565 1155 1669 1190 certe
1691 1153 1856 1198 constat,
1883 1147 2090 1200 Synodum
2120 1148 2230 1190 illam
2259 1150 2408 1190 Graco-

1443 1226 1534 1253 rum
1557 1214 1727 1253 Nicaeae
1749 1211 1895 1250 iterum
1920 1208 2096 1249 habitam
2117 1211 2158 1250 in
2179 1210 2326 1251 celebri
2339 1212 2408 1251 illa

1443 1276 1596 1328 Synodo
1607 1276 1639 1314 F
1641 1272 1963 1327 rancofordiensi
1975 1272 2164 1324 rejectam
2176 1271 2314 1326 fuisse,
2329 1286 2411 1327 qua

1438 1342 1554 1390 parte
1582 1335 1785 1376 statuebat
1824 1334 2015 1385 imayines
2047 1335 2286 1375 Sanctorum
2316 1336 2411 1376 ado-

1442 1400 1607 1450 randas,
1620 1408 1840 1448 omnesque,
1864 1395 2094 1434 Gallicanas
2103 1396 2322 1448 praecipue
2335 1398 2413 1437 Ec-

1443 1461 1585 1500 clesias
1612 1461 1651 1499 in
1676 1459 1812 1498 eadem
1831 1457 2023 1497 sententia
2059 1456 2203 1509 fuisse,
2241 1462 2288 1498 ut
2312 1459 2413 1499 indi-

1444 1526 1615 1562 scretam
1636 1521 1743 1560 illam
1755 1518 1972 1569 imaqinum
1991 1517 2274 1569 adorationem,
2290 1533 2413 1572 quam

1445 1583 1591 1622 Graeci
1609 1582 1773 1633 eaeissere
1801 1578 2062 1628 videbantur,
2087 1579 2410 1632 improbaverim.

1442 1645 1690 1685 Conferenda
1716 1654 1817 1693 quae
1839 1642 1888 1680 de
1910 1641 2054 1680 iisdem
2080 1643 2272 1682 Carolinis
2303 1644 2413 1683 libris

1440 1706 1663 1746 Cassander
1681 1707 1719 1742 in
1744 1705 2047 1743 Consultatione
2077 1734 2086 1752 ,
2103 1707 2230 1755 capite
2249 1705 2299 1744 de
2318 1706 2416 1745 ima-

1441 1768 1598 1818 ginibus
1621 1772 1661 1806 et
1684 1766 1913 1805 simulacris
1944 1777 1981 1815 p.
2015 1764 2105 1803 977.
2129 1765 2317 1816 Operum.
2351 1768 2413 1806 Ex

1443 1829 1592 1867 Gallico
1616 1828 1760 1867 Codice
1806 1828 1961 1877 primus
1994 1826 2067 1864 hos
2090 1826 2209 1865 libros
2233 1828 2415 1879 vulgavit

1443 1890 1640 1928 Joliannes
1667 1889 1698 1927 T
1697 1888 1805 1936 ilius,
1831 1889 2056 1926 Briocensis
2079 1891 2233 1938 postea,
2248 1893 2289 1928 et
2310 1889 2412 1930 4567

1445 1952 1660 1991 Meldensis
1686 1952 1909 2002 Episcopus
1934 1949 2010 1988 sub
2032 1948 2146 1988 Eliae
2170 1949 2357 2003 Philyrae
2378 1954 2412 2000 a)

1446 2015 1605 2052 nomine
1641 2013 1782 2051 volens
1819 2012 2075 2059 delitescere,
2113 2013 2272 2052 Parisiis
2310 2016 2412 2054 4549

1450 2076 1573 2112 foi-ma
1598 2075 1771 2113 minima.
1799 2074 1936 2122 ltaque
1959 2073 2115 2112 Flacius
2138 2084 2223 2123 pag.
2241 2076 2407 2126 ltffiseq.

1451 2145 1616 2173 narrans
1653 2145 1695 2171 se
1732 2134 1818 2172 illos
1847 2133 1991 2182 legisse
2026 2134 2064 2170 in
2102 2133 2254 2172 decimo
2295 2141 2408 2175 sexto

1448 2196 1632 2245 vulgatos
1655 2194 1796 2234 alicubi
1821 2196 1860 2232 in
1884 2194 2038 2241 GalliiS‚
2069 2193 2280 2234 editionem
2307 2196 2408 2236 banc

1447 2257 1636 2295 Titianam
1664 2257 1840 2307 respicit:
1862 2255 2021 2305 quando
2040 2260 2175 2294 autem
2199 2255 2275 2296 An.
2305 2260 2407 2299 ⁴556

1448 2318 1605 2368 scripsit
1628 2327 1732 2355 nunc
1754 2327 1918 2354 recusos
1955 2315 1996 2354 in
2025 2316 2259 2367 Germania,
2298 2323 2410 2359 notat

1443 2379 1606 2417 alteram
1629 2379 1771 2416 factam
1791 2377 1976 2416 Coloniae
1997 2375 2044 2415 Α.
2069 2379 2185 2418 1555.
2215 2378 2252 2427 b)
2276 2379 2336 2420 Ab
2363 2393 2409 2420 eo

1442 2444 1620 2490 tempore
1649 2438 1859 2478 Goldastus
1895 2449 2038 2477 novam
2072 2439 2228 2478 illorum
2267 2441 2406 2482 editio-

1445 2513 1535 2540 nem
1559 2502 1715 2540 curavit
1739 2502 1777 2538 in
1798 2501 1950 2550 sylloge
1970 2501 2239 2551 Imperialium
2273 2502 2410 2544 decre-

1446 2567 1575 2602 torum
1588 2562 1636 2600 de
1656 2562 1767 2601 cultu
1783 2563 2018 2612 imaginum,
2030 2563 2276 2602 Francofurti
2291 2565 2406 2616 4608,

1445 2625 1479 2661 8.
1505 2624 1552 2662 dc
1576 2635 1653 2674 quo
1677 2635 1794 2674 opere
1826 2622 1907 2660 dixi
1932 2627 2039 2661 tomo
2064 2624 2118 2662 XI
2143 2624 2406 2666 Bibliothecae

1443 2686 1613 2724 Graecae
1638 2696 1723 2736 pag.
1752 2685 1825 2722 489
1851 2683 2003 2722 dictum
2029 2685 2148 2723 etiam
2167 2686 2204 2724 in
2223 2686 2408 2738 Casparis

1445 2748 1641 2797 Sagittarii
1668 2760 1714 2784 rs
1734 2743 1929 2798 μακαρία
1959 2745 2248 2786 introductione
2277 2749 2315 2786 in
2345 2750 2410 2788 Hi-

1444 2814 1536 2847 stor.
1561 2809 1792 2849 Ecclesiast.
1817 2809 2057 2858 tomolpag.
2082 2807 2197 2848 4025.
2220 2809 2402 2849 Eandem

1447 2872 1659 2911 editionem
1683 2882 1785 2909 novo
1804 2869 1977 2922 Philippi
1988 2868 2113 2908 Parei
2124 2871 2283 2909 nomine
2299 2883 2411 2922 prae-

1502 3013 1535 3051 ε)
1559 3013 1662 3045 Elias
1684 3015 1863 3049 Joannem‚
1883 3011 2028 3050 philyra
2044 3012 2164 3042 'riiiarn
2189 3018 2256 3042 non
2272 3011 2413 3044 obscure

1447 3064 1568 3101 signat.
1594 3062 1713 3093 Confer
1735 3060 1841 3092 Unelli
1866 3062 2009 3091 Lexicon
2034 3062 2067 3090 in
2094 3060 2198 3091 Tillet
2220 3064 2297 3091 nota
2321 3063 2354 3092 B.
2375 3062 2410 3094 C.

1442 3112 1603 3143 lobannis
1630 3112 1738 3149 Vogtii
1767 3110 2033 3140 dissertationem
2056 3117 2131 3140 cum
2155 3108 2316 3140 Theodori
2345 3113 2413 3142 lia-

1441 3164 1508 3193 saei
1532 3163 1618 3192 noti<
1643 3160 1766 3190 editam
1789 3159 1821 3188 in
1843 3157 2049 3188 Bibliotheca
2074 3158 2241 3188 Bremensi
2260 3160 2356 3191 Toin.
2372 3162 2411 3190 vt

1442 3220 1517 3250 pag.
1541 3210 1603 3240 529
1626 3215 1658 3240 ct
1681 3208 1861 3239 Clarissimi
1891 3207 2077 3237 neumanni
2107 3205 2344 3245 prolegomena
2370 3208 2412 3240 ad

1448 3261 1550 3293 libros
1579 3258 1762 3290 Carclinos.

1505 3311 1539 3349 b)
1565 3308 1654 3340 idom
1676 3315 1749 3347 pag.
1774 3305 1827 3336 ⁶20.
