2500 3841
889 196 1365 237 ALEXANDER
2063 206 2114 245 57

116 275 201 314 sine
217 281 388 312 censura
396 278 472 307 non
489 265 775 319 imprimendis,
791 267 895 317 apud
910 268 1080 318 Raynal-

114 335 212 373 dum
232 332 281 372 ad
303 332 465 371 Annum
488 329 583 368 1504
608 339 717 367 num.
741 327 803 365 36.
823 328 935 367 Bulla
955 340 1078 379 super

116 392 422 434 Canonizatione
447 388 626 429 Anselmi
649 387 948 439 Archiepiscopi
975 390 1078 429 Can-

113 453 329 493 tuariensis
344 484 356 502 ,
381 453 421 490 in
455 451 639 492 Conciliis
663 451 806 489 Labbei
837 454 932 488 tom.
957 452 1073 500 XIII,

112 526 199 566 pag.
226 515 330 554 1476
354 517 395 552 et
419 512 608 552 Harduin.
630 515 724 549 tom.
748 512 830 560 IX,
849 522 936 562 pag.
958 512 1073 551 4552.

109 577 261 617 Omitto
291 576 368 614 alia
390 575 507 619 obvia
536 572 638 630 apud
664 572 882 621 Bzovium,
905 572 1076 623 Raynal-

111 638 209 677 dum
229 641 304 676 etc.

160 697 183 721 *
205 700 366 738 Praeter
385 697 573 748 epistolas
596 694 811 734 Alexandri
831 694 914 745 jam
934 694 1074 746 vulga-

108 763 171 799 tas
192 759 291 799 alias
310 759 488 798 nondum
524 759 558 796 J.
584 757 730 808 publici
768 757 891 796 factas
924 768 996 808 ego
1026 758 1066 795 in

103 821 183 860 MS.
207 819 350 861 Codice
370 820 495 858 Felini
530 819 657 869 reperi
681 818 769 857 luce
798 817 1073 868 dignissimas.

104 883 208 922 Sunt
226 886 362 921 autem
383 881 471 920 illae
496 879 547 919 ad
571 880 757 920 Carolum
781 881 868 919 VIII
912 881 1080 918 Franco-

101 956 191 983 rum
209 945 358 994 Regem
381 941 562 982 eiusdem
580 952 679 991 argu
691 943 816 982 menti
837 953 989 987 omnes,
1006 941 1076 980 sed

101 1005 207 1056 stylo
226 1006 391 1054 variato,
405 1005 523 1043 cuius
543 1004 601 1041 rei
623 1013 669 1042 ea
691 1003 791 1041 forte
811 1004 910 1041 ratio
925 1003 1077 1051 subest,

98 1065 206 1117 quod
228 1063 454 1104 Alexander
474 1075 594 1114 quam
614 1064 912 1102 efficacissimas
929 1063 1067 1101 literas

98 1127 149 1166 ad
166 1128 330 1177 Regem,
356 1138 407 1164 ne
430 1127 588 1164 veniret
625 1126 665 1162 in
689 1124 862 1173 Italiam,
893 1124 1066 1162 scribere

96 1191 256 1238 optans,
287 1187 415 1225 tribus
438 1185 613 1224 diversis
639 1186 736 1223 viris
777 1189 919 1235 typum
948 1184 1070 1223 confi-

94 1247 280 1287 ciendum
304 1249 480 1296 curavit,
507 1251 553 1286 ut
580 1246 685 1296 quod
705 1247 901 1296 optimum
914 1244 1067 1295 judica-

95 1313 175 1358 ret,
200 1309 396 1360 seligeret.
420 1308 574 1358 Singuli
598 1308 720 1357 igitur
739 1306 917 1357 singulas
946 1305 1066 1345 dede-

94 1375 209 1421 runt3
240 1382 355 1410 suam
392 1370 583 1417 Felinus,
610 1368 775 1408 alteram
809 1368 851 1405 L.
894 1368 1063 1419 (nempe

94 1432 307 1471 Leonellus
320 1431 369 1469 de
384 1431 633 1481 Cheregatis)
650 1428 953 1470 Concordiensis
967 1429 1062 1480 Epi—

94 1503 255 1544 scopus3
277 1493 436 1531 tertiam
456 1493 497 1530 L.
523 1491 650 1542 (forte
675 1489 929 1540 Ludovicus)
959 1489 1060 1529 Pod-

28 1576 41 1581 ·
91 1552 318 1593 viathanus.
335 1553 465 1599 Quam
482 1552 673 1603 selegerit
692 1552 884 1598 PontifeX,
909 1553 1055 1602 ignoro.

93 1613 230 1654 Altera
253 1614 346 1654 data
364 1618 426 1653 est
449 1613 504 1653 ad
524 1615 667 1665 Re9em
690 1617 728 1653 et
747 1612 939 1664 Re9inam
959 1613 1058 1653 Cas-

91 1675 206 1715 tellae
221 1676 338 1727 etLe9
343 1675 443 1715 ionis
453 1679 528 1714 etc.
538 1676 765 1726 gratiasque
781 1675 861 1726 agit
870 1674 918 1713 de
928 1674 1056 1713 oblato

93 1737 290 1776 adversus
305 1738 457 1777 Turcas
480 1737 636 1776 auxilio.
659 1737 735 1775 Est
754 1735 917 1774 demum
934 1735 1058 1773 altera

94 1798 144 1837 ad
167 1796 397 1847 Mediolani,
427 1801 468 1836 et
495 1796 599 1835 Bari
623 1798 771 1845 Duces,
793 1807 894 1847 quos
922 1807 942 1834 a
972 1799 1056 1834 tur-

90 1858 220 1898 banda
243 1859 345 1898 bello
364 1859 477 1898 Italia
503 1862 684 1897 avertere
713 1861 890 1896 conatur.
900 1856 1056 1895 Instru-

91 1918 238 1965 ctiones,
274 1917 504 1959 Alexandri
526 1919 581 1959 VI
599 1918 684 1958 suis
709 1917 847 1970 leyatis
882 1916 1055 1956 traditae

90 1979 317 2020 indicantur
338 1981 379 2018 in
406 1980 648 2019 Bibliotheca
665 1981 865 2020 Vaticana.
880 1979 1056 2020 Monfau-

91 2052 166 2079 con
187 2041 285 2079 Bibl.
309 2041 419 2080 MSS.
440 2052 527 2092 pag.
552 2041 616 2081 26.

143 2100 459 2141 ALEXANDER
501 2100 751 2151 Achillinus,
792 2101 1054 2141 Bononiensis

94 2162 373 2215 PhilosophuS,
393 2175 485 2203 acer
507 2162 696 2209 Averrois
726 2167 898 2202 sectator
921 2162 1055 2203 docuit

93 2226 260 2272 Patavii,
296 2236 342 2265 ac
365 2225 507 2265 deinde
539 2226 762 2274 Bononiae,
791 2225 922 2275 ibique
959 2225 1056 2265 obiit·

92 2286 169 2326 An.
189 2287 304 2327 4525.
322 2288 379 2326 De
400 2287 465 2326 illo
482 2287 667 2331 Nicolaus
686 2287 918 2327 Comnenus
933 2288 1054 2337 Papa-

87 2347 216 2399 dopoli
235 2349 275 2387 in
291 2349 462 2388 Historia
481 2349 688 2400 Gymnasii
707 2349 885 2388 Patavini
899 2353 993 2387 tom.
1016 2349 1051 2397 I,

20 2450 23 2453 ,
88 2420 175 2460 pag.
192 2409 270 2449 298
292 2421 376 2460 seq.
397 2410 464 2449 ubi
480 2411 627 2461 scripta
647 2414 859 2449 memorat:
876 2410 932 2449 De
945 2413 1055 2461 pote-

88 2472 189 2510 state
201 2469 437 2522 Sylloqismi.
460 2470 742 2513 Distinctioncs
755 2471 795 2509 in
810 2470 943 2522 capita
958 2472 1060 2511 XXV

90 2528 342 2571 distributas.
359 2531 615 2580 Quaestiones
634 2532 738 2571 VIII.
754 2531 1055 2583 Eoepositionem

85 2590 217 2643 primi
246 2591 518 2643 Physicorum.
549 2593 606 2631 De
627 2592 952 2644 proportionibus
975 2604 1055 2631 mo-

91 2656 215 2691 tuum.
249 2652 476 2699 Tractatum
508 2652 554 2691 de
581 2651 803 2703 elementis,
831 2653 945 2695 libris
977 2655 1052 2693 III.

96 2714 154 2752 De
181 2711 356 2753 Orbibus
378 2711 503 2752 libros
525 2713 590 2753 IV.
607 2713 838 2762 Quodlibeta
863 2717 902 2754 V.
925 2715 972 2755 de
990 2716 1059 2754 In-,

94 2773 329 2826 telliqentiis.

148 2835 463 2876 ALEXANDER
499 2833 805 2885 Alemannicus,
830 2837 958 2888 Saxo,
981 2838 1055 2877 Or—

91 2897 172 2936 dIn.
195 2898 391 2937 Minorum
409 2927 417 2947 ,
438 2899 542 2936 inter
571 2896 835 2935 Scholasticos
858 2898 944 2936 Sec.
968 2900 1051 2937 XV.

93 2958 240 2998 Doctor
262 2957 459 3008 illibatus,
487 2957 637 2997 Auctor
671 2959 1053 2999 Commentariorum

94 3018 137 3057 in
158 3017 423 3072 Apocalypsin
441 3024 561 3070 atque
585 3019 625 3059 in
647 3022 819 3071 quatuor
847 3019 1061 3061 sententia.

98 3092 192 3120 rum
215 3080 350 3122 libros.

153 3141 468 3184 ALEXANDER
482 3142 633 3182 Alesse.
650 3144 734 3182 sive
748 3141 921 3189 Alesiae,
936 3142 1058 3181 Edin-

104 3204 316 3255 burgensis
333 3205 493 3254 Scotus,
511 3209 630 3243 natus
646 3204 720 3244 An.
740 3204 840 3244 1500
858 3233 866 3252 ,
883 3204 933 3243 23
952 3202 1066 3254 Apri-

1151 268 1389 309 adversariis
1409 271 1581 321 primum
1596 302 1608 320 ,
1630 271 1772 311 deinde
1797 271 1885 322 ejus
1907 285 1953 313 ac
1972 276 2117 315 Melan-

1150 330 1306 369 cthonis
1317 332 1468 371 amicus
1483 336 1523 370 et
1538 334 1746 373 Doctrinae
1756 335 2004 375 Lutheranae
2020 347 2113 375 con-

1150 394 1263 430 stans
1272 397 1459 439 assertor,
1469 393 1720 445 Theologiam
1729 394 2113 436 docuitFrancofurti

1149 451 1198 489 ad
1221 453 1410 493 Viadrum
1433 454 1481 493 ab
1503 453 1578 493 An.
1607 457 1707 495 4540
1732 460 1773 495 et
1792 457 1934 496 deinde
1957 459 2112 509 Lipsiae

1148 512 1196 550 ab
1210 511 1326 552 Anno
1347 516 1448 553 1543
1471 526 1599 564 usque
1614 516 1663 555 ad
1682 518 1784 557 1565
1802 529 1881 568 quo
1895 518 2000 557 diem
2016 519 2112 558 obiit

1149 573 1199 613 17
1218 575 1356 613 Martii.
1378 576 1435 614 De
1457 586 1504 614 eo
1527 577 1608 614 Jac.
1634 578 1836 617 Thomasii·
1859 580 1992 619 Oratio
2021 580 2113 620 XIV

1147 638 1188 672 et
1212 635 1522 674 Observationes
1545 636 1716 676 selectae
1735 639 1943 679 Hallenses
1961 642 2110 681 V1124.

1146 695 1306 736 Baelius
1339 696 1379 733 in
1403 696 1571 746 Lexico,
1596 697 1770 737 Joannes
1800 700 2111 754 Christophorus

1146 756 1400 794 Becmannus
1417 757 1454 794 in
1475 758 1571 796 vitis
1586 759 1859 799 Professorum
1880 763 2113 804 Francosur-

1149 816 1324 854 tensium
1348 828 1384 867 p.
1407 816 1457 854 97
1492 828 1575 868 seq,
1597 824 1638 857 et
1662 820 1853 871 Georgius
1888 824 2112 865 Mackenzie

1154 875 1194 913 in
1216 876 1311 914 vitis
1326 877 1571 928 Scriptorum
1588 881 1758 919 nationis
1778 882 1954 922 Scoticae
1970 913 1979 933 ,
1995 885 2111 925 editis

1153 935 1318 986 Anglice
1331 937 1553 990 Edinburgi·
1567 940 1660 981 1714
1690 942 1752 980 fol.
1768 947 1850 981 tom
1865 944 1912 992 II,
1928 956 2014 996 pag.
2034 948 2110 985 444

1153 1008 1237 1048 seq.
1274 999 1342 1048 qui
1365 999 1414 1037 ab
1437 999 1512 1038 hoc
1544 1000 1678 1041 Alesio
1702 1014 1841 1042 ansam
1875 1007 1975 1056 petit
1998 1007 2111 1057 plura

1148 1058 1305 1098 dicendi
1332 1059 1380 1099 de
1417 1061 1590 1101 Luthero
1624 1067 1664 1102 et
1700 1065 1890 1105 universa
1911 1067 2113 1107 Reforma-

1146 1121 1265 1159 tionis
1273 1121 1474 1177 Ecclesiae
1483 1123 1658 1164 historia.
1672 1126 1828 1177 Scripta
1838 1126 1959 1178 hujus
1967 1126 2089 1168 Alesii
2102 1144 2109 1166 ς

1144 1181 1185 1220 in
1206 1181 1386 1223 Psalmos
1402 1214 1412 1234 ,
1433 1184 1628 1225 Johannis
1645 1186 1933 1238 Evanyelium,
1953 1189 2111 1240 Episto-

1142 1241 1223 1281 lam
1245 1243 1300 1282 ad
1317 1246 1538 1295 Romanos,
1555 1250 1770 1299 utramque
1793 1248 1848 1287 ad
1866 1249 2107 1288 Timotheum

1139 1307 1179 1342 et·
1197 1303 1252 1343 ad
1276 1304 1413 1345 Titum.
1450 1308 1507 1346 De
1540 1308 1766 1360 Scripturis
1795 1310 1936 1350 Sacris
1971 1310 2108 1362 linqua

1136 1365 1357 1405 vernacula
1377 1365 1548 1417 leyendis
1563 1400 1574 1417 ,
1599 1374 1737 1409 contra
1771 1371 2001 1411 Cochleum.
2032 1374 2108 1412 Re-

1134 1426 1293 1476 sponsio
1317 1426 1372 1465 ad
1388 1427 1547 1467 Cochlei
1574 1429 1809 1471 calumnias.
1826 1432 1883 1470 De
1901 1431 2022 1471 Verbi
2032 1445 2106 1471 au-

1133 1487 1313 1527 ctoritate
1326 1519 1338 1538 ,
1368 1488 1565 1529 adversus
1603 1492 1846 1542 Episcopum
1881 1493 2105 1532 Londinen-

1131 1560 1229 1588 sem.
1240 1550 1442 1600 Scriptum
1449 1552 1804 1591 contraDeeretum
1812 1553 2104 1606 Episcoporum

1131 1610 1298 1650 Scotiae.
1315 1611 1463 1650 Contra
1480 1613 1638 1652 Serveti
1649 1614 1930 1665 blasphemias.
1950 1617 2097 1656 Contra

1131 1683 1305 1711 errorem
1320 1671 1516 1712 Valentini
1523 1673 1688 1715 Gentilis
1698 1678 1866 1715 assertio
1876 1678 2103 1717 Catholicae

1131 1733 1332 1772 doctrinae
1358 1735 1406 1773 de
1437 1736 1506 1776 SS.
1543 1738 1759 1776 Trinitate:
1795 1739 2017 1789 Disputatio
2051 1739 2101 1777 de

1127 1798 1318 1844 perpetuo
1338 1806 1540 1835 consensu
1559 1798 1762 1837 Ecclesiae
1780 1812 1787 1838 :
1808 1800 2026 1850 Responsio
2046 1799 2097 1838 ad

1126 1856 2094 1908 XXXIIarticulosTheologorumLovaniensium.

1127 1917 1184 1955 De
1219 1917 1238 1954 J
1245 1917 1508 1956 ustificatione
1540 1922 1678 1956 contra
1707 1917 1906 1957 Adamum
1951 1919 2094 1958 Osian-

1127 1977 1257 2017 drum.
1272 1977 1580 2018 Dissertationes
1589 1979 1976 2031 anti-‹Tapperianae
1989 1983 2096 2030 (con-

1127 2044 1189 2079 tra
1207 2039 1412 2079 Ruardum
1428 2041 1671 2090 Tapperum)
1688 2052 1859 2090 quarum
1875 2042 2015 2090 quinta
2029 2046 2093 2079 est

1127 2101 1176 2140 de
1200 2102 1440 2140 necessitate
1464 2106 1504 2139 et
1537 2103 1678 2140 merito
1701 2102 1895 2140 bonorum
1914 2113 2091 2152 operum.

1179 2161 1495 2202 ALEXANDER
1534 2161 1587 2201 ab
1622 2162 1877 2212 Aleaeandro,
1914 2162 1935 2185 ἦ
1964 2164 2090 2203 JCtus

1126 2224 1423 2275 Neapolitanus,
1439 2225 1478 2262 in
1494 2225 1620 2275 patria
1628 2228 1669 2262 et
1682 2225 1828 2263 Romae
1842 2235 1935 2263 cum
1949 2235 2093 2263 causas

1127 2287 1319 2337 gessisset
1341 2297 1435 2325 cum
1465 2285 1600 2333 laude,
1622 2287 1685 2325 lib.
1707 2287 1758 2326 VI
1781 2297 1865 2336 cap.
1896 2285 1920 2323 7
1950 2286 2093 2336 genial.

1127 2348 1282 2387 dierum
1302 2349 1358 2387 ait
1374 2348 1454 2386 foro
1478 2359 1521 2387 se
1541 2346 1926 2399 renunciasse,quod
1939 2346 2095 2386 videret

1128 2408 1315 2448 Patronis
1339 2412 1480 2448 contra
1502 2408 1584 2448 m'm
1604 2408 1873 2460 potentiorum
1900 2411 1974 2446 aut
1996 2419 2094 2458 yra-

1128 2471 1225 2511 tiam
1246 2470 1346 2510 nihil
1355 2470 1559 2522 praesidii
1580 2482 1683 2520 esse,
1704 2469 1803 2508 nihil
1824 2469 1926 2520 opis,
1947 2472 1985 2506 et
2001 2467 2093 2519 fru-

1129 2536 1218 2571 stra
1239 2543 1282 2571 se
1296 2531 1338 2570 in
1353 2531 1481 2582 le9um
1504 2530 1785 2570 controversiis
1809 2533 1961 2568 tan-tum
1984 2527 2092 2566 labo-

1126 2594 1187 2632 ris
1210 2597 1250 2631 ct
1268 2592 1501 2644 viyiliarum
1519 2592 1736 2643 suscipere.
1757 2593 1870 2629 Diem
1896 2590 1990 2628 obiit
2019 2591 2092 2627 Ro-

1128 2665 1216 2693 mae
1245 2652 1360 2692 Anno
1385 2655 1508 2702 4523,
1538 2654 1562 2692 2
1592 2653 1793 2699 Octobris,
1817 2661 1942 2690 annos
1972 2654 2091 2688 natus

1126 2715 1226 2754 duos
1245 2725 1290 2753 ac
1313 2715 1530 2764 sexaginta.
1555 2714 1771 2752 Mitioribus
1795 2713 1913 2762 igitur
1943 2711 2092 2750 studiis.

1126 2788 1197 2827 per
1220 2775 1393 2813 multum
1417 2779 1597 2824 tempus,
1626 2785 1719 2812 cum
1749 2784 1791 2811 se
1820 2773 2087 2820 oblectasset,

1126 2847 1229 2877 anno
1249 2839 1342 2873 ante
1365 2834 1514 2873 obitum
1535 2834 1658 2872 edidit
1679 2835 1825 2872 Romae
1848 2833 1950 2872 4522
1968 2834 2030 2871 fol.
2047 2838 2087 2871 et

1124 2896 1306 2935 Andreae
1315 2895 1547 2945 Aquavivae
1558 2925 1566 2945 ,
1576 2896 1673 2934 Duci
1688 2894 1830 2933 Adriae
1845 2893 2004 2943 dicavit,
2022 2905 2090 2931 no-

1127 2959 1327 2995 tissimum
1348 2955 1443 2995 illud
1463 2967 1563 3006 opus
1586 2955 1742 2994 dierum
1761 2954 1989 3006 yenialium,
2011 2965 2089 2993 seoe

1127 3016 1248 3060 libris
1260 3017 1514 3065 distinctum,
1538 3028 1632 3055 vere
1656 3016 1874 3067 quoddam,
1900 3021 1943 3054 ut
1972 3027 2088 3054 voca-

1128 3083 1194 3122 tur
1202 3090 1224 3117 a
1232 3079 1369 3118 Vossio
1379 3107 1387 3127 ,
1397 3077 1694 3128 promtuarium
1703 3076 1966 3128 antiquitatis,
1978 3088 2089 3128 prae-

1189 3227 1201 3242 ⁴
1213 3230 1266 3259 Bis
1279 3226 1473 3266 Alexander,
1489 3228 1706 3268 praenomine
1716 3227 1893 3259 etnomine
1908 3225 2089 3266 gentilitio,

98 3264 171 3313 lis,
202 3276 251 3306 ox
282 3266 644 3308 Sententiariorum
671 3266 803 3306 schola
835 3270 873 3304 ct
908 3265 1068 3308 Luthcii
1125 3280 1163 3309 ut
1180 3279 1306 3311 marcus
1325 3278 1445 3316 Murci,
1470 3278 1633 3310 Adrianus
1647 3277 1689 3308 ab
1704 3277 1849 3309 Adriano
1867 3279 1934 3310 eie.

1608 3345 1633 3383 8
