2500 3841
865 177 1333 219 ALEXANDER
2043 173 2095 213 63

98 252 302 294 bliothecis
322 250 510 302 Angliae,
540 254 661 300 atque
694 249 871 289 continet
890 251 1062 301 explica-

99 317 248 354 tionem
271 314 446 353 locorum
469 311 688 350 difficilium
713 311 855 350 Sacrae
885 312 1062 363 Scriptu-

98 379 231 423 rae,ut
243 370 600 424 Caveusproducto
616 373 832 423 specimine
842 374 1059 412 annotavit.

97 438 222 478 Nemo
237 441 372 476 autem
388 436 671 482 nescit,sacras
686 434 840 473 litteras
851 434 1062 474 Bibliothe-

98 509 168 537 cae
182 499 344 537 venisse
363 497 535 545 nomine,
545 495 595 533 de
615 506 693 545 quo
711 495 812 534 infra
828 495 867 534 in
881 507 979 535 voce
995 497 1063 535 BI-

98 556 398 599 BLIOTHECA.
423 556 636 609 Speculum
660 555 981 607 speculationum
1019 558 1064 596 li-

102 620 185 659 bris
194 620 258 658 VI.
270 618 527 668 Quaestiones
546 617 699 658 variae.
719 618 775 657 De
783 616 904 658 rebus
917 618 1063 658 creatis

100 679 142 718 in
156 679 298 731 specie.
305 679 376 719 Dis
381 678 582 719 tinctiones
592 677 817 718 verborum.
825 680 881 718 De
888 679 1065 719 utensili-

100 739 186 780 bus.
209 739 487 791 Repertorium
513 739 814 780 Vocabulorum.
848 739 1064 780 Vocabula-

99 801 207 840 rium
219 801 271 840 Bi
275 800 430 840 blicum.
449 801 659 852 Eoepostti'o
675 801 721 840 de
741 801 889 840 anima.
910 802 966 841 De
980 801 1065 841 vir-

101 861 266 902 tutibus.
285 863 342 902 De
354 863 582 915 praeceptis
598 861 793 913 Decaloyi.
817 863 874 901 De
886 862 975 913 fide,
995 873 1063 914 spe

22 942 26 946 -
100 927 138 962 et
157 922 364 963 charitate.
392 924 478 964 Cur
500 924 628 964 Filius
645 924 893 962 incarnatur.
914 924 970 961 De
993 922 1064 962 ad-

98 989 220 1025 ventu
240 985 408 1024 Domini.
433 986 490 1024 De
507 985 688 1037 puritate
709 984 880 1025 Mariae.
908 985 965 1023 De
991 995 1062 1023 na-

101 1046 252 1086 tivitate
273 1046 441 1087 Mariae.
466 1048 523 1087 De
546 1046 850 1086 annunciatione
873 1044 1060 1098 ejusdem.

97 1109 156 1147 De
191 1107 489 1159 desponsatione
517 1107 687 1160 Joseplzi.
724 1108 781 1146 De
820 1106 1062 1147 assumtione

106 1169 291 1220 Viryinis,
315 1170 372 1209 De
404 1169 521 1209 laude
542 1170 668 1210 Divae
694 1168 876 1220 Viryinis.
900 1169 956 1208 De
974 1180 1061 1207 mu-

100 1230 196 1270 liere
217 1229 326 1283 sorti.
346 1230 520 1282 Reyulae
534 1231 576 1270 in
598 1231 630 1269 T
626 1229 852 1282 heoloyiam.
874 1230 931 1268 De
940 1241 1062 1282 prae-

96 1291 218 1343 ceptis
253 1291 449 1344 Decaloyi.
481 1293 538 1331 De
579 1290 812 1333 Virtutibus.
850 1293 1061 1332 Sermones

95 1353 238 1393 XVIII.
260 1353 551 1402 Eoeorcismus,
568 1354 653 1394 sive
679 1353 979 1405 Baptisterium.
1003 1355 1062 1393 De

97 1413 330 1454 humilitatis
348 1413 559 1466 yradibus.
588 1414 808 1454 Octodecim
837 1415 1058 1458 Sermones.

95 1476 145 1514 In
168 1474 399 1528 Symbolum
434 1475 661 1516 Athanasii.
682 1478 812 1530 Super
844 1479 1061 1529 utrumque

101 1537 401 1576 Testamentum.
429 1538 562 1589 Super
598 1536 852 1578 Psalterium.
882 1539 932 1577 In
963 1540 1062 1577 Pro-

94 1596 237 1638 verbia
254 1597 488 1639 Salomonis.
513 1599 562 1638 In
583 1598 863 1640 Ecclesiasten.
887 1601 936 1639 In
956 1600 1062 1641 Can-

97 1660 178 1700 tica
201 1659 469 1701 Canticorum.
505 1662 638 1713 Super
675 1661 932 1702 Ezechielem.
961 1662 1066 1703 Novi

103 1722 341 1763 Testamenti
352 1722 645 1774 Eaepositiones.
668 1723 867 1764 Lectiones
883 1723 1065 1775 Scriptu-

100 1795 259 1822 rarum.
283 1783 597 1824 concordantiae
628 1783 862 1824 Bibliorum.
889 1785 1064 1826 Moralia

97 1843 420 1897 Evanqeliorum.
439 1845 712 1886 Correctiones
726 1845 913 1897 Biblicae,
923 1848 1062 1898 quales

100 1907 205 1955 illae,
229 1905 279 1945 de
300 1907 446 1957 quibus
469 1918 588 1957 supra
608 1908 648 1945 in
667 1906 809 1946 Albino
828 1908 1007 1948 Alcuino.

152 1966 176 1990 ³⁵
196 1966 509 2008 ALEXANDER
522 1969 580 2006 De
608 1968 713 2007 Nevo
737 1970 971 2009 vicentinus
994 1969 1063 2021 jus

102 2028 346 2068 Canonicum
364 2029 515 2068 Patavii
543 2029 657 2080 legit,
687 2031 926 2081 scripsitque
948 2031 1062 2082 plura

98 2089 271 2129 Consilia
292 2093 432 2129 contra
449 2090 665 2130 tolerantes
694 2102 717 2130 a
744 2091 900 2131 Iudaeis
935 2092 1063 2143 publi-

101 2161 195 2190 cum
211 2150 352 2191 foenus
366 2153 542 2191 exerceri
557 2164 660 2203 quae
677 2153 782 2192 MSS.
807 2154 1063 2192 continentur

97 2213 138 2250 in
161 2211 246 2251 cod.
267 2212 344 2251 244
361 2213 546 2252 Biblioth.
560 2214 698 2253 Felini.
718 2214 791 2253 Ubi
810 2215 957 2266 pariter
973 2215 1060 2266 lego

96 2276 314 2314 tractatum
335 2272 498 2313 Antonii
517 2274 566 2314 de
581 2276 750 2314 Rosellis
772 2275 926 2316 Aretini
942 2277 991 2316 de
1005 2277 1061 2316 le-

98 2336 356 2386 gitimatione‚
367 2336 606 2386 impressum
628 2338 778 2388 absque
794 2338 1059 2390 adscriptione

96 2396 169 2435 loci
191 2399 232 2436 et
254 2398 348 2436 anni
370 2398 410 2435 in
423 2399 541 2437 cuius
563 2399 671 2438 calce
686 2399 783 2440 haec
803 2400 1055 2440 adnotantur.

97 2457 316 2512 Correptus
348 2456 430 2511 suit
449 2458 521 2499 iste
535 2463 733 2501 tractatus
751 2473 829 2513 per
862 2461 1058 2501 eoeimium

96 2517 308 2570 utriusque
330 2520 444 2572 juris
470 2521 677 2561 Doctorem
703 2522 985 2563 Aleaeandrum
1011 2523 1060 2563 de

95 2578 200 2618 Nevo
220 2578 263 2617 in
283 2580 413 2620 studio
432 2581 624 2622 Paduano
639 2583 746 2635 jura
769 2584 970 2625 Canonica
992 2597 1058 2624 or-

95 2637 251 2678 dinarie
272 2639 470 2692 leyentem.

151 2701 464 2743 ALEXANDER
486 2703 534 2744 de
564 2704 696 2755 Oliva,
721 2707 1057 2748 Saxoferratensis

95 2762 414 2814 Augustinianus
432 2778 440 2803 :
461 2770 621 2806 creatus
640 2779 663 2806 a
681 2769 748 2806 Pio
771 2769 818 2807 ΙΙ.
839 2767 914 2807 An.
936 2770 1052 2809 ⁴450.

95 2824 316 2864 Cardinalis
340 2826 434 2864 obiit
455 2825 572 2866 Anno
588 2828 703 2867 4463.
717 2830 876 2867 Praeter
898 2830 1056 2868 Sermo-

93 2896 165 2925 nes
201 2887 277 2926 ⁴00
308 2891 350 2926 et
387 2887 621 2937 Orationes,
646 2889 804 2940 scripsit
839 2888 886 2929 de
925 2891 1055 2931 Coena

93 2946 291 2998 Apostolis
312 2946 441 3000 facta,
467 2954 507 2988 et
535 2949 582 2989 de
606 2953 768 3001 peccato
797 2949 838 2989 in
859 2951 1055 3002 Spiritum

95 3009 298 3048 Sanctum.
329 3010 425 3049 Vide
453 3010 703 3062 Alphonsum
731 3013 984 3052 Ciacconium
1015 3014 1053 3051 in

94 3070 195 3109 Vitis
214 3071 482 3113 Cardinalium
505 3085 591 3125 pag.
615 3074 729 3114 4210.
748 3075 968 3125 Philippum
989 3075 1055 3114 El-

97 3132 201 3170 sium
224 3143 310 3184 pag.
335 3134 386 3174 27
424 3147 507 3186 seq.
544 3136 772 3175 Cornelium
810 3137 992 3176 Curtium
1015 3137 1053 3175 in

96 3192 232 3244 elogiis
245 3194 513 3237 Eremitarum
530 3198 569 3238 S.
580 3197 791 3249 Augustini
807 3210 892 3250 pag.
903 3198 952 3236 83
968 3208 1050 3250 seq.

97 3254 289 3296 Bzovium
310 3256 358 3298 ad
382 3257 545 3302 Annum
569 3260 670 3301 ⁴463
696 3270 803 3300 num.
831 3260 880 3300 31
901 3264 974 3299 otc.

1187 247 1500 289 ALEXANDER
1528 247 1739 285 Ravennae
1763 243 2009 295 Episcopus,
2031 253 2099 282 su—

1135 323 1205 363 pra
1227 309 1345 350 Aleae.
1370 308 1416 349 de
1435 310 1475 349 S.
1496 306 1665 359 Elpidia

1186 371 1499 412 ALEXANDER
1521 371 1568 408 II.
1592 370 1676 408 Rex
1698 367 1867 416 Scotiae,
1892 366 1959 416 qui
1982 364 2099 404 Anno

1136 434 1290 473 CHristi
1311 434 1414 473 4249
1436 432 1540 471 diem
1558 430 1662 470 obiit.
1680 428 1780 480 Ejus
1797 429 1958 468 Statuta
1976 426 2099 466 edidit

1135 495 1338 534 Johannes
1356 493 1560 533 Skenaeus
1585 493 1623 530 in
1643 492 1762 541 Regia
1775 489 1998 540 Majestate,
2014 489 2100 527 sive

1137 556 1344 596 veteribus
1367 553 1538 604 Legibus
1561 558 1601 592 et
1625 551 1985 592 Constitutionibus
2008 551 2102 591 Sco-

1136 620 1237 667 tiae,
1261 616 1425 656 Londini
1447 616 1549 654 4613
1574 616 1613 652 in
1637 614 1737 653 folio.

1190 677 1503 719 ALEXANDER
1525 677 1716 726 Severus,
1741 676 1789 715 ab
1811 675 1927 715 Anno
1947 674 2100 715 CHristi

1136 742 1216 782 222
1244 740 1294 779 ad
1329 740 1419 778 235.
1457 739 1701 789 Imperator,
1730 737 1837 777 Vitas
1869 736 2101 789 Principum

1138 801 1329 841 bonorum
1342 797 1529 840 versibus
1549 799 1707 849 scripsit
1727 828 1734 847 ,
1756 803 1860 837 teste
1877 799 2100 850 Lampridio

1136 874 1220 914 cap.
1245 863 1296 901 27
1320 862 1470 900 Latinis
1490 872 1539 900 an
1560 860 1740 908 Graecis,
1767 861 1989 899 incertum:
2008 862 2100 900 licet

1136 924 1297 963 Graecis
1321 923 1432 962 malit
1451 923 1643 971 Vossius,
1668 923 1737 972 qui
1765 922 1850 960 ideo
1874 923 1912 959 in
1937 922 2100 962 Graecis

1136 987 1265 1025 Poetis
1284 990 1325 1024 et
1347 985 1553 1025 Historicis
1572 983 1798 1022 Alexandro
1826 983 1956 1022 locum
1980 983 2100 1023 dedit.

1135 1048 1339 1099 Principes
1374 1047 1492 1095 boni,
1516 1050 1563 1085 ut
1597 1045 1701 1083 idem
1725 1056 1775 1083 ex
1797 1045 1955 1095 Vopisci
1977 1043 2104 1084 Aure-

1138 1110 1241 1149 liano
1271 1120 1354 1160 cap.
1392 1108 1441 1148 42
1479 1107 1692 1156 observat,
1717 1107 1827 1145 fuere
1863 1105 2074 1157 Augustus
2092 1135 2101 1155 ,

1135 1172 1275 1220 Titus,
1298 1171 1456 1219 Nerva,
1486 1168 1707 1219 Trajanus,
1732 1167 1933 1207 Adrianus
1949 1197 1958 1215 ,
1986 1167 2103 1206 ambo

1131 1232 1321 1272 Antonini
1341 1235 1382 1270 et
1405 1231 1622 1282 Septimius
1645 1230 1832 1269 Severus.

1186 1292 1502 1334 ALEXANDER
1517 1291 1835 1341 Somersetensis,
1845 1292 1911 1331 vel
1926 1290 2103 1345 Stasfor-

1134 1354 1298 1395 diensis.
1323 1366 1470 1406 supra,
1494 1352 1756 1394 Essebiensis.

1188 1417 1391 1468 Sulpicius
1405 1416 1732 1466 ALEXANDER,
1748 1414 1863 1465 cujus
1878 1414 2102 1455 Historiam

1134 1479 1262 1518 multa
1283 1477 1330 1518 de
1349 1476 1522 1530 Reqibus
1548 1479 1802 1516 Francorum
1822 1489 1980 1516 narrare
2005 1478 2102 1516 scri-

1132 1541 1191 1580 bit
1212 1541 1428 1592 Gregorius
1452 1541 1698 1580 Turonensis
1722 1539 1819 1578 libro
1830 1538 1955 1583 ILubi
1975 1551 2097 1590 quae-

1135 1666 1209 1705 hoc
1232 1664 1461 1704 Alexandro
1481 1664 1614 1703 refert.

1190 1725 1506 1766 ALEXANDER
1536 1725 1583 1765 de
1603 1725 1824 1777 Tartaynis.
1847 1737 1979 1778 supra,
2000 1726 2102 1765 Imo-

1104 1827 1122 1836 -
1137 1788 1269 1829 lensis.

1187 1848 1502 1890 ALEXANDER
1534 1847 1760 1900 Telesinus,
1785 1858 1930 1900 supra,
1955 1848 2101 1890 Celesi-

1135 1922 1500 2014 nuALEXANDER
1518 1971 1566 2011 de
1603 1973 1701 2023 Very
1720 2003 1729 2020 ,
1752 1971 2072 2022 Augustinianus
2088 2001 2097 2019 ,

1134 2037 1238 2076 circa
1267 2035 1430 2075 Annum
1461 2035 1615 2075 CHristi
1642 2034 1744 2073 ⁴336
1769 2033 1886 2084 cujus
1910 2035 1950 2072 in
1979 2035 2098 2084 Magi-

1134 2103 1265 2138 strum
1295 2097 1593 2137 Sententiarum
1625 2095 1917 2135 Commentarii
1949 2106 2102 2133 memo-

1134 2164 1500 2261 rarXpZXANDER
1532 2218 1579 2259 de
1615 2217 1716 2260 Villa
1745 2217 1836 2268 Dei,
1862 2220 1949 2257 sive
1982 2217 2101 2258 Πῖῖα-

1131 2281 1248 2333 deus,
1273 2282 1530 2322 Aremoricus
1558 2281 1769 2329 Dolensis,
1794 2280 1954 2320 Ordinis
1977 2281 2100 2318 Mino-

1131 2356 1248 2395 rum,
1271 2344 1567 2383 Grammaticus
1591 2347 1632 2381 et
1665 2344 1784 2381 Poeta
1820 2341 1977 2390 clarus,
2003 2353 2095 2380 cum
2174 2383 2178 2390 ,

1130 2407 1265 2445 Ysone
1289 2410 1330 2445 et
1348 2406 1510 2445 Rodolfo
1535 2404 1700 2456 Anglico
1720 2403 1854 2442 docuit
1877 2404 2036 2442 Parisiis
2055 2406 2096 2440 et

1130 2468 1235 2506 circa
1253 2466 1417 2506 Annum
1443 2467 1545 2506 4209
1567 2467 1731 2516 scripsit
1750 2464 1865 2504 avide
1889 2468 2095 2513 receptum

1130 2529 1196 2567 illa
1218 2533 1348 2567 aetate
1364 2528 1386 2552 *
1400 2529 1440 2566 in
1460 2528 1607 2566 scholis
1626 2525 1844 2566 doctrinale
1862 2536 2095 2576 puerorum,

1130 2590 1216 2628 sive
1250 2589 1558 2627 Grammaticam
1597 2588 1777 2627 Latinam
1815 2589 2043 2636 excerptam
2072 2598 2095 2623 e

1129 2650 1327 2689 Prisciano
1342 2678 1351 2697 ,
1368 2654 1409 2688 et
1431 2649 1616 2688 versibus
1632 2648 1816 2686 Leoninis
1835 2645 2095 2696 comprehen-

1130 2722 1215 2749 sam
1234 2740 1243 2760 ,
1265 2714 1308 2748 ut
1330 2710 1440 2748 facile
1460 2714 1569 2748 esset
1590 2713 1713 2746 totam
1735 2707 1923 2746 mandare
1944 2718 2094 2745 memo-

1130 2773 1221 2810 riae.
1251 2772 1416 2821 Incipit:
1441 2768 1628 2809 Scribere
1663 2767 1863 2808 clericulis
1889 2780 1993 2820 paro
2015 2769 2093 2806 Do-

1131 2831 1297 2871 ctrinale
1338 2829 1512 2870 novellis.
1559 2830 1828 2879 Beugliemius
1875 2830 2089 2869 editionem

1127 2894 1395 2944 Moguntinam
1430 2892 1545 2930 Anno
1585 2893 1688 2932 4462
1722 2897 1939 2942 memorat,
1967 2903 2088 2942 quam

1128 2966 1297 3005 usquam
1321 2958 1479 2992 exstare
1499 2954 1662 2993 dubito:
1688 2954 1758 2993 sed
1781 2958 1914 2992 exstat
1936 2954 2089 2993 Veneta

1127 3015 1200 3054 An.
1231 3015 1332 3055 4473
1368 3015 1429 3053 fol.
1468 3016 1519 3054 Ut
1554 3016 1650 3055 alias
1683 3015 1861 3066 juniores
1881 3012 2090 3064 ’mado-sac,

1127 3078 1246 3115 etiam
1260 3088 1351 3116 cum
1367 3079 1604 3117 commentis
1616 3078 1804 3118 Ludoviei
1821 3077 2087 3117 deraschis.

1181 3225 1194 3238 ·
1217 3227 1315 3258 nent.
1332 3226 1479 3262 Gaudav.
1503 3235 1577 3267 cap.
1602 3226 1643 3259 59
1660 3227 1700 3260 de
1723 3226 1954 3269 scriptoribus
1978 3227 2089 3261 Eccle-

1124 3275 1284 3309 siasiicis.
