<?xml version="1.0" encoding="UTF-8"?>
<!DOCTYPE html PUBLIC "-//W3C//DTD XHTML 1.0 Transitional//EN"
    "http://www.w3.org/TR/xhtml1/DTD/xhtml1-transitional.dtd">
<html xmlns="http://www.w3.org/1999/xhtml" xml:lang="en" lang="en">
 <head>
  <title>
</title>
<meta http-equiv="Content-Type" content="text/html;charset=utf-8" />
  <meta name='ocr-system' content='tesseract 3.04.00' />
  <meta name='ocr-capabilities' content='ocr_page ocr_carea ocr_par ocr_line ocrx_word'/>
</head>
<body>
  <div class='ocr_page' id='page_1' title='image "./bibliothecalatin01fabruoft_0191.png"; bbox 0 0 2500 3841; ppageno 0'>
   <div class='ocr_carea' id='block_1_1' title="bbox 844 197 1286 239">
    <p class='ocr_par' dir='ltr' id='par_1_1' title="bbox 844 197 1286 239">
     <span class='ocr_line' id='line_1_1' title="bbox 844 197 1286 239; baseline 0.007 -3"><span class='ocrx_word' id='word_1_1' title='bbox 844 197 1286 239; x_wconf 81' lang='lat' dir='ltr'>BAGAROTUS</span> 
     </span>
    </p>
   </div>
   <div class='ocr_carea' id='block_1_2' title="bbox 36 269 1031 2866">
    <p class='ocr_par' dir='ltr' id='par_1_2' title="bbox 73 269 1027 573">
     <span class='ocr_line' id='line_1_2' title="bbox 80 269 1023 321; baseline -0.004 -8"><span class='ocrx_word' id='word_1_2' title='bbox 80 280 184 313; x_wconf 88' lang='lat' dir='ltr'>tomo</span> <span class='ocrx_word' id='word_1_3' title='bbox 199 272 249 311; x_wconf 87' lang='lat'>111</span> <span class='ocrx_word' id='word_1_4' title='bbox 268 273 380 310; x_wconf 84' lang='lat' dir='ltr'>Parte</span> <span class='ocrx_word' id='word_1_5' title='bbox 398 270 431 308; x_wconf 90' lang='grc'>11</span> <span class='ocrx_word' id='word_1_6' title='bbox 449 300 457 320; x_wconf 87' lang='grc'>,</span> <span class='ocrx_word' id='word_1_7' title='bbox 476 280 562 320; x_wconf 87' lang='lat' dir='ltr'>pag.</span> <span class='ocrx_word' id='word_1_8' title='bbox 588 269 664 308; x_wconf 87' lang='grc'>428</span> <span class='ocrx_word' id='word_1_9' title='bbox 682 271 722 307; x_wconf 85' lang='lat' dir='ltr'>et</span> <span class='ocrx_word' id='word_1_10' title='bbox 741 271 846 308; x_wconf 88' lang='lat' dir='ltr'>tomo</span> <span class='ocrx_word' id='word_1_11' title='bbox 862 271 922 318; x_wconf 91' lang='lat' dir='ltr'>IV,</span> <span class='ocrx_word' id='word_1_12' title='bbox 938 282 1023 321; x_wconf 87' lang='lat' dir='ltr'>pag.</span> 
     </span>
     <span class='ocr_line' id='line_1_3' title="bbox 77 329 1026 381; baseline -0.005 -5"><span class='ocrx_word' id='word_1_13' title='bbox 77 337 154 377; x_wconf 87' lang='grc'>298</span> <span class='ocrx_word' id='word_1_14' title='bbox 188 338 228 374; x_wconf 89' lang='lat' dir='ltr'>et</span> <span class='ocrx_word' id='word_1_15' title='bbox 263 331 410 372; x_wconf 84' lang='lat' dir='ltr'>librum</span> <span class='ocrx_word' id='word_1_16' title='bbox 443 329 737 370; x_wconf 77' lang='lat' dir='ltr'><em>cavillationum</em></span> <span class='ocrx_word' id='word_1_17' title='bbox 750 363 761 381; x_wconf 76' lang='lat'>,</span> <span class='ocrx_word' id='word_1_18' title='bbox 798 332 864 381; x_wconf 92' lang='lat' dir='ltr'>qui</span> <span class='ocrx_word' id='word_1_19' title='bbox 902 332 1026 371; x_wconf 80' lang='lat' dir='ltr'>fertur</span> 
     </span>
     <span class='ocr_line' id='line_1_4' title="bbox 74 393 1027 438; baseline -0.005 -1"><span class='ocrx_word' id='word_1_20' title='bbox 74 399 193 438; x_wconf 86' lang='lat' dir='ltr'>etiam</span> <span class='ocrx_word' id='word_1_21' title='bbox 215 396 289 435; x_wconf 84' lang='lat' dir='ltr'>sub</span> <span class='ocrx_word' id='word_1_22' title='bbox 310 395 468 434; x_wconf 87' lang='lat' dir='ltr'>nomine</span> <span class='ocrx_word' id='word_1_23' title='bbox 489 394 730 432; x_wconf 90' lang='lat' dir='ltr'>Bonacursii.</span> <span class='ocrx_word' id='word_1_24' title='bbox 764 393 861 432; x_wconf 84' lang='lat' dir='ltr'><strong>Vide</strong></span> <span class='ocrx_word' id='word_1_25' title='bbox 881 393 1027 432; x_wconf 90' lang='lat' dir='ltr'>Gvido-</span> 
     </span>
     <span class='ocr_line' id='line_1_5' title="bbox 75 455 1026 499; baseline -0.006 0"><span class='ocrx_word' id='word_1_26' title='bbox 75 471 167 499; x_wconf 86' lang='lat' dir='ltr'>nem</span> <span class='ocrx_word' id='word_1_27' title='bbox 186 457 446 498; x_wconf 89' lang='lat' dir='ltr'>Pancirollum</span> <span class='ocrx_word' id='word_1_28' title='bbox 476 456 540 497; x_wconf 85' lang='lat' dir='ltr'>lib.</span> <span class='ocrx_word' id='word_1_29' title='bbox 565 456 588 496; x_wconf 91' lang='grc'><strong>2</strong></span> <span class='ocrx_word' id='word_1_30' title='bbox 611 455 660 494; x_wconf 93' lang='lat' dir='ltr'>de</span> <span class='ocrx_word' id='word_1_31' title='bbox 693 455 809 494; x_wconf 88' lang='lat' dir='ltr'>claris</span> <span class='ocrx_word' id='word_1_32' title='bbox 843 456 948 495; x_wconf 67' lang='lat' dir='ltr'>,luris</span> <span class='ocrx_word' id='word_1_33' title='bbox 968 457 1026 494; x_wconf 91' lang='lat' dir='ltr'>in-</span> 
     </span>
     <span class='ocr_line' id='line_1_6' title="bbox 73 519 504 573; baseline -0.012 -12"><span class='ocrx_word' id='word_1_34' title='bbox 73 521 311 573; x_wconf 87' lang='lat' dir='ltr'>terpretibus</span> <span class='ocrx_word' id='word_1_35' title='bbox 333 531 418 570; x_wconf 90' lang='lat' dir='ltr'>cap.</span> <span class='ocrx_word' id='word_1_36' title='bbox 440 519 504 558; x_wconf 94' lang='grc'>24.</span> 
     </span>
    </p>

    <p class='ocr_par' dir='ltr' id='par_1_3' title="bbox 69 579 1031 945">
     <span class='ocr_line' id='line_1_7' title="bbox 122 579 1027 631; baseline -0.006 -9"><span class='ocrx_word' id='word_1_37' title='bbox 122 581 331 622; x_wconf 85' lang='lat' dir='ltr'>Bertucius</span> <span class='ocrx_word' id='word_1_38' title='bbox 349 579 666 631; x_wconf 83' lang='lat' dir='ltr'>BAGAROTUS,</span> <span class='ocrx_word' id='word_1_39' title='bbox 690 581 757 631; x_wconf 90' lang='lat' dir='ltr'>qui</span> <span class='ocrx_word' id='word_1_40' title='bbox 787 581 934 619; x_wconf 87' lang='lat' dir='ltr'>Patavii</span> <span class='ocrx_word' id='word_1_41' title='bbox 959 579 1027 618; x_wconf 84' lang='lat' dir='ltr'>do-</span> 
     </span>
     <span class='ocr_line' id='line_1_8' title="bbox 73 642 1031 685; baseline -0.004 -1"><span class='ocrx_word' id='word_1_42' title='bbox 73 646 155 685; x_wconf 89' lang='lat' dir='ltr'>cuit</span> <span class='ocrx_word' id='word_1_43' title='bbox 173 647 246 684; x_wconf 87' lang='lat' dir='ltr'>Jus</span> <span class='ocrx_word' id='word_1_44' title='bbox 268 644 514 684; x_wconf 85' lang='lat' dir='ltr'>Pontificium</span> <span class='ocrx_word' id='word_1_45' title='bbox 546 644 651 682; x_wconf 87' lang='lat' dir='ltr'>circa</span> <span class='ocrx_word' id='word_1_46' title='bbox 674 642 836 682; x_wconf 85' lang='lat' dir='ltr'>Annum</span> <span class='ocrx_word' id='word_1_47' title='bbox 863 643 964 682; x_wconf 80' lang='grc'>4502</span> <span class='ocrx_word' id='word_1_48' title='bbox 990 646 1031 681; x_wconf 83' lang='lat' dir='ltr'>et</span> 
     </span>
     <span class='ocr_line' id='line_1_9' title="bbox 71 704 1025 756; baseline -0.002 -9"><span class='ocrx_word' id='word_1_49' title='bbox 71 711 163 747; x_wconf 87' lang='lat' dir='ltr'>ante</span> <span class='ocrx_word' id='word_1_50' title='bbox 197 718 290 747; x_wconf 91' lang='lat' dir='ltr'>eum</span> <span class='ocrx_word' id='word_1_51' title='bbox 325 707 445 745; x_wconf 84' lang='lat' dir='ltr'>frater</span> <span class='ocrx_word' id='word_1_52' title='bbox 481 707 647 755; x_wconf 87' lang='lat' dir='ltr'>Petrus,</span> <span class='ocrx_word' id='word_1_53' title='bbox 674 706 739 756; x_wconf 92' lang='lat' dir='ltr'>qui</span> <span class='ocrx_word' id='word_1_54' title='bbox 774 704 888 744; x_wconf 88' lang='lat' dir='ltr'>Anno</span> <span class='ocrx_word' id='word_1_55' title='bbox 923 705 1025 745; x_wconf 80' lang='grc'>4482</span> 
     </span>
     <span class='ocr_line' id='line_1_10' title="bbox 70 766 1023 818; baseline -0.003 -10"><span class='ocrx_word' id='word_1_56' title='bbox 70 770 181 818; x_wconf 87' lang='lat' dir='ltr'>obiit,</span> <span class='ocrx_word' id='word_1_57' title='bbox 201 781 247 809; x_wconf 91' lang='lat' dir='ltr'>ac</span> <span class='ocrx_word' id='word_1_58' title='bbox 282 769 403 808; x_wconf 83' lang='lat' dir='ltr'>frater</span> <span class='ocrx_word' id='word_1_59' title='bbox 424 769 524 807; x_wconf 89' lang='lat' dir='ltr'>alter</span> <span class='ocrx_word' id='word_1_60' title='bbox 559 766 752 807; x_wconf 84' lang='lat' dir='ltr'>Antonius</span> <span class='ocrx_word' id='word_1_61' title='bbox 774 767 914 807; x_wconf 90' lang='lat' dir='ltr'>deinde</span> <span class='ocrx_word' id='word_1_62' title='bbox 950 768 1023 806; x_wconf 88' lang='lat' dir='ltr'>Jus</span> 
     </span>
     <span class='ocr_line' id='line_1_11' title="bbox 69 829 1020 881; baseline -0.001 -12"><span class='ocrx_word' id='word_1_63' title='bbox 69 832 206 871; x_wconf 87' lang='lat' dir='ltr'>Civile.</span> <span class='ocrx_word' id='word_1_64' title='bbox 228 831 325 872; x_wconf 89' lang='lat' dir='ltr'>Vide</span> <span class='ocrx_word' id='word_1_65' title='bbox 347 832 594 872; x_wconf 87' lang='lat' dir='ltr'>Comnenum</span> <span class='ocrx_word' id='word_1_66' title='bbox 624 829 853 881; x_wconf 89' lang='lat' dir='ltr'>Papadopoli</span> <span class='ocrx_word' id='word_1_67' title='bbox 877 834 983 868; x_wconf 88' lang='lat' dir='ltr'>tomo</span> <span class='ocrx_word' id='word_1_68' title='bbox 1005 830 1020 868; x_wconf 94' lang='lat'><em>1</em></span> 
     </span>
     <span class='ocr_line' id='line_1_12' title="bbox 69 893 782 945; baseline -0.003 -12"><span class='ocrx_word' id='word_1_69' title='bbox 69 893 118 933; x_wconf 89' lang='lat' dir='ltr'>de</span> <span class='ocrx_word' id='word_1_70' title='bbox 139 894 354 945; x_wconf 80' lang='lat' dir='ltr'>Gymnasio</span> <span class='ocrx_word' id='word_1_71' title='bbox 373 894 562 932; x_wconf 89' lang='lat' dir='ltr'>Patavino</span> <span class='ocrx_word' id='word_1_72' title='bbox 584 904 671 944; x_wconf 97' lang='lat' dir='ltr'>pag.</span> <span class='ocrx_word' id='word_1_73' title='bbox 692 893 782 932; x_wconf 84' lang='grc'>226.</span> 
     </span>
    </p>

    <p class='ocr_par' dir='ltr' id='par_1_4' title="bbox 71 953 1024 1194">
     <span class='ocr_line' id='line_1_13' title="bbox 122 953 1024 1004; baseline -0.003 -10"><span class='ocrx_word' id='word_1_74' title='bbox 122 955 274 995; x_wconf 88' lang='lat' dir='ltr'>Paulus</span> <span class='ocrx_word' id='word_1_75' title='bbox 286 954 652 996; x_wconf 84' lang='lat' dir='ltr'>BAGELLARDUS</span> <span class='ocrx_word' id='word_1_76' title='bbox 672 953 719 994; x_wconf 89' lang='lat' dir='ltr'>de</span> <span class='ocrx_word' id='word_1_77' title='bbox 738 953 930 1004; x_wconf 78' lang='lat' dir='ltr'><em>Flumine,</em></span> <span class='ocrx_word' id='word_1_78' title='bbox 943 955 1024 992; x_wconf 87' lang='lat' dir='ltr'>Me-</span> 
     </span>
     <span class='ocr_line' id='line_1_14' title="bbox 71 1016 1023 1069; baseline -0.003 -13"><span class='ocrx_word' id='word_1_79' title='bbox 71 1018 200 1069; x_wconf 89' lang='lat' dir='ltr'>dicus,</span> <span class='ocrx_word' id='word_1_80' title='bbox 220 1017 337 1069; x_wconf 91' lang='lat' dir='ltr'>cujus</span> <span class='ocrx_word' id='word_1_81' title='bbox 365 1018 462 1058; x_wconf 91' lang='lat' dir='ltr'>liber</span> <span class='ocrx_word' id='word_1_82' title='bbox 483 1018 532 1057; x_wconf 92' lang='lat' dir='ltr'>de</span> <span class='ocrx_word' id='word_1_83' title='bbox 568 1017 877 1069; x_wconf 80' lang='lat' dir='ltr'>aegritudinibus</span> <span class='ocrx_word' id='word_1_84' title='bbox 899 1016 1023 1054; x_wconf 83' lang='lat' dir='ltr'>infan-</span> 
     </span>
     <span class='ocr_line' id='line_1_15' title="bbox 71 1079 1022 1128; baseline -0.003 -10"><span class='ocrx_word' id='word_1_85' title='bbox 71 1080 171 1120; x_wconf 85' lang='lat' dir='ltr'>tium</span> <span class='ocrx_word' id='word_1_86' title='bbox 180 1080 318 1120; x_wconf 87' lang='lat' dir='ltr'>Venet.</span> <span class='ocrx_word' id='word_1_87' title='bbox 332 1081 347 1120; x_wconf 95' lang='grc'>4</span> <span class='ocrx_word' id='word_1_88' title='bbox 360 1079 434 1119; x_wconf 93' lang='grc'>487</span> <span class='ocrx_word' id='word_1_89' title='bbox 454 1081 474 1119; x_wconf 88' lang='grc'>4</span> <span class='ocrx_word' id='word_1_90' title='bbox 491 1084 530 1119; x_wconf 90' lang='lat' dir='ltr'>et</span> <span class='ocrx_word' id='word_1_91' title='bbox 539 1081 646 1119; x_wconf 53' lang='lat' dir='ltr'>alius*</span> <span class='ocrx_word' id='word_1_92' title='bbox 655 1079 703 1118; x_wconf 94' lang='lat' dir='ltr'>de</span> <span class='ocrx_word' id='word_1_93' title='bbox 720 1079 864 1117; x_wconf 82' lang='lat' dir='ltr'>morbis</span> <span class='ocrx_word' id='word_1_94' title='bbox 883 1088 1022 1128; x_wconf 88' lang='lat' dir='ltr'>puero-</span> 
     </span>
     <span class='ocr_line' id='line_1_16' title="bbox 71 1140 1018 1194; baseline -0.002 -13"><span class='ocrx_word' id='word_1_95' title='bbox 71 1154 160 1183; x_wconf 88' lang='lat' dir='ltr'>rum</span> <span class='ocrx_word' id='word_1_96' title='bbox 181 1142 324 1194; x_wconf 89' lang='lat' dir='ltr'>prodiit</span> <span class='ocrx_word' id='word_1_97' title='bbox 340 1143 462 1194; x_wconf 87' lang='lat' dir='ltr'>Lugd.</span> <span class='ocrx_word' id='word_1_98' title='bbox 480 1142 596 1192; x_wconf 79' lang='grc'>4538,</span> <span class='ocrx_word' id='word_1_99' title='bbox 613 1142 648 1180; x_wconf 89' lang='grc'>8.</span> <span class='ocrx_word' id='word_1_100' title='bbox 664 1141 761 1180; x_wconf 82' lang='lat' dir='ltr'>Vide</span> <span class='ocrx_word' id='word_1_101' title='bbox 774 1140 1018 1179; x_wconf 87' lang='lat' dir='ltr'>Merklinum.</span> 
     </span>
    </p>

    <p class='ocr_par' dir='ltr' id='par_1_5' title="bbox 36 1201 1022 2866">
     <span class='ocr_line' id='line_1_17' title="bbox 108 1201 1018 1244; baseline -0.002 -2"><span class='ocrx_word' id='word_1_102' title='bbox 108 1205 276 1244; x_wconf 85' lang='lat' dir='ltr'>Joannes</span> <span class='ocrx_word' id='word_1_103' title='bbox 285 1204 497 1244; x_wconf 87' lang='lat' dir='ltr'>Januensis</span> <span class='ocrx_word' id='word_1_104' title='bbox 506 1203 551 1243; x_wconf 89' lang='lat' dir='ltr'>de</span> <span class='ocrx_word' id='word_1_105' title='bbox 559 1203 736 1243; x_wconf 90' lang='lat' dir='ltr'>BALBIS</span> <span class='ocrx_word' id='word_1_106' title='bbox 743 1202 862 1242; x_wconf 88' lang='lat' dir='ltr'>Ordin</span> <span class='ocrx_word' id='word_1_107' title='bbox 870 1201 1018 1240; x_wconf 91' lang='lat' dir='ltr'>.P1·aed.</span> 
     </span>
     <span class='ocr_line' id='line_1_18' title="bbox 71 1263 1022 1308; baseline -0.005 -1"><span class='ocrx_word' id='word_1_108' title='bbox 71 1266 144 1307; x_wconf 87' lang='lat' dir='ltr'>An.</span> <span class='ocrx_word' id='word_1_109' title='bbox 170 1268 211 1308; x_wconf 90' lang='lat' dir='ltr'>C.</span> <span class='ocrx_word' id='word_1_110' title='bbox 237 1267 338 1307; x_wconf 91' lang='grc'>4286</span> <span class='ocrx_word' id='word_1_111' title='bbox 357 1267 526 1305; x_wconf 89' lang='lat' dir='ltr'>absolvit</span> <span class='ocrx_word' id='word_1_112' title='bbox 540 1263 771 1304; x_wconf 87' lang='lat' dir='ltr'>Prosodiam</span> <span class='ocrx_word' id='word_1_113' title='bbox 785 1265 870 1303; x_wconf 88' lang='lat' dir='ltr'>sive</span> <span class='ocrx_word' id='word_1_114' title='bbox 885 1264 1022 1303; x_wconf 90' lang='lat' dir='ltr'>Gram-</span> 
     </span>
     <span class='ocr_line' id='line_1_19' title="bbox 70 1327 1020 1380; baseline -0.002 -12"><span class='ocrx_word' id='word_1_115' title='bbox 70 1328 273 1380; x_wconf 89' lang='lat' dir='ltr'>maticam,</span> <span class='ocrx_word' id='word_1_116' title='bbox 291 1333 332 1368; x_wconf 90' lang='lat' dir='ltr'>et</span> <span class='ocrx_word' id='word_1_117' title='bbox 349 1327 571 1369; x_wconf 76' lang='lat' dir='ltr'><em>catholicon</em></span> <span class='ocrx_word' id='word_1_118' title='bbox 584 1329 668 1366; x_wconf 91' lang='lat' dir='ltr'>sive</span> <span class='ocrx_word' id='word_1_119' title='bbox 684 1328 853 1366; x_wconf 81' lang='lat' dir='ltr'>Lexicon</span> <span class='ocrx_word' id='word_1_120' title='bbox 869 1337 940 1378; x_wconf 89' lang='lat' dir='ltr'>pro</span> <span class='ocrx_word' id='word_1_121' title='bbox 955 1327 1020 1366; x_wconf 86' lang='lat' dir='ltr'>illa</span> 
     </span>
     <span class='ocr_line' id='line_1_20' title="bbox 36 1383 1020 1438; baseline -0.005 -7"><span class='ocrx_word' id='word_1_122' title='bbox 36 1383 38 1385; x_wconf 43' lang='grc'><strong><em>’</em></strong></span> <span class='ocrx_word' id='word_1_123' title='bbox 69 1395 199 1431; x_wconf 85' lang='lat' dir='ltr'>aetate</span> <span class='ocrx_word' id='word_1_124' title='bbox 215 1392 376 1430; x_wconf 91' lang='lat' dir='ltr'>minime</span> <span class='ocrx_word' id='word_1_125' title='bbox 399 1389 754 1438; x_wconf 89' lang='lat' dir='ltr'>contemnendum,</span> <span class='ocrx_word' id='word_1_126' title='bbox 776 1389 1020 1438; x_wconf 84' lang='lat' dir='ltr'>frequenter-</span> 
     </span>
     <span class='ocr_line' id='line_1_21' title="bbox 69 1449 1019 1504; baseline -0.005 -11"><span class='ocrx_word' id='word_1_127' title='bbox 69 1466 146 1504; x_wconf 89' lang='lat' dir='ltr'>que</span> <span class='ocrx_word' id='word_1_128' title='bbox 168 1454 244 1493; x_wconf 90' lang='lat' dir='ltr'>MS.</span> <span class='ocrx_word' id='word_1_129' title='bbox 282 1454 322 1491; x_wconf 92' lang='lat' dir='ltr'>in</span> <span class='ocrx_word' id='word_1_130' title='bbox 355 1454 475 1491; x_wconf 87' lang='lat' dir='ltr'>variis</span> <span class='ocrx_word' id='word_1_131' title='bbox 497 1451 764 1499; x_wconf 89' lang='lat' dir='ltr'>Bibliothecis,</span> <span class='ocrx_word' id='word_1_132' title='bbox 788 1454 909 1500; x_wconf 89' lang='lat' dir='ltr'>atque</span> <span class='ocrx_word' id='word_1_133' title='bbox 937 1449 1019 1488; x_wconf 82' lang='lat' dir='ltr'>edi-</span> 
     </span>
     <span class='ocr_line' id='line_1_22' title="bbox 67 1512 1017 1566; baseline -0.003 -13"><span class='ocrx_word' id='word_1_134' title='bbox 67 1520 153 1555; x_wconf 88' lang='lat' dir='ltr'>tum</span> <span class='ocrx_word' id='word_1_135' title='bbox 174 1516 214 1553; x_wconf 89' lang='lat' dir='ltr'>in</span> <span class='ocrx_word' id='word_1_136' title='bbox 237 1515 334 1566; x_wconf 89' lang='lat' dir='ltr'>ipsis</span> <span class='ocrx_word' id='word_1_137' title='bbox 354 1513 578 1565; x_wconf 88' lang='lat' dir='ltr'>primordiis</span> <span class='ocrx_word' id='word_1_138' title='bbox 600 1512 880 1564; x_wconf 79' lang='lat' dir='ltr'>typographiae</span> <span class='ocrx_word' id='word_1_139' title='bbox 908 1523 929 1551; x_wconf 89' lang='lat' dir='ltr'>a</span> <span class='ocrx_word' id='word_1_140' title='bbox 952 1512 1017 1550; x_wconf 90' lang='lat' dir='ltr'>Jo-</span> 
     </span>
     <span class='ocr_line' id='line_1_23' title="bbox 66 1572 1017 1627; baseline -0.004 -12"><span class='ocrx_word' id='word_1_141' title='bbox 66 1577 195 1617; x_wconf 91' lang='lat' dir='ltr'>hanne</span> <span class='ocrx_word' id='word_1_142' title='bbox 217 1578 362 1616; x_wconf 91' lang='lat' dir='ltr'>Fausto</span> <span class='ocrx_word' id='word_1_143' title='bbox 377 1576 599 1627; x_wconf 87' lang='lat' dir='ltr'>Moguntiae</span> <span class='ocrx_word' id='word_1_144' title='bbox 622 1575 721 1614; x_wconf 85' lang='grc'>4460</span> <span class='ocrx_word' id='word_1_145' title='bbox 739 1573 760 1596; x_wconf 59' lang='lat'>³¹*</span> <span class='ocrx_word' id='word_1_146' title='bbox 774 1572 916 1612; x_wconf 90' lang='lat' dir='ltr'>deinde</span> <span class='ocrx_word' id='word_1_147' title='bbox 930 1584 1017 1612; x_wconf 88' lang='lat' dir='ltr'>sae-</span> 
     </span>
     <span class='ocr_line' id='line_1_24' title="bbox 65 1635 1013 1690; baseline -0.003 -13"><span class='ocrx_word' id='word_1_148' title='bbox 65 1640 154 1690; x_wconf 90' lang='lat' dir='ltr'>pius</span> <span class='ocrx_word' id='word_1_149' title='bbox 166 1639 341 1679; x_wconf 88' lang='lat' dir='ltr'>Venetiis</span> <span class='ocrx_word' id='word_1_150' title='bbox 356 1640 370 1678; x_wconf 92' lang='grc'>4</span> <span class='ocrx_word' id='word_1_151' title='bbox 383 1638 478 1685; x_wconf 88' lang='grc'>483,</span> <span class='ocrx_word' id='word_1_152' title='bbox 503 1636 622 1686; x_wconf 79' lang='grc'>4487,</span> <span class='ocrx_word' id='word_1_153' title='bbox 639 1637 734 1677; x_wconf 89' lang='grc'>4494</span> <span class='ocrx_word' id='word_1_154' title='bbox 749 1667 758 1687; x_wconf 95' lang='lat'>,</span> <span class='ocrx_word' id='word_1_155' title='bbox 775 1637 889 1685; x_wconf 80' lang='grc'>4495,</span> <span class='ocrx_word' id='word_1_156' title='bbox 911 1637 926 1676; x_wconf 90' lang='grc'>4</span> <span class='ocrx_word' id='word_1_157' title='bbox 937 1635 1013 1675; x_wconf 83' lang='grc'>520</span> 
     </span>
     <span class='ocr_line' id='line_1_25' title="bbox 65 1697 1016 1753; baseline -0.004 -13"><span class='ocrx_word' id='word_1_158' title='bbox 65 1705 106 1741; x_wconf 87' lang='lat' dir='ltr'>et</span> <span class='ocrx_word' id='word_1_159' title='bbox 125 1713 177 1740; x_wconf 81' lang='lat' dir='ltr'>ex</span> <span class='ocrx_word' id='word_1_160' title='bbox 198 1703 246 1741; x_wconf 89' lang='grc' dir='ltr'>Μ.</span> <span class='ocrx_word' id='word_1_161' title='bbox 268 1702 373 1740; x_wconf 88' lang='lat' dir='ltr'>Petri</span> <span class='ocrx_word' id='word_1_162' title='bbox 409 1700 551 1753; x_wconf 90' lang='lat' dir='ltr'>AEgidii</span> <span class='ocrx_word' id='word_1_163' title='bbox 574 1701 614 1738; x_wconf 92' lang='lat' dir='ltr'>in</span> <span class='ocrx_word' id='word_1_164' title='bbox 636 1703 804 1749; x_wconf 89' lang='lat' dir='ltr'>utroque</span> <span class='ocrx_word' id='word_1_165' title='bbox 838 1697 926 1749; x_wconf 90' lang='lat' dir='ltr'>jure</span> <span class='ocrx_word' id='word_1_166' title='bbox 954 1698 1016 1736; x_wconf 91' lang='lat' dir='ltr'>Li—</span> 
     </span>
     <span class='ocr_line' id='line_1_26' title="bbox 64 1758 1016 1815; baseline -0.004 -13"><span class='ocrx_word' id='word_1_167' title='bbox 64 1764 223 1803; x_wconf 87' lang='lat' dir='ltr'>centiati</span> <span class='ocrx_word' id='word_1_168' title='bbox 242 1764 504 1815; x_wconf 80' lang='lat' dir='ltr'>recognitione</span> <span class='ocrx_word' id='word_1_169' title='bbox 526 1761 648 1813; x_wconf 91' lang='lat' dir='ltr'>Lugd.</span> <span class='ocrx_word' id='word_1_170' title='bbox 675 1762 788 1801; x_wconf 77' lang='grc'>4506.</span> <span class='ocrx_word' id='word_1_171' title='bbox 809 1764 849 1799; x_wconf 85' lang='lat' dir='ltr'>et</span> <span class='ocrx_word' id='word_1_172' title='bbox 872 1760 920 1799; x_wconf 89' lang='lat' dir='ltr'>ab</span> <span class='ocrx_word' id='word_1_173' title='bbox 942 1758 1016 1798; x_wconf 91' lang='lat' dir='ltr'>As—</span> 
     </span>
     <span class='ocr_line' id='line_1_27' title="bbox 63 1823 1014 1874; baseline -0.002 -11"><span class='ocrx_word' id='word_1_174' title='bbox 63 1824 321 1864; x_wconf 88' lang='lat' dir='ltr'>censioBadio</span> <span class='ocrx_word' id='word_1_175' title='bbox 334 1826 453 1864; x_wconf 88' lang='lat' dir='ltr'>Paris.</span> <span class='ocrx_word' id='word_1_176' title='bbox 465 1826 480 1864; x_wconf 94' lang='grc'>4</span> <span class='ocrx_word' id='word_1_177' title='bbox 491 1825 566 1863; x_wconf 83' lang='grc'>506</span> <span class='ocrx_word' id='word_1_178' title='bbox 582 1823 761 1874; x_wconf 89' lang='lat' dir='ltr'>Lugdun.</span> <span class='ocrx_word' id='word_1_179' title='bbox 782 1823 849 1862; x_wconf 83' lang='grc'>454</span> <span class='ocrx_word' id='word_1_180' title='bbox 862 1823 896 1871; x_wconf 82' lang='grc'>4,</span> <span class='ocrx_word' id='word_1_181' title='bbox 913 1823 1014 1861; x_wconf 82' lang='grc'>4520</span> 
     </span>
     <span class='ocr_line' id='line_1_28' title="bbox 66 1884 1014 1939; baseline -0.005 -13"><span class='ocrx_word' id='word_1_182' title='bbox 66 1887 127 1926; x_wconf 84' lang='lat' dir='ltr'>fol.</span> <span class='ocrx_word' id='word_1_183' title='bbox 151 1899 220 1939; x_wconf 88' lang='lat' dir='ltr'>per</span> <span class='ocrx_word' id='word_1_184' title='bbox 241 1888 433 1926; x_wconf 90' lang='lat' dir='ltr'>Joannem</span> <span class='ocrx_word' id='word_1_185' title='bbox 456 1886 506 1925; x_wconf 88' lang='lat' dir='ltr'>de</span> <span class='ocrx_word' id='word_1_186' title='bbox 526 1886 668 1925; x_wconf 82' lang='lat' dir='ltr'>Platea.</span> <span class='ocrx_word' id='word_1_187' title='bbox 694 1886 738 1923; x_wconf 91' lang='lat' dir='ltr'>In</span> <span class='ocrx_word' id='word_1_188' title='bbox 760 1895 856 1923; x_wconf 87' lang='lat' dir='ltr'>voce</span> <span class='ocrx_word' id='word_1_189' title='bbox 879 1884 1014 1921; x_wconf 86' lang='lat' dir='ltr'>Janua</span> 
     </span>
     <span class='ocr_line' id='line_1_29' title="bbox 65 1944 1015 1999; baseline -0.005 -11"><span class='ocrx_word' id='word_1_190' title='bbox 65 1949 162 1988; x_wconf 89' lang='lat' dir='ltr'>haec</span> <span class='ocrx_word' id='word_1_191' title='bbox 184 1948 232 1988; x_wconf 90' lang='lat' dir='ltr'>de</span> <span class='ocrx_word' id='word_1_192' title='bbox 255 1959 299 1987; x_wconf 90' lang='lat' dir='ltr'>se</span> <span class='ocrx_word' id='word_1_193' title='bbox 320 1952 457 1987; x_wconf 88' lang='lat' dir='ltr'>auctor</span> <span class='ocrx_word' id='word_1_194' title='bbox 480 1949 579 1999; x_wconf 88' lang='lat' dir='ltr'>ipse:</span> <span class='ocrx_word' id='word_1_195' title='bbox 601 1946 634 1986; x_wconf 88' lang='lat' dir='ltr'><strong><em>A</em></strong></span> <span class='ocrx_word' id='word_1_196' title='bbox 657 1948 791 1985; x_wconf 86' lang='lat' dir='ltr'>Janua</span> <span class='ocrx_word' id='word_1_197' title='bbox 808 1949 928 1998; x_wconf 83' lang='lat' dir='ltr'>porta</span> <span class='ocrx_word' id='word_1_198' title='bbox 956 1944 1015 1983; x_wconf 85' lang='lat' dir='ltr'>di-</span> 
     </span>
     <span class='ocr_line' id='line_1_30' title="bbox 63 2007 1015 2060; baseline -0.004 -11"><span class='ocrx_word' id='word_1_199' title='bbox 63 2013 127 2049; x_wconf 87' lang='lat' dir='ltr'>cta</span> <span class='ocrx_word' id='word_1_200' title='bbox 148 2014 208 2049; x_wconf 86' lang='lat' dir='ltr'>est</span> <span class='ocrx_word' id='word_1_201' title='bbox 222 2010 355 2048; x_wconf 89' lang='lat' dir='ltr'>Janua</span> <span class='ocrx_word' id='word_1_202' title='bbox 377 2010 543 2060; x_wconf 89' lang='lat' dir='ltr'>(Genua)</span> <span class='ocrx_word' id='word_1_203' title='bbox 568 2007 764 2060; x_wconf 80' lang='lat' dir='ltr'>quaedam</span> <span class='ocrx_word' id='word_1_204' title='bbox 785 2007 935 2055; x_wconf 87' lang='lat' dir='ltr'>Civitas</span> <span class='ocrx_word' id='word_1_205' title='bbox 943 2019 1015 2059; x_wconf 83' lang='lat' dir='ltr'>po-</span> 
     </span>
     <span class='ocr_line' id='line_1_31' title="bbox 63 2069 1012 2124; baseline -0.004 -13"><span class='ocrx_word' id='word_1_206' title='bbox 63 2075 160 2124; x_wconf 87' lang='lat' dir='ltr'>tens,</span> <span class='ocrx_word' id='word_1_207' title='bbox 183 2069 338 2122; x_wconf 84' lang='lat' dir='ltr'>nobilis,</span> <span class='ocrx_word' id='word_1_208' title='bbox 355 2070 530 2122; x_wconf 84' lang='lat' dir='ltr'>pulchra</span> <span class='ocrx_word' id='word_1_209' title='bbox 557 2074 596 2110; x_wconf 86' lang='lat' dir='ltr'>et</span> <span class='ocrx_word' id='word_1_210' title='bbox 614 2070 723 2110; x_wconf 82' lang='lat' dir='ltr'>dives</span> <span class='ocrx_word' id='word_1_211' title='bbox 736 2071 865 2123; x_wconf 68' lang='lat' dir='ltr'>juxta</span> <span class='ocrx_word' id='word_1_212' title='bbox 899 2081 1012 2108; x_wconf 84' lang='lat' dir='ltr'>mare</span> 
     </span>
     <span class='ocr_line' id='line_1_32' title="bbox 61 2129 1011 2186; baseline -0.003 -13"><span class='ocrx_word' id='word_1_213' title='bbox 61 2134 155 2184; x_wconf 82' lang='lat' dir='ltr'>sita,</span> <span class='ocrx_word' id='word_1_214' title='bbox 178 2137 217 2173; x_wconf 87' lang='lat' dir='ltr'>et</span> <span class='ocrx_word' id='word_1_215' title='bbox 236 2137 294 2172; x_wconf 80' lang='lat' dir='ltr'>est</span> <span class='ocrx_word' id='word_1_216' title='bbox 313 2132 433 2185; x_wconf 80' lang='lat' dir='ltr'><em>quasi</em></span> <span class='ocrx_word' id='word_1_217' title='bbox 451 2131 635 2172; x_wconf 79' lang='lat' dir='ltr'>introitus</span> <span class='ocrx_word' id='word_1_218' title='bbox 650 2136 688 2172; x_wconf 86' lang='lat' dir='ltr'>et</span> <span class='ocrx_word' id='word_1_219' title='bbox 692 2135 810 2186; x_wconf 86' lang='lat' dir='ltr'>porta</span> <span class='ocrx_word' id='word_1_220' title='bbox 824 2129 1011 2172; x_wconf 83' lang='lat' dir='ltr'>Lombar-</span> 
     </span>
     <span class='ocr_line' id='line_1_33' title="bbox 62 2193 1010 2248; baseline -0.001 -13"><span class='ocrx_word' id='word_1_221' title='bbox 62 2196 150 2235; x_wconf 86' lang='lat' dir='ltr'>diae</span> <span class='ocrx_word' id='word_1_222' title='bbox 193 2195 354 2235; x_wconf 83' lang='lat' dir='ltr'>Tusciae</span> <span class='ocrx_word' id='word_1_223' title='bbox 385 2194 628 2248; x_wconf 80' lang='lat' dir='ltr'>provinciae.</span> <span class='ocrx_word' id='word_1_224' title='bbox 666 2196 797 2248; x_wconf 82' lang='lat' dir='ltr'>Hujus</span> <span class='ocrx_word' id='word_1_225' title='bbox 829 2193 1010 2235; x_wconf 79' lang='lat' dir='ltr'>Civitatis</span> 
     </span>
     <span class='ocr_line' id='line_1_34' title="bbox 62 2257 1006 2312; baseline 0 -16"><span class='ocrx_word' id='word_1_226' title='bbox 62 2258 253 2298; x_wconf 85' lang='lat' dir='ltr'>oriundus</span> <span class='ocrx_word' id='word_1_227' title='bbox 273 2257 354 2312; x_wconf 82' lang='lat' dir='ltr'>fuit</span> <span class='ocrx_word' id='word_1_228' title='bbox 372 2257 602 2311; x_wconf 81' lang='lat' dir='ltr'>compilator</span> <span class='ocrx_word' id='word_1_229' title='bbox 627 2258 850 2311; x_wconf 84' lang='lat' dir='ltr'>praesentis</span> <span class='ocrx_word' id='word_1_230' title='bbox 870 2257 1006 2307; x_wconf 79' lang='lat' dir='ltr'>libelli,</span> 
     </span>
     <span class='ocr_line' id='line_1_35' title="bbox 62 2320 1010 2373; baseline 0.001 -14"><span class='ocrx_word' id='word_1_231' title='bbox 62 2320 134 2373; x_wconf 82' lang='lat' dir='ltr'>qui</span> <span class='ocrx_word' id='word_1_232' title='bbox 153 2320 300 2360; x_wconf 87' lang='lat' dir='ltr'>dicitur</span> <span class='ocrx_word' id='word_1_233' title='bbox 321 2321 505 2361; x_wconf 90' lang='lat' dir='ltr'>Prosodia</span> <span class='ocrx_word' id='word_1_234' title='bbox 524 2322 609 2360; x_wconf 91' lang='lat' dir='ltr'>sive</span> <span class='ocrx_word' id='word_1_235' title='bbox 632 2321 871 2361; x_wconf 89' lang='lat' dir='ltr'>Catholicon.</span> <span class='ocrx_word' id='word_1_236' title='bbox 898 2321 1010 2361; x_wconf 90' lang='lat' dir='ltr'>Com-</span> 
     </span>
     <span class='ocr_line' id='line_1_36' title="bbox 54 2381 1009 2436; baseline 0.001 -15"><span class='ocrx_word' id='word_1_237' title='bbox 54 2382 202 2435; x_wconf 83' lang='lat' dir='ltr'>pilator</span> <span class='ocrx_word' id='word_1_238' title='bbox 223 2381 416 2436; x_wconf 76' lang='lat' dir='ltr'>siquidem</span> <span class='ocrx_word' id='word_1_239' title='bbox 438 2382 556 2436; x_wconf 82' lang='lat' dir='ltr'>hujus</span> <span class='ocrx_word' id='word_1_240' title='bbox 579 2382 707 2435; x_wconf 82' lang='lat' dir='ltr'>operis</span> <span class='ocrx_word' id='word_1_241' title='bbox 730 2382 858 2422; x_wconf 88' lang='lat' dir='ltr'>dictus</span> <span class='ocrx_word' id='word_1_242' title='bbox 874 2385 1009 2422; x_wconf 89' lang='lat' dir='ltr'>Frater</span> 
     </span>
     <span class='ocr_line' id='line_1_37' title="bbox 61 2444 1012 2491; baseline 0 -8"><span class='ocrx_word' id='word_1_243' title='bbox 61 2446 80 2483; x_wconf 80' lang='lat' dir='ltr'>J</span> <span class='ocrx_word' id='word_1_244' title='bbox 85 2456 232 2484; x_wconf 88' lang='lat' dir='ltr'>oannes</span> <span class='ocrx_word' id='word_1_245' title='bbox 248 2446 460 2485; x_wconf 72' lang='lat' dir='ltr'>januensis</span> <span class='ocrx_word' id='word_1_246' title='bbox 474 2445 523 2485; x_wconf 90' lang='lat' dir='ltr'>de</span> <span class='ocrx_word' id='word_1_247' title='bbox 533 2446 678 2491; x_wconf 79' lang='lat' dir='ltr'>Balbis,</span> <span class='ocrx_word' id='word_1_248' title='bbox 696 2445 742 2484; x_wconf 89' lang='lat' dir='ltr'>de</span> <span class='ocrx_word' id='word_1_249' title='bbox 757 2444 892 2484; x_wconf 78' lang='lat' dir='ltr'>ordine</span> <span class='ocrx_word' id='word_1_250' title='bbox 909 2446 1012 2484; x_wconf 85' lang='lat' dir='ltr'>Fra-</span> 
     </span>
     <span class='ocr_line' id='line_1_38' title="bbox 63 2506 1010 2558; baseline 0.002 -15"><span class='ocrx_word' id='word_1_251' title='bbox 63 2508 170 2544; x_wconf 84' lang='lat' dir='ltr'>trum</span> <span class='ocrx_word' id='word_1_252' title='bbox 204 2506 531 2545; x_wconf 85' lang='lat' dir='ltr'>Praedicatorum</span> <span class='ocrx_word' id='word_1_253' title='bbox 567 2506 758 2556; x_wconf 79' lang='lat' dir='ltr'>modicus,</span> <span class='ocrx_word' id='word_1_254' title='bbox 796 2506 867 2558; x_wconf 84' lang='lat' dir='ltr'>qui</span> <span class='ocrx_word' id='word_1_255' title='bbox 892 2506 1010 2545; x_wconf 84' lang='lat' dir='ltr'>etiam</span> 
     </span>
     <span class='ocr_line' id='line_1_39' title="bbox 63 2566 1013 2620; baseline 0.001 -15"><span class='ocrx_word' id='word_1_256' title='bbox 63 2566 288 2618; x_wconf 82' lang='lat' dir='ltr'>compilavit</span> <span class='ocrx_word' id='word_1_257' title='bbox 305 2567 430 2606; x_wconf 89' lang='lat' dir='ltr'>alium</span> <span class='ocrx_word' id='word_1_258' title='bbox 453 2567 626 2607; x_wconf 87' lang='lat' dir='ltr'>libellum</span> <span class='ocrx_word' id='word_1_259' title='bbox 648 2568 690 2606; x_wconf 89' lang='lat' dir='ltr'>in</span> <span class='ocrx_word' id='word_1_260' title='bbox 715 2567 926 2620; x_wconf 66' lang='lat' dir='ltr'>Theotoqia,</span> <span class='ocrx_word' id='word_1_261' title='bbox 943 2567 1013 2619; x_wconf 85' lang='lat' dir='ltr'>qui</span> 
     </span>
     <span class='ocr_line' id='line_1_40' title="bbox 63 2628 1010 2679; baseline -0.001 -11"><span class='ocrx_word' id='word_1_262' title='bbox 63 2628 207 2668; x_wconf 87' lang='lat' dir='ltr'>dicitur</span> <span class='ocrx_word' id='word_1_263' title='bbox 238 2629 422 2679; x_wconf 83' lang='lat' dir='ltr'>Dialogus</span> <span class='ocrx_word' id='word_1_264' title='bbox 450 2629 498 2668; x_wconf 88' lang='lat' dir='ltr'>de</span> <span class='ocrx_word' id='word_1_265' title='bbox 527 2630 822 2679; x_wconf 86' lang='lat' dir='ltr'>quaestionibus</span> <span class='ocrx_word' id='word_1_266' title='bbox 858 2631 1010 2668; x_wconf 89' lang='lat' dir='ltr'>animae</span> 
     </span>
     <span class='ocr_line' id='line_1_41' title="bbox 62 2689 1011 2742; baseline -0.001 -12"><span class='ocrx_word' id='word_1_267' title='bbox 62 2691 110 2730; x_wconf 90' lang='lat' dir='ltr'>ad</span> <span class='ocrx_word' id='word_1_268' title='bbox 127 2692 323 2742; x_wconf 89' lang='lat' dir='ltr'>spiritum:</span> <span class='ocrx_word' id='word_1_269' title='bbox 340 2689 411 2742; x_wconf 84' lang='lat' dir='ltr'>qui</span> <span class='ocrx_word' id='word_1_270' title='bbox 423 2693 461 2729; x_wconf 87' lang='lat' dir='ltr'>et</span> <span class='ocrx_word' id='word_1_271' title='bbox 475 2690 688 2742; x_wconf 81' lang='lat' dir='ltr'>composuit</span> <span class='ocrx_word' id='word_1_272' title='bbox 700 2702 797 2742; x_wconf 90' lang='lat' dir='ltr'>opus</span> <span class='ocrx_word' id='word_1_273' title='bbox 813 2691 1011 2739; x_wconf 84' lang='lat' dir='ltr'>Paschale,</span> 
     </span>
     <span class='ocr_line' id='line_1_42' title="bbox 64 2750 1016 2803; baseline -0.001 -12"><span class='ocrx_word' id='word_1_274' title='bbox 64 2754 165 2803; x_wconf 67' lang='lat' dir='ltr'>(sive</span> <span class='ocrx_word' id='word_1_275' title='bbox 188 2752 236 2792; x_wconf 88' lang='lat' dir='ltr'>de</span> <span class='ocrx_word' id='word_1_276' title='bbox 260 2751 374 2791; x_wconf 91' lang='lat' dir='ltr'>modo</span> <span class='ocrx_word' id='word_1_277' title='bbox 398 2751 620 2790; x_wconf 88' lang='lat' dir='ltr'>inveniendi</span> <span class='ocrx_word' id='word_1_278' title='bbox 637 2752 736 2790; x_wconf 86' lang='lat' dir='ltr'>festa</span> <span class='ocrx_word' id='word_1_279' title='bbox 753 2752 924 2799; x_wconf 81' lang='lat' dir='ltr'>mobilia)</span> <span class='ocrx_word' id='word_1_280' title='bbox 945 2750 1016 2790; x_wconf 85' lang='lat' dir='ltr'>ubi</span> 
     </span>
     <span class='ocr_line' id='line_1_43' title="bbox 64 2811 1015 2866; baseline -0.004 -11"><span class='ocrx_word' id='word_1_281' title='bbox 64 2814 214 2854; x_wconf 85' lang='lat' dir='ltr'>scilicet</span> <span class='ocrx_word' id='word_1_282' title='bbox 233 2813 279 2854; x_wconf 87' lang='lat' dir='ltr'>de</span> <span class='ocrx_word' id='word_1_283' title='bbox 300 2812 413 2866; x_wconf 83' lang='lat' dir='ltr'>facili</span> <span class='ocrx_word' id='word_1_284' title='bbox 432 2812 633 2865; x_wconf 82' lang='lat' dir='ltr'>reperitur</span> <span class='ocrx_word' id='word_1_285' title='bbox 661 2811 830 2851; x_wconf 86' lang='lat' dir='ltr'>Pascha:</span> <span class='ocrx_word' id='word_1_286' title='bbox 868 2812 1015 2852; x_wconf 77' lang='lat' dir='ltr'>scilicet</span> 
     </span>
    </p>
   </div>
   <div class='ocr_carea' id='block_1_3' title="bbox 1080 203 2052 2872">
    <p class='ocr_par' dir='ltr' id='par_1_6' title="bbox 1089 203 2052 823">
     <span class='ocr_line' id='line_1_44' title="bbox 1977 203 2052 242; baseline 0.013 -1"><span class='ocrx_word' id='word_1_287' title='bbox 1977 203 2052 242; x_wconf 80' lang='lat'>153</span> 
     </span>
     <span class='ocr_line' id='line_1_45' title="bbox 1098 272 2050 326; baseline -0.002 -14"><span class='ocrx_word' id='word_1_288' title='bbox 1098 274 1166 313; x_wconf 76' lang='lat' dir='ltr'>hoc</span> <span class='ocrx_word' id='word_1_289' title='bbox 1189 284 1285 326; x_wconf 83' lang='lat' dir='ltr'>opus</span> <span class='ocrx_word' id='word_1_290' title='bbox 1298 272 1486 326; x_wconf 82' lang='lat' dir='ltr'>paschale</span> <span class='ocrx_word' id='word_1_291' title='bbox 1509 272 1723 325; x_wconf 82' lang='lat' dir='ltr'>composuit</span> <span class='ocrx_word' id='word_1_292' title='bbox 1746 275 1957 324; x_wconf 83' lang='lat' dir='ltr'>antequam</span> <span class='ocrx_word' id='word_1_293' title='bbox 1987 285 2050 311; x_wconf 85' lang='lat' dir='ltr'>or-</span> 
     </span>
     <span class='ocr_line' id='line_1_46' title="bbox 1097 335 2046 386; baseline -0.002 -12"><span class='ocrx_word' id='word_1_294' title='bbox 1097 335 1225 374; x_wconf 83' lang='lat' dir='ltr'>dinem</span> <span class='ocrx_word' id='word_1_295' title='bbox 1247 336 1427 375; x_wconf 79' lang='lat' dir='ltr'>intraret.</span> <span class='ocrx_word' id='word_1_296' title='bbox 1453 336 1548 375; x_wconf 83' lang='lat' dir='ltr'>Vide</span> <span class='ocrx_word' id='word_1_297' title='bbox 1572 335 1772 376; x_wconf 80' lang='lat' dir='ltr'>Oudinum</span> <span class='ocrx_word' id='word_1_298' title='bbox 1810 339 1904 373; x_wconf 82' lang='lat' dir='ltr'>tom.</span> <span class='ocrx_word' id='word_1_299' title='bbox 1929 336 1980 374; x_wconf 90' lang='lat'>111</span> <span class='ocrx_word' id='word_1_300' title='bbox 2010 348 2046 386; x_wconf 87' lang='lat' dir='ltr'>p.</span> 
     </span>
     <span class='ocr_line' id='line_1_47' title="bbox 1098 396 2048 448; baseline -0.001 -11"><span class='ocrx_word' id='word_1_301' title='bbox 1098 397 1186 437; x_wconf 82' lang='lat'>579.</span> <span class='ocrx_word' id='word_1_302' title='bbox 1207 398 1271 437; x_wconf 91' lang='lat' dir='ltr'>ubi</span> <span class='ocrx_word' id='word_1_303' title='bbox 1294 400 1412 437; x_wconf 88' lang='lat' dir='ltr'>etiam</span> <span class='ocrx_word' id='word_1_304' title='bbox 1435 398 1484 437; x_wconf 92' lang='lat' dir='ltr'>de</span> <span class='ocrx_word' id='word_1_305' title='bbox 1506 398 1592 437; x_wconf 88' lang='lat' dir='ltr'>aliis</span> <span class='ocrx_word' id='word_1_306' title='bbox 1615 396 1701 447; x_wconf 82' lang='lat' dir='ltr'>ejus</span> <span class='ocrx_word' id='word_1_307' title='bbox 1716 398 1892 448; x_wconf 76' lang='lat' dir='ltr'>scriptis,</span> <span class='ocrx_word' id='word_1_308' title='bbox 1918 398 2048 436; x_wconf 87' lang='lat' dir='ltr'>nescio</span> 
     </span>
     <span class='ocr_line' id='line_1_48' title="bbox 1098 457 2049 512; baseline 0 -14"><span class='ocrx_word' id='word_1_309' title='bbox 1098 471 1148 498; x_wconf 90' lang='lat' dir='ltr'>an</span> <span class='ocrx_word' id='word_1_310' title='bbox 1172 460 1300 510; x_wconf 86' lang='lat' dir='ltr'>editis,</span> <span class='ocrx_word' id='word_1_311' title='bbox 1323 459 1486 499; x_wconf 86' lang='lat' dir='ltr'>Postilla</span> <span class='ocrx_word' id='word_1_312' title='bbox 1505 460 1545 498; x_wconf 87' lang='lat' dir='ltr'>in</span> <span class='ocrx_word' id='word_1_313' title='bbox 1559 463 1731 512; x_wconf 83' lang='lat' dir='ltr'>quatuor</span> <span class='ocrx_word' id='word_1_314' title='bbox 1750 457 1968 510; x_wconf 71' lang='lat' dir='ltr'>Evanqelia</span> <span class='ocrx_word' id='word_1_315' title='bbox 1989 470 2049 498; x_wconf 73' lang='lat' dir='ltr'>se·</span> 
     </span>
     <span class='ocr_line' id='line_1_49' title="bbox 1100 519 2049 569; baseline 0.001 -10"><span class='ocrx_word' id='word_1_316' title='bbox 1100 521 1270 561; x_wconf 87' lang='lat' dir='ltr'>cundum</span> <span class='ocrx_word' id='word_1_317' title='bbox 1292 522 1623 562; x_wconf 78' lang='lat' dir='ltr'>conservationem</span> <span class='ocrx_word' id='word_1_318' title='bbox 1640 519 1921 569; x_wconf 78' lang='lat' dir='ltr'>scholasticam,</span> <span class='ocrx_word' id='word_1_319' title='bbox 1935 525 1975 559; x_wconf 88' lang='lat' dir='ltr'>et</span> <span class='ocrx_word' id='word_1_320' title='bbox 1990 524 2049 560; x_wconf 90' lang='lat' dir='ltr'>ta-</span> 
     </span>
     <span class='ocr_line' id='line_1_50' title="bbox 1104 582 2045 636; baseline 0 -15"><span class='ocrx_word' id='word_1_321' title='bbox 1104 582 1197 622; x_wconf 84' lang='lat' dir='ltr'>bula</span> <span class='ocrx_word' id='word_1_322' title='bbox 1233 585 1317 624; x_wconf 87' lang='lat' dir='ltr'>sive</span> <span class='ocrx_word' id='word_1_323' title='bbox 1351 583 1501 636; x_wconf 78' lang='lat' dir='ltr'>syllabo</span> <span class='ocrx_word' id='word_1_324' title='bbox 1524 583 1564 622; x_wconf 87' lang='lat' dir='ltr'>in</span> <span class='ocrx_word' id='word_1_325' title='bbox 1584 595 1745 623; x_wconf 82' lang='lat' dir='ltr'>sacram</span> <span class='ocrx_word' id='word_1_326' title='bbox 1771 582 2021 634; x_wconf 76' lang='lat' dir='ltr'>scripturam</span> <span class='ocrx_word' id='word_1_327' title='bbox 2035 615 2045 631; x_wconf 72' lang='lat'>,</span> 
     </span>
     <span class='ocr_line' id='line_1_51' title="bbox 1103 646 2046 698; baseline -0.003 -11"><span class='ocrx_word' id='word_1_328' title='bbox 1103 648 1247 698; x_wconf 90' lang='lat' dir='ltr'>quibus</span> <span class='ocrx_word' id='word_1_329' title='bbox 1266 648 1435 687; x_wconf 86' lang='lat' dir='ltr'>Jacobus</span> <span class='ocrx_word' id='word_1_330' title='bbox 1447 647 1582 692; x_wconf 88' lang='lat' dir='ltr'>Quetif</span> <span class='ocrx_word' id='word_1_331' title='bbox 1593 658 1642 684; x_wconf 85' lang='lat' dir='ltr'>ex</span> <span class='ocrx_word' id='word_1_332' title='bbox 1659 646 1854 696; x_wconf 81' lang='lat' dir='ltr'>Rapha‘ele</span> <span class='ocrx_word' id='word_1_333' title='bbox 1872 647 2046 697; x_wconf 88' lang='lat' dir='ltr'>Soprano</span> 
     </span>
     <span class='ocr_line' id='line_1_52' title="bbox 1099 708 2047 761; baseline -0.002 -12"><span class='ocrx_word' id='word_1_334' title='bbox 1099 714 1138 749; x_wconf 84' lang='lat' dir='ltr'>et</span> <span class='ocrx_word' id='word_1_335' title='bbox 1160 710 1380 761; x_wconf 85' lang='lat' dir='ltr'>Augustino</span> <span class='ocrx_word' id='word_1_336' title='bbox 1401 709 1564 747; x_wconf 91' lang='lat' dir='ltr'>Oldoino</span> <span class='ocrx_word' id='word_1_337' title='bbox 1588 709 1608 730; x_wconf 39' lang='grc' dir='ltr'>θ’*</span> <span class='ocrx_word' id='word_1_338' title='bbox 1631 708 1738 747; x_wconf 85' lang='lat' dir='ltr'>addit</span> <span class='ocrx_word' id='word_1_339' title='bbox 1760 712 1971 747; x_wconf 86' lang='lat' dir='ltr'>tractatum</span> <span class='ocrx_word' id='word_1_340' title='bbox 2001 708 2047 748; x_wconf 88' lang='lat' dir='ltr'>de</span> 
     </span>
     <span class='ocr_line' id='line_1_53' title="bbox 1089 772 1388 823; baseline -0.007 -12"><span class='ocrx_word' id='word_1_341' title='bbox 1089 772 1264 823; x_wconf 82' lang='lat' dir='ltr'>potentia</span> <span class='ocrx_word' id='word_1_342' title='bbox 1285 772 1388 810; x_wconf 87' lang='lat' dir='ltr'><strong><em>DEI.</em></strong></span> 
     </span>
    </p>

    <p class='ocr_par' dir='ltr' id='par_1_7' title="bbox 1093 832 2045 997">
     <span class='ocr_line' id='line_1_54' title="bbox 1147 832 2045 874; baseline 0 0"><span class='ocrx_word' id='word_1_343' title='bbox 1147 835 1340 874; x_wconf 88' lang='lat' dir='ltr'>BALBUS</span> <span class='ocrx_word' id='word_1_344' title='bbox 1374 834 1529 872; x_wconf 88' lang='lat' dir='ltr'>Mensor</span> <span class='ocrx_word' id='word_1_345' title='bbox 1563 832 1665 870; x_wconf 88' lang='lat' dir='ltr'>inter</span> <span class='ocrx_word' id='word_1_346' title='bbox 1686 833 1929 872; x_wconf 87' lang='lat' dir='ltr'>Gromaticos</span> <span class='ocrx_word' id='word_1_347' title='bbox 1960 837 2045 874; x_wconf 76' lang='lat' dir='ltr'>sive</span> 
     </span>
     <span class='ocr_line' id='line_1_55' title="bbox 1093 893 2042 947; baseline -0.002 -12"><span class='ocrx_word' id='word_1_348' title='bbox 1093 898 1148 936; x_wconf 90' lang='lat' dir='ltr'>rei</span> <span class='ocrx_word' id='word_1_349' title='bbox 1171 896 1344 947; x_wconf 82' lang='lat' dir='ltr'>agrariae</span> <span class='ocrx_word' id='word_1_350' title='bbox 1379 895 1606 946; x_wconf 78' lang='lat' dir='ltr'>scriptores,</span> <span class='ocrx_word' id='word_1_351' title='bbox 1630 893 1678 933; x_wconf 89' lang='lat' dir='ltr'>de</span> <span class='ocrx_word' id='word_1_352' title='bbox 1698 894 1843 944; x_wconf 89' lang='lat' dir='ltr'>quibus</span> <span class='ocrx_word' id='word_1_353' title='bbox 1880 896 1919 933; x_wconf 91' lang='lat' dir='ltr'>in</span> <span class='ocrx_word' id='word_1_354' title='bbox 1948 897 2042 935; x_wconf 87' lang='lat' dir='ltr'>Bibl.</span> 
     </span>
     <span class='ocr_line' id='line_1_56' title="bbox 1094 958 1242 997; baseline -0.007 0"><span class='ocrx_word' id='word_1_355' title='bbox 1094 958 1242 997; x_wconf 88' lang='lat' dir='ltr'>Latina.</span> 
     </span>
    </p>

    <p class='ocr_par' dir='ltr' id='par_1_8' title="bbox 1080 1018 2052 2872">
     <span class='ocr_line' id='line_1_57' title="bbox 1145 1018 2046 1070; baseline -0.001 -12"><span class='ocrx_word' id='word_1_356' title='bbox 1145 1019 1422 1061; x_wconf 84' lang='lat' dir='ltr'>BALDRICUS</span> <span class='ocrx_word' id='word_1_357' title='bbox 1443 1018 1757 1067; x_wconf 87' lang='lat' dir='ltr'>Aurelianensis,</span> <span class='ocrx_word' id='word_1_358' title='bbox 1777 1031 1827 1058; x_wconf 82' lang='lat' dir='ltr'>ex</span> <span class='ocrx_word' id='word_1_359' title='bbox 1841 1020 1867 1068; x_wconf 78' lang='lat'>†</span> <span class='ocrx_word' id='word_1_360' title='bbox 1889 1020 2046 1070; x_wconf 72' lang='lat' dir='ltr'>Buryu-</span> 
     </span>
     <span class='ocr_line' id='line_1_58' title="bbox 1092 1080 2045 1134; baseline 0.001 -14"><span class='ocrx_word' id='word_1_361' title='bbox 1092 1080 1191 1121; x_wconf 85' lang='lat' dir='ltr'>lensi</span> <span class='ocrx_word' id='word_1_362' title='bbox 1218 1083 1321 1134; x_wconf 93' lang='lat' dir='ltr'>apud</span> <span class='ocrx_word' id='word_1_363' title='bbox 1350 1081 1582 1133; x_wconf 73' lang='lat' dir='ltr'>Andeyavos</span> <span class='ocrx_word' id='word_1_364' title='bbox 1605 1081 1764 1121; x_wconf 89' lang='lat' dir='ltr'>Ordinis</span> <span class='ocrx_word' id='word_1_365' title='bbox 1801 1082 2045 1121; x_wconf 84' lang='lat' dir='ltr'>Benedictiui</span> 
     </span>
     <span class='ocr_line' id='line_1_59' title="bbox 1090 1143 2045 1196; baseline -0.003 -12"><span class='ocrx_word' id='word_1_366' title='bbox 1090 1144 1240 1185; x_wconf 85' lang='lat' dir='ltr'>Abbate</span> <span class='ocrx_word' id='word_1_367' title='bbox 1255 1144 1582 1196; x_wconf 82' lang='lat' dir='ltr'>Archiepiscopus</span> <span class='ocrx_word' id='word_1_368' title='bbox 1606 1145 1644 1181; x_wconf 92' lang='lat' dir='ltr'>in</span> <span class='ocrx_word' id='word_1_369' title='bbox 1668 1143 1894 1182; x_wconf 90' lang='lat' dir='ltr'>Aremorica</span> <span class='ocrx_word' id='word_1_370' title='bbox 1909 1143 2045 1182; x_wconf 82' lang='lat' dir='ltr'>Dolen-</span> 
     </span>
     <span class='ocr_line' id='line_1_60' title="bbox 1092 1206 2046 1258; baseline -0.003 -11"><span class='ocrx_word' id='word_1_371' title='bbox 1092 1207 1163 1257; x_wconf 76' lang='lat' dir='ltr'>sis,</span> <span class='ocrx_word' id='word_1_372' title='bbox 1183 1208 1360 1258; x_wconf 85' lang='lat' dir='ltr'>adeoque</span> <span class='ocrx_word' id='word_1_373' title='bbox 1376 1208 1607 1258; x_wconf 89' lang='lat' dir='ltr'>neutiquam</span> <span class='ocrx_word' id='word_1_374' title='bbox 1630 1207 1668 1244; x_wconf 93' lang='lat' dir='ltr'>in</span> <span class='ocrx_word' id='word_1_375' title='bbox 1693 1206 1793 1245; x_wconf 89' lang='lat' dir='ltr'>duos</span> <span class='ocrx_word' id='word_1_376' title='bbox 1811 1207 1876 1245; x_wconf 87' lang='lat' dir='ltr'>vel</span> <span class='ocrx_word' id='word_1_377' title='bbox 1892 1211 1974 1245; x_wconf 83' lang='lat' dir='ltr'>tres</span> <span class='ocrx_word' id='word_1_378' title='bbox 1989 1206 2046 1244; x_wconf 84' lang='lat' dir='ltr'>di-</span> 
     </span>
     <span class='ocr_line' id='line_1_61' title="bbox 1094 1268 2044 1319; baseline -0.001 -11"><span class='ocrx_word' id='word_1_379' title='bbox 1094 1269 1352 1318; x_wconf 88' lang='lat' dir='ltr'>strahendus,</span> <span class='ocrx_word' id='word_1_380' title='bbox 1375 1269 1470 1308; x_wconf 91' lang='lat' dir='ltr'>obiit</span> <span class='ocrx_word' id='word_1_381' title='bbox 1505 1268 1578 1308; x_wconf 87' lang='lat' dir='ltr'>An.</span> <span class='ocrx_word' id='word_1_382' title='bbox 1622 1269 1736 1309; x_wconf 85' lang='grc'>4434.</span> <span class='ocrx_word' id='word_1_383' title='bbox 1766 1268 1892 1319; x_wconf 86' lang='lat' dir='ltr'>Hujus</span> <span class='ocrx_word' id='word_1_384' title='bbox 1915 1269 2044 1308; x_wconf 90' lang='lat' dir='ltr'>adhuc</span> 
     </span>
     <span class='ocr_line' id='line_1_62' title="bbox 1092 1331 2045 1372; baseline -0.001 -1"><span class='ocrx_word' id='word_1_385' title='bbox 1092 1331 1255 1371; x_wconf 86' lang='lat' dir='ltr'>Abbatis</span> <span class='ocrx_word' id='word_1_386' title='bbox 1271 1331 1815 1372; x_wconf 85' lang='lat' dir='ltr'>CarminaHistoricahonori</span> <span class='ocrx_word' id='word_1_387' title='bbox 1831 1331 2045 1370; x_wconf 88' lang='lat' dir='ltr'>illustrium</span> 
     </span>
     <span class='ocr_line' id='line_1_63' title="bbox 1091 1392 2045 1444; baseline -0.002 -11"><span class='ocrx_word' id='word_1_388' title='bbox 1091 1394 1367 1434; x_wconf 86' lang='lat' dir='ltr'>defunctorum</span> <span class='ocrx_word' id='word_1_389' title='bbox 1391 1394 1538 1433; x_wconf 89' lang='lat' dir='ltr'>tributa</span> <span class='ocrx_word' id='word_1_390' title='bbox 1561 1393 1766 1444; x_wconf 80' lang='lat' dir='ltr'>pleraque,</span> <span class='ocrx_word' id='word_1_391' title='bbox 1786 1397 1826 1431; x_wconf 89' lang='lat' dir='ltr'>et</span> <span class='ocrx_word' id='word_1_392' title='bbox 1846 1394 1885 1430; x_wconf 90' lang='lat' dir='ltr'>in</span> <span class='ocrx_word' id='word_1_393' title='bbox 1906 1392 1968 1430; x_wconf 90' lang='lat' dir='ltr'>his</span> <span class='ocrx_word' id='word_1_394' title='bbox 1990 1393 2045 1431; x_wconf 88' lang='lat' dir='ltr'>le—</span> 
     </span>
     <span class='ocr_line' id='line_1_64' title="bbox 1090 1454 2045 1507; baseline 0 -13"><span class='ocrx_word' id='word_1_395' title='bbox 1090 1457 1207 1495; x_wconf 89' lang='lat' dir='ltr'>onina</span> <span class='ocrx_word' id='word_1_396' title='bbox 1226 1456 1437 1507; x_wconf 85' lang='lat' dir='ltr'>quaedam,</span> <span class='ocrx_word' id='word_1_397' title='bbox 1460 1456 1640 1506; x_wconf 88' lang='lat' dir='ltr'>vulgavit</span> <span class='ocrx_word' id='word_1_398' title='bbox 1661 1454 1840 1493; x_wconf 86' lang='lat' dir='ltr'>Andreas</span> <span class='ocrx_word' id='word_1_399' title='bbox 1863 1455 1916 1494; x_wconf 93' lang='lat' dir='ltr'>du</span> <span class='ocrx_word' id='word_1_400' title='bbox 1943 1455 2045 1494; x_wconf 86' lang='lat' dir='ltr'>Che-</span> 
     </span>
     <span class='ocr_line' id='line_1_65' title="bbox 1089 1517 2042 1569; baseline -0.002 -11"><span class='ocrx_word' id='word_1_401' title='bbox 1089 1530 1160 1558; x_wconf 90' lang='lat' dir='ltr'>sne</span> <span class='ocrx_word' id='word_1_402' title='bbox 1174 1523 1280 1557; x_wconf 84' lang='lat' dir='ltr'>tomo</span> <span class='ocrx_word' id='word_1_403' title='bbox 1289 1519 1339 1557; x_wconf 93' lang='lat' dir='ltr'>IV</span> <span class='ocrx_word' id='word_1_404' title='bbox 1356 1519 1592 1569; x_wconf 90' lang='lat' dir='ltr'>scriptorum</span> <span class='ocrx_word' id='word_1_405' title='bbox 1609 1517 1794 1556; x_wconf 89' lang='lat' dir='ltr'>historiae</span> <span class='ocrx_word' id='word_1_406' title='bbox 1803 1519 2042 1556; x_wconf 90' lang='lat' dir='ltr'>Francorum</span> 
     </span>
     <span class='ocr_line' id='line_1_66' title="bbox 1086 1579 2038 1632; baseline -0.003 -12"><span class='ocrx_word' id='word_1_407' title='bbox 1086 1592 1172 1632; x_wconf 86' lang='lat' dir='ltr'>pag.</span> <span class='ocrx_word' id='word_1_408' title='bbox 1196 1580 1390 1621; x_wconf 78' lang='grc'>254-277.</span> <span class='ocrx_word' id='word_1_409' title='bbox 1412 1582 1457 1619; x_wconf 90' lang='lat' dir='ltr'>In</span> <span class='ocrx_word' id='word_1_410' title='bbox 1472 1579 1628 1619; x_wconf 91' lang='lat' dir='ltr'>laudem</span> <span class='ocrx_word' id='word_1_411' title='bbox 1653 1579 1800 1618; x_wconf 91' lang='lat' dir='ltr'>Odonis</span> <span class='ocrx_word' id='word_1_412' title='bbox 1819 1581 2038 1618; x_wconf 89' lang='lat' dir='ltr'>Hostiensis</span> 
     </span>
     <span class='ocr_line' id='line_1_67' title="bbox 1085 1640 2040 1695; baseline -0.003 -12"><span class='ocrx_word' id='word_1_413' title='bbox 1085 1645 1267 1695; x_wconf 87' lang='lat' dir='ltr'>Episcopi</span> <span class='ocrx_word' id='word_1_414' title='bbox 1291 1644 1434 1694; x_wconf 89' lang='lat' dir='ltr'>legitur</span> <span class='ocrx_word' id='word_1_415' title='bbox 1456 1654 1616 1682; x_wconf 89' lang='lat' dir='ltr'>carmen</span> <span class='ocrx_word' id='word_1_416' title='bbox 1640 1654 1726 1693; x_wconf 89' lang='lat' dir='ltr'>pag.</span> <span class='ocrx_word' id='word_1_417' title='bbox 1751 1640 1841 1681; x_wconf 77' lang='grc'>275.</span> <span class='ocrx_word' id='word_1_418' title='bbox 1857 1644 1925 1692; x_wconf 88' lang='lat' dir='ltr'>qui</span> <span class='ocrx_word' id='word_1_419' title='bbox 1954 1642 2040 1680; x_wconf 91' lang='lat' dir='ltr'>nul-</span> 
     </span>
     <span class='ocr_line' id='line_1_68' title="bbox 1085 1703 2037 1745; baseline -0.004 0"><span class='ocrx_word' id='word_1_420' title='bbox 1085 1706 1164 1745; x_wconf 90' lang='lat' dir='ltr'>lam</span> <span class='ocrx_word' id='word_1_421' title='bbox 1187 1707 1225 1745; x_wconf 90' lang='lat' dir='ltr'>in</span> <span class='ocrx_word' id='word_1_422' title='bbox 1252 1705 1418 1745; x_wconf 90' lang='lat' dir='ltr'>Baldrici</span> <span class='ocrx_word' id='word_1_423' title='bbox 1451 1706 1549 1745; x_wconf 92' lang='lat' dir='ltr'>libro</span> <span class='ocrx_word' id='word_1_424' title='bbox 1585 1705 1828 1743; x_wconf 88' lang='lat' dir='ltr'>mentionem</span> <span class='ocrx_word' id='word_1_425' title='bbox 1865 1705 1926 1743; x_wconf 91' lang='lat' dir='ltr'>sui</span> <span class='ocrx_word' id='word_1_426' title='bbox 1955 1703 2037 1742; x_wconf 86' lang='lat' dir='ltr'>fieri</span> 
     </span>
     <span class='ocr_line' id='line_1_69' title="bbox 1086 1766 2043 1820; baseline -0.003 -13"><span class='ocrx_word' id='word_1_427' title='bbox 1086 1773 1253 1820; x_wconf 89' lang='lat' dir='ltr'>questus</span> <span class='ocrx_word' id='word_1_428' title='bbox 1270 1769 1396 1807; x_wconf 82' lang='lat' dir='ltr'>fuerat</span> <span class='ocrx_word' id='word_1_429' title='bbox 1417 1779 1503 1819; x_wconf 91' lang='lat' dir='ltr'>pag.</span> <span class='ocrx_word' id='word_1_430' title='bbox 1525 1767 1613 1807; x_wconf 91' lang='grc'>278.</span> <span class='ocrx_word' id='word_1_431' title='bbox 1638 1769 1678 1805; x_wconf 92' lang='lat' dir='ltr'>in</span> <span class='ocrx_word' id='word_1_432' title='bbox 1702 1779 1780 1817; x_wconf 91' lang='lat' dir='ltr'>quo</span> <span class='ocrx_word' id='word_1_433' title='bbox 1799 1771 1933 1806; x_wconf 86' lang='lat' dir='ltr'>tamen</span> <span class='ocrx_word' id='word_1_434' title='bbox 1956 1766 2043 1805; x_wconf 86' lang='lat' dir='ltr'>Bal-</span> 
     </span>
     <span class='ocr_line' id='line_1_70' title="bbox 1088 1829 2041 1881; baseline -0.004 -11"><span class='ocrx_word' id='word_1_435' title='bbox 1088 1832 1221 1870; x_wconf 88' lang='lat' dir='ltr'>dricus</span> <span class='ocrx_word' id='word_1_436' title='bbox 1236 1831 1477 1870; x_wconf 87' lang='lat' dir='ltr'>celebrasset</span> <span class='ocrx_word' id='word_1_437' title='bbox 1487 1842 1650 1874; x_wconf 76' lang='lat' dir='ltr'>urnam,</span> <span class='ocrx_word' id='word_1_438' title='bbox 1667 1829 1851 1881; x_wconf 85' lang='lat' dir='ltr'>leporem,</span> <span class='ocrx_word' id='word_1_439' title='bbox 1869 1839 2041 1875; x_wconf 84' lang='lat' dir='ltr'>corvum,</span> 
     </span>
     <span class='ocr_line' id='line_1_71' title="bbox 1086 1891 2043 1942; baseline -0.004 -10"><span class='ocrx_word' id='word_1_440' title='bbox 1086 1905 1291 1941; x_wconf 86' lang='lat' dir='ltr'>cancrum,</span> <span class='ocrx_word' id='word_1_441' title='bbox 1316 1891 1473 1942; x_wconf 83' lang='lat' dir='ltr'>asellos,</span> <span class='ocrx_word' id='word_1_442' title='bbox 1495 1897 1535 1931; x_wconf 88' lang='lat' dir='ltr'>et</span> <span class='ocrx_word' id='word_1_443' title='bbox 1558 1891 1708 1940; x_wconf 82' lang='lat' dir='ltr'>stellas,</span> <span class='ocrx_word' id='word_1_444' title='bbox 1733 1903 1834 1942; x_wconf 88' lang='lat' dir='ltr'>quae</span> <span class='ocrx_word' id='word_1_445' title='bbox 1867 1892 2043 1930; x_wconf 83' lang='lat' dir='ltr'>carmina</span> 
     </span>
     <span class='ocr_line' id='line_1_72' title="bbox 1085 1953 2052 2003; baseline -0.005 -7"><span class='ocrx_word' id='word_1_446' title='bbox 1085 1957 1150 1996; x_wconf 88' lang='lat' dir='ltr'>vel</span> <span class='ocrx_word' id='word_1_447' title='bbox 1174 1968 1253 1994; x_wconf 90' lang='lat' dir='ltr'>non</span> <span class='ocrx_word' id='word_1_448' title='bbox 1268 1956 1405 1995; x_wconf 88' lang='lat' dir='ltr'>habuit</span> <span class='ocrx_word' id='word_1_449' title='bbox 1428 1955 1483 1994; x_wconf 92' lang='lat' dir='ltr'>du</span> <span class='ocrx_word' id='word_1_450' title='bbox 1506 1954 1719 2003; x_wconf 90' lang='lat' dir='ltr'>Chesnius,</span> <span class='ocrx_word' id='word_1_451' title='bbox 1734 1954 1799 1992; x_wconf 86' lang='lat' dir='ltr'>vel</span> <span class='ocrx_word' id='word_1_452' title='bbox 1814 1953 1930 1992; x_wconf 84' lang='lat' dir='ltr'>edere</span> <span class='ocrx_word' id='word_1_453' title='bbox 1947 1953 2052 1991; x_wconf 80' lang='lat' dir='ltr'>omi—‚</span> 
     </span>
     <span class='ocr_line' id='line_1_73' title="bbox 1084 2016 2041 2068; baseline -0.005 -11"><span class='ocrx_word' id='word_1_454' title='bbox 1084 2019 1147 2057; x_wconf 89' lang='lat' dir='ltr'>sit.</span> <span class='ocrx_word' id='word_1_455' title='bbox 1171 2018 1281 2057; x_wconf 90' lang='lat' dir='ltr'>Idem</span> <span class='ocrx_word' id='word_1_456' title='bbox 1304 2018 1508 2057; x_wconf 90' lang='lat' dir='ltr'>Baldricus</span> <span class='ocrx_word' id='word_1_457' title='bbox 1527 2016 1609 2067; x_wconf 86' lang='lat' dir='ltr'>jam</span> <span class='ocrx_word' id='word_1_458' title='bbox 1632 2018 1853 2068; x_wconf 85' lang='lat' dir='ltr'>Episcopus</span> <span class='ocrx_word' id='word_1_459' title='bbox 1883 2016 2041 2066; x_wconf 86' lang='lat' dir='ltr'>scripsit</span> 
     </span>
     <span class='ocr_line' id='line_1_74' title="bbox 1082 2076 2041 2131; baseline -0.004 -12"><span class='ocrx_word' id='word_1_460' title='bbox 1082 2080 1304 2120; x_wconf 85' lang='lat' dir='ltr'>Historiam</span> <span class='ocrx_word' id='word_1_461' title='bbox 1329 2078 1725 2131; x_wconf 77' lang='lat' dir='ltr'>Hierosolymitanam</span> <span class='ocrx_word' id='word_1_462' title='bbox 1763 2076 1876 2116; x_wconf 81' lang='lat' dir='ltr'>libris</span> <span class='ocrx_word' id='word_1_463' title='bbox 1915 2078 1970 2115; x_wconf 91' lang='lat' dir='ltr'>IV</span> <span class='ocrx_word' id='word_1_464' title='bbox 1994 2077 2041 2115; x_wconf 82' lang='lat' dir='ltr'>ab</span> 
     </span>
     <span class='ocr_line' id='line_1_75' title="bbox 1080 2139 2040 2193; baseline -0.006 -11"><span class='ocrx_word' id='word_1_465' title='bbox 1080 2143 1196 2182; x_wconf 92' lang='lat' dir='ltr'>Anno</span> <span class='ocrx_word' id='word_1_466' title='bbox 1221 2144 1333 2183; x_wconf 78' lang='grc'>4095.</span> <span class='ocrx_word' id='word_1_467' title='bbox 1363 2154 1442 2193; x_wconf 92' lang='lat' dir='ltr'>quo</span> <span class='ocrx_word' id='word_1_468' title='bbox 1464 2142 1644 2180; x_wconf 89' lang='lat' dir='ltr'>habitum</span> <span class='ocrx_word' id='word_1_469' title='bbox 1664 2141 1883 2180; x_wconf 89' lang='lat' dir='ltr'>Concilium</span> <span class='ocrx_word' id='word_1_470' title='bbox 1908 2139 2040 2179; x_wconf 82' lang='lat' dir='ltr'>Claro—</span> 
     </span>
     <span class='ocr_line' id='line_1_76' title="bbox 1081 2201 2038 2255; baseline -0.005 -12"><span class='ocrx_word' id='word_1_471' title='bbox 1081 2209 1333 2254; x_wconf 88' lang='lat' dir='ltr'>montanum,</span> <span class='ocrx_word' id='word_1_472' title='bbox 1356 2206 1420 2244; x_wconf 92' lang='lat' dir='ltr'>cui</span> <span class='ocrx_word' id='word_1_473' title='bbox 1441 2205 1524 2255; x_wconf 88' lang='lat' dir='ltr'>ipse</span> <span class='ocrx_word' id='word_1_474' title='bbox 1543 2203 1672 2242; x_wconf 89' lang='lat' dir='ltr'>adhuc</span> <span class='ocrx_word' id='word_1_475' title='bbox 1691 2201 1822 2240; x_wconf 84' lang='lat' dir='ltr'>Abbas</span> <span class='ocrx_word' id='word_1_476' title='bbox 1846 2201 2038 2247; x_wconf 80' lang='lat' dir='ltr'>interfuit,</span> 
     </span>
     <span class='ocr_line' id='line_1_77' title="bbox 1081 2263 2041 2319; baseline -0.005 -13"><span class='ocrx_word' id='word_1_477' title='bbox 1081 2272 1121 2306; x_wconf 89' lang='lat' dir='ltr'>et</span> <span class='ocrx_word' id='word_1_478' title='bbox 1138 2268 1177 2305; x_wconf 93' lang='lat' dir='ltr'>in</span> <span class='ocrx_word' id='word_1_479' title='bbox 1190 2279 1268 2318; x_wconf 86' lang='lat' dir='ltr'>quo</span> <span class='ocrx_word' id='word_1_480' title='bbox 1287 2267 1484 2319; x_wconf 85' lang='lat' dir='ltr'>expeditio</span> <span class='ocrx_word' id='word_1_481' title='bbox 1507 2265 1861 2315; x_wconf 81' lang='lat' dir='ltr'>Hierosolymitana</span> <span class='ocrx_word' id='word_1_482' title='bbox 1883 2263 2041 2302; x_wconf 84' lang='lat' dir='ltr'>decreta</span> 
     </span>
     <span class='ocr_line' id='line_1_78' title="bbox 1083 2325 2041 2380; baseline -0.006 -12"><span class='ocrx_word' id='word_1_483' title='bbox 1083 2330 1170 2380; x_wconf 84' lang='lat' dir='ltr'>fuit,</span> <span class='ocrx_word' id='word_1_484' title='bbox 1188 2341 1318 2380; x_wconf 87' lang='lat' dir='ltr'>usque</span> <span class='ocrx_word' id='word_1_485' title='bbox 1341 2329 1389 2369; x_wconf 92' lang='lat' dir='ltr'>ad</span> <span class='ocrx_word' id='word_1_486' title='bbox 1412 2332 1569 2380; x_wconf 89' lang='lat' dir='ltr'>captam</span> <span class='ocrx_word' id='word_1_487' title='bbox 1593 2326 1666 2366; x_wconf 88' lang='lat' dir='ltr'>An.</span> <span class='ocrx_word' id='word_1_488' title='bbox 1693 2327 1797 2366; x_wconf 91' lang='grc'>4098</span> <span class='ocrx_word' id='word_1_489' title='bbox 1812 2338 1834 2364; x_wconf 89' lang='lat' dir='ltr'>a</span> <span class='ocrx_word' id='word_1_490' title='bbox 1852 2325 2041 2365; x_wconf 83' lang='lat' dir='ltr'>Christia-</span> 
     </span>
     <span class='ocr_line' id='line_1_79' title="bbox 1082 2387 2040 2442; baseline -0.006 -12"><span class='ocrx_word' id='word_1_491' title='bbox 1082 2395 1144 2431; x_wconf 88' lang='lat' dir='ltr'>nis</span> <span class='ocrx_word' id='word_1_492' title='bbox 1166 2392 1491 2442; x_wconf 76' lang='lat' dir='ltr'>Hierosolymam.</span> <span class='ocrx_word' id='word_1_493' title='bbox 1520 2391 1665 2429; x_wconf 78' lang='lat' dir='ltr'>Exstat</span> <span class='ocrx_word' id='word_1_494' title='bbox 1684 2390 1722 2428; x_wconf 87' lang='lat' dir='ltr'>in</span> <span class='ocrx_word' id='word_1_495' title='bbox 1746 2388 1946 2438; x_wconf 87' lang='lat' dir='ltr'>Bongarsii</span> <span class='ocrx_word' id='word_1_496' title='bbox 1966 2387 2040 2425; x_wconf 86' lang='lat' dir='ltr'>Ge—</span> 
     </span>
     <span class='ocr_line' id='line_1_80' title="bbox 1083 2448 2038 2504; baseline -0.009 -10"><span class='ocrx_word' id='word_1_497' title='bbox 1083 2457 1156 2494; x_wconf 86' lang='lat' dir='ltr'>stis</span> <span class='ocrx_word' id='word_1_498' title='bbox 1177 2455 1262 2493; x_wconf 90' lang='lat' dir='ltr'>DEI</span> <span class='ocrx_word' id='word_1_499' title='bbox 1286 2464 1356 2504; x_wconf 89' lang='lat' dir='ltr'>per</span> <span class='ocrx_word' id='word_1_500' title='bbox 1371 2454 1541 2492; x_wconf 90' lang='lat' dir='ltr'>Francos</span> <span class='ocrx_word' id='word_1_501' title='bbox 1556 2456 1650 2490; x_wconf 85' lang='lat' dir='ltr'>tom.</span> <span class='ocrx_word' id='word_1_502' title='bbox 1668 2452 1683 2489; x_wconf 93' lang='lat' dir='ltr'>I</span> <span class='ocrx_word' id='word_1_503' title='bbox 1701 2462 1786 2502; x_wconf 88' lang='lat' dir='ltr'>pag.</span> <span class='ocrx_word' id='word_1_504' title='bbox 1803 2450 1888 2488; x_wconf 82' lang='grc'>84-4</span> <span class='ocrx_word' id='word_1_505' title='bbox 1900 2450 1948 2487; x_wconf 75' lang='lat'>58</span> <span class='ocrx_word' id='word_1_506' title='bbox 1967 2448 2038 2486; x_wconf 77' lang='lat' dir='ltr'>sed</span> 
     </span>
     <span class='ocr_line' id='line_1_81' title="bbox 1082 2510 2036 2565; baseline -0.009 -10"><span class='ocrx_word' id='word_1_507' title='bbox 1082 2518 1122 2555; x_wconf 90' lang='lat' dir='ltr'>in</span> <span class='ocrx_word' id='word_1_508' title='bbox 1145 2521 1251 2555; x_wconf 87' lang='lat' dir='ltr'>tomo</span> <span class='ocrx_word' id='word_1_509' title='bbox 1271 2518 1412 2565; x_wconf 84' lang='lat' dir='ltr'>quarto</span> <span class='ocrx_word' id='word_1_510' title='bbox 1433 2514 1487 2552; x_wconf 88' lang='lat' dir='ltr'>du</span> <span class='ocrx_word' id='word_1_511' title='bbox 1510 2513 1672 2552; x_wconf 81' lang='lat' dir='ltr'>Chesnii</span> <span class='ocrx_word' id='word_1_512' title='bbox 1701 2513 1901 2550; x_wconf 87' lang='lat' dir='ltr'>incassum</span> <span class='ocrx_word' id='word_1_513' title='bbox 1931 2510 2036 2547; x_wconf 82' lang='lat' dir='ltr'>illam</span> 
     </span>
     <span class='ocr_line' id='line_1_82' title="bbox 1083 2569 2033 2629; baseline -0.012 -12"><span class='ocrx_word' id='word_1_514' title='bbox 1083 2578 1345 2629; x_wconf 88' lang='lat' dir='ltr'>quaesiveris:</span> <span class='ocrx_word' id='word_1_515' title='bbox 1370 2575 1476 2615; x_wconf 89' lang='lat' dir='ltr'>unde</span> <span class='ocrx_word' id='word_1_516' title='bbox 1489 2573 1764 2614; x_wconf 86' lang='lat' dir='ltr'>emendandus</span> <span class='ocrx_word' id='word_1_517' title='bbox 1780 2573 1947 2619; x_wconf 72' lang='lat' dir='ltr'>Caveus,</span> <span class='ocrx_word' id='word_1_518' title='bbox 1965 2569 2033 2607; x_wconf 70' lang='lat' dir='ltr'>sed</span> 
     </span>
     <span class='ocr_line' id='line_1_83' title="bbox 1083 2632 2036 2689; baseline -0.013 -10"><span class='ocrx_word' id='word_1_519' title='bbox 1083 2640 1263 2680; x_wconf 88' lang='lat' dir='ltr'>Oudinus</span> <span class='ocrx_word' id='word_1_520' title='bbox 1282 2649 1459 2689; x_wconf 85' lang='lat' dir='ltr'>quoque,</span> <span class='ocrx_word' id='word_1_521' title='bbox 1493 2637 1559 2686; x_wconf 87' lang='lat' dir='ltr'>qui</span> <span class='ocrx_word' id='word_1_522' title='bbox 1580 2636 1754 2674; x_wconf 87' lang='lat' dir='ltr'>oratione</span> <span class='ocrx_word' id='word_1_523' title='bbox 1777 2634 1893 2683; x_wconf 86' lang='lat' dir='ltr'>ligata</span> <span class='ocrx_word' id='word_1_524' title='bbox 1914 2632 2036 2681; x_wconf 76' lang='lat' dir='ltr'>scrip-</span> 
     </span>
     <span class='ocr_line' id='line_1_84' title="bbox 1083 2692 2032 2740; baseline -0.011 0"><span class='ocrx_word' id='word_1_525' title='bbox 1083 2706 1165 2740; x_wconf 81' lang='lat' dir='ltr'>tam</span> <span class='ocrx_word' id='word_1_526' title='bbox 1184 2700 1366 2739; x_wconf 85' lang='lat' dir='ltr'>affirmat.</span> <span class='ocrx_word' id='word_1_527' title='bbox 1390 2697 1502 2737; x_wconf 80' lang='lat' dir='ltr'>Libri</span> <span class='ocrx_word' id='word_1_528' title='bbox 1522 2697 1567 2735; x_wconf 89' lang='lat' dir='ltr'>II</span> <span class='ocrx_word' id='word_1_529' title='bbox 1582 2696 1629 2735; x_wconf 85' lang='lat' dir='ltr'>de</span> <span class='ocrx_word' id='word_1_530' title='bbox 1655 2696 1739 2734; x_wconf 81' lang='lat' dir='ltr'>Vita</span> <span class='ocrx_word' id='word_1_531' title='bbox 1762 2696 1800 2733; x_wconf 89' lang='lat' dir='ltr'>S.</span> <span class='ocrx_word' id='word_1_532' title='bbox 1819 2692 2032 2740; x_wconf 74' lang='lat' dir='ltr'>Samsonis,</span> 
     </span>
     <span class='ocr_line' id='line_1_85' title="bbox 1082 2755 2030 2814; baseline -0.009 -13"><span class='ocrx_word' id='word_1_533' title='bbox 1082 2762 1263 2814; x_wconf 84' lang='lat' dir='ltr'>Episcopi</span> <span class='ocrx_word' id='word_1_534' title='bbox 1286 2760 1465 2798; x_wconf 77' lang='lat' dir='ltr'>Dolensis</span> <span class='ocrx_word' id='word_1_535' title='bbox 1489 2757 1590 2809; x_wconf 88' lang='lat' dir='ltr'>apud</span> <span class='ocrx_word' id='word_1_536' title='bbox 1614 2757 1876 2796; x_wconf 82' lang='lat' dir='ltr'>Mabillonium</span> <span class='ocrx_word' id='word_1_537' title='bbox 1907 2756 1990 2793; x_wconf 73' lang='lat' dir='ltr'>Sec.</span> <span class='ocrx_word' id='word_1_538' title='bbox 2016 2755 2030 2792; x_wconf 88' lang='lat'><em>1</em></span> 
     </span>
     <span class='ocr_line' id='line_1_86' title="bbox 1084 2816 2031 2872; baseline -0.012 -8"><span class='ocrx_word' id='word_1_539' title='bbox 1084 2823 1324 2864; x_wconf 85' lang='lat' dir='ltr'>Benedictin.</span> <span class='ocrx_word' id='word_1_540' title='bbox 1349 2833 1434 2872; x_wconf 89' lang='lat' dir='ltr'>pag.</span> <span class='ocrx_word' id='word_1_541' title='bbox 1460 2822 1546 2860; x_wconf 76' lang='grc'>465.</span> <span class='ocrx_word' id='word_1_542' title='bbox 1572 2820 1657 2858; x_wconf 78' lang='lat' dir='ltr'>Vita</span> <span class='ocrx_word' id='word_1_543' title='bbox 1675 2820 1714 2857; x_wconf 90' lang='lat' dir='ltr'>S.</span> <span class='ocrx_word' id='word_1_544' title='bbox 1739 2816 1933 2868; x_wconf 73' lang='lat' dir='ltr'>Magylorii,</span> <span class='ocrx_word' id='word_1_545' title='bbox 1959 2818 2031 2855; x_wconf 86' lang='lat' dir='ltr'>Do-</span> 
     </span>
    </p>
   </div>
   <div class='ocr_carea' id='block_1_4' title="bbox 1016 2878 2032 2935">
    <p class='ocr_par' dir='ltr' id='par_1_9' title="bbox 1016 2878 2032 2935">
     <span class='ocr_line' id='line_1_87' title="bbox 1016 2878 2032 2935; baseline -0.011 -8"><span class='ocrx_word' id='word_1_546' title='bbox 1016 2916 1018 2918; x_wconf 94' lang='grc'>-</span> <span class='ocrx_word' id='word_1_547' title='bbox 1088 2887 1208 2926; x_wconf 88' lang='lat' dir='ltr'>lensis</span> <span class='ocrx_word' id='word_1_548' title='bbox 1235 2885 1431 2935; x_wconf 88' lang='lat' dir='ltr'>Episcopi,</span> <span class='ocrx_word' id='word_1_549' title='bbox 1455 2882 1596 2921; x_wconf 86' lang='lat' dir='ltr'>ibidem</span> <span class='ocrx_word' id='word_1_550' title='bbox 1612 2893 1646 2932; x_wconf 88' lang='lat' dir='ltr'>p.</span> <span class='ocrx_word' id='word_1_551' title='bbox 1672 2882 1747 2920; x_wconf 77' lang='grc'>223</span> <span class='ocrx_word' id='word_1_552' title='bbox 1771 2885 1810 2918; x_wconf 81' lang='lat' dir='ltr'>et</span> <span class='ocrx_word' id='word_1_553' title='bbox 1833 2881 1871 2919; x_wconf 89' lang='lat' dir='ltr'>S.</span> <span class='ocrx_word' id='word_1_554' title='bbox 1889 2878 2032 2917; x_wconf 72' lang='lat' dir='ltr'>Maelo—</span> 
     </span>
    </p>
   </div>
   <div class='ocr_carea' id='block_1_5' title="bbox 54 2980 1024 3373">
    <p class='ocr_par' dir='ltr' id='par_1_10' title="bbox 54 2980 1024 3373">
     <span class='ocr_line' id='line_1_88' title="bbox 113 2980 1024 3019; baseline -0.002 -5"><span class='ocrx_word' id='word_1_555' title='bbox 113 2981 126 2995; x_wconf 81' lang='lat'><strong>·</strong></span> <span class='ocrx_word' id='word_1_556' title='bbox 148 2984 212 3014; x_wconf 84' lang='lat' dir='ltr'>Pro</span> <span class='ocrx_word' id='word_1_557' title='bbox 233 2991 301 3015; x_wconf 80' lang='lat' dir='ltr'>una</span> <span class='ocrx_word' id='word_1_558' title='bbox 322 2983 468 3015; x_wconf 81' lang='lat' dir='ltr'>editione</span> <span class='ocrx_word' id='word_1_559' title='bbox 491 2981 596 3014; x_wconf 85' lang='lat' dir='ltr'>habeo</span> <span class='ocrx_word' id='word_1_560' title='bbox 618 2985 683 3013; x_wconf 83' lang='lat' dir='ltr'>tres</span> <span class='ocrx_word' id='word_1_561' title='bbox 697 2980 767 3012; x_wconf 89' lang='lat' dir='ltr'>illas</span> <span class='ocrx_word' id='word_1_562' title='bbox 788 2981 1024 3019; x_wconf 75' lang='lat' dir='ltr'>Moguntinas‚</span> 
     </span>
     <span class='ocr_line' id='line_1_89' title="bbox 56 3029 1020 3073; baseline -0.002 -9"><span class='ocrx_word' id='word_1_563' title='bbox 56 3040 140 3073; x_wconf 77' lang='lat' dir='ltr'>quas</span> <span class='ocrx_word' id='word_1_564' title='bbox 174 3030 288 3064; x_wconf 80' lang='lat' dir='ltr'>laudat</span> <span class='ocrx_word' id='word_1_565' title='bbox 323 3032 464 3064; x_wconf 67' lang='lat' dir='ltr'>lacobus</span> <span class='ocrx_word' id='word_1_566' title='bbox 502 3030 618 3070; x_wconf 82' lang='lat' dir='ltr'>Quetil&#39;</span> <span class='ocrx_word' id='word_1_567' title='bbox 643 3033 733 3062; x_wconf 82' lang='lat' dir='ltr'>tomo</span> <span class='ocrx_word' id='word_1_568' title='bbox 767 3031 778 3060; x_wconf 83' lang='lat'>1</span> <span class='ocrx_word' id='word_1_569' title='bbox 814 3029 1020 3062; x_wconf 77' lang='lat' dir='ltr'>Bibliotheca</span> 
     </span>
     <span class='ocr_line' id='line_1_90' title="bbox 54 3078 1022 3123; baseline -0.003 -9"><span class='ocrx_word' id='word_1_570' title='bbox 54 3084 256 3123; x_wconf 83' lang='lat' dir='ltr'>Scriptorum</span> <span class='ocrx_word' id='word_1_571' title='bbox 278 3083 572 3114; x_wconf 86' lang='lat' dir='ltr'>Dominicanorum</span> <span class='ocrx_word' id='word_1_572' title='bbox 595 3089 670 3122; x_wconf 83' lang='lat' dir='ltr'>pag.</span> <span class='ocrx_word' id='word_1_573' title='bbox 693 3080 755 3112; x_wconf 77' lang='grc'>462</span> <span class='ocrx_word' id='word_1_574' title='bbox 778 3087 885 3120; x_wconf 82' lang='lat' dir='ltr'>neque</span> <span class='ocrx_word' id='word_1_575' title='bbox 914 3078 1022 3112; x_wconf 81' lang='lat' dir='ltr'>diver-</span> 
     </span>
     <span class='ocr_line' id='line_1_91' title="bbox 58 3129 1021 3172; baseline -0.003 -9"><span class='ocrx_word' id='word_1_576' title='bbox 58 3140 128 3164; x_wconf 76' lang='lat' dir='ltr'>sam</span> <span class='ocrx_word' id='word_1_577' title='bbox 149 3132 191 3164; x_wconf 81' lang='lat' dir='ltr'>ab</span> <span class='ocrx_word' id='word_1_578' title='bbox 213 3135 308 3164; x_wconf 81' lang='lat' dir='ltr'>Anno</span> <span class='ocrx_word' id='word_1_579' title='bbox 335 3131 415 3164; x_wconf 78' lang='lat'>1460</span> <span class='ocrx_word' id='word_1_580' title='bbox 439 3135 520 3170; x_wconf 77' lang='lat' dir='ltr'>nuto</span> <span class='ocrx_word' id='word_1_581' title='bbox 536 3156 546 3170; x_wconf 93' lang='lat'>,</span> <span class='ocrx_word' id='word_1_582' title='bbox 580 3139 680 3172; x_wconf 82' lang='lat' dir='ltr'>quam</span> <span class='ocrx_word' id='word_1_583' title='bbox 715 3133 856 3162; x_wconf 73' lang='lat' dir='ltr'>loannes</span> <span class='ocrx_word' id='word_1_584' title='bbox 888 3129 1021 3161; x_wconf 72' lang='lat' dir='ltr'>‘ri-ithe-</span> 
     </span>
     <span class='ocr_line' id='line_1_92' title="bbox 56 3178 1017 3222; baseline -0.004 -9"><span class='ocrx_word' id='word_1_585' title='bbox 56 3183 142 3214; x_wconf 86' lang='lat' dir='ltr'>mius</span> <span class='ocrx_word' id='word_1_586' title='bbox 165 3183 200 3215; x_wconf 84' lang='lat' dir='ltr'>in</span> <span class='ocrx_word' id='word_1_587' title='bbox 229 3182 394 3215; x_wconf 85' lang='lat' dir='ltr'>Chronico</span> <span class='ocrx_word' id='word_1_588' title='bbox 432 3183 659 3222; x_wconf 81' lang='lat' dir='ltr'>uirsaugiensi</span> <span class='ocrx_word' id='word_1_589' title='bbox 697 3181 737 3213; x_wconf 81' lang='lat' dir='ltr'>ad</span> <span class='ocrx_word' id='word_1_590' title='bbox 772 3183 903 3211; x_wconf 80' lang='lat' dir='ltr'>Annum</span> <span class='ocrx_word' id='word_1_591' title='bbox 936 3178 1017 3210; x_wconf 71' lang='lat'>1450</span> 
     </span>
     <span class='ocr_line' id='line_1_93' title="bbox 59 3228 1022 3268; baseline -0.003 -5"><span class='ocrx_word' id='word_1_592' title='bbox 59 3235 231 3264; x_wconf 78' lang='lat' dir='ltr'>memorat.</span> <span class='ocrx_word' id='word_1_593' title='bbox 251 3235 297 3264; x_wconf 84' lang='lat' dir='ltr'>De</span> <span class='ocrx_word' id='word_1_594' title='bbox 323 3232 378 3264; x_wconf 83' lang='lat' dir='ltr'>illa</span> <span class='ocrx_word' id='word_1_595' title='bbox 405 3234 489 3264; x_wconf 79' lang='lat' dir='ltr'>Anni</span> <span class='ocrx_word' id='word_1_596' title='bbox 516 3231 595 3263; x_wconf 76' lang='grc'>1460</span> <span class='ocrx_word' id='word_1_597' title='bbox 616 3230 692 3264; x_wconf 84' lang='lat' dir='ltr'>vide</span> <span class='ocrx_word' id='word_1_598' title='bbox 715 3230 789 3261; x_wconf 85' lang='lat' dir='ltr'>Jani</span> <span class='ocrx_word' id='word_1_599' title='bbox 807 3228 938 3268; x_wconf 81' lang='lat' dir='ltr'>Georgii</span> <span class='ocrx_word' id='word_1_600' title='bbox 958 3231 1022 3260; x_wconf 82' lang='lat' dir='ltr'>Be-</span> 
     </span>
     <span class='ocr_line' id='line_1_94' title="bbox 63 3278 1019 3324; baseline -0.002 -12"><span class='ocrx_word' id='word_1_601' title='bbox 63 3281 159 3319; x_wconf 83' lang='lat' dir='ltr'>tuiii,</span> <span class='ocrx_word' id='word_1_602' title='bbox 179 3283 250 3314; x_wconf 79' lang='lat' dir='ltr'>sive</span> <span class='ocrx_word' id='word_1_603' title='bbox 271 3282 453 3317; x_wconf 76' lang='lat' dir='ltr'>nui-ohardi</span> <span class='ocrx_word' id='word_1_604' title='bbox 467 3281 649 3324; x_wconf 63' lang='lat' dir='ltr'>epistolam</span> <span class='ocrx_word' id='word_1_605' title='bbox 672 3290 704 3322; x_wconf 88' lang='lat' dir='ltr'>p.</span> <span class='ocrx_word' id='word_1_606' title='bbox 721 3279 760 3313; x_wconf 83' lang='grc'>74</span> <span class='ocrx_word' id='word_1_607' title='bbox 775 3282 807 3312; x_wconf 82' lang='lat' dir='ltr'>et</span> <span class='ocrx_word' id='word_1_608' title='bbox 819 3278 903 3311; x_wconf 83' lang='lat' dir='ltr'>Bibl.</span> <span class='ocrx_word' id='word_1_609' title='bbox 917 3281 1019 3319; x_wconf 78' lang='lat' dir='ltr'>Apro-</span> 
     </span>
     <span class='ocr_line' id='line_1_95' title="bbox 59 3331 379 3373; baseline 0.006 -11"><span class='ocrx_word' id='word_1_610' title='bbox 59 3332 186 3365; x_wconf 69' lang='lat' dir='ltr'>sinnam</span> <span class='ocrx_word' id='word_1_611' title='bbox 208 3339 282 3373; x_wconf 75' lang='lat' dir='ltr'>pag.</span> <span class='ocrx_word' id='word_1_612' title='bbox 305 3331 379 3365; x_wconf 74' lang='lat'>612.</span> 
     </span>
    </p>
   </div>
   <div class='ocr_carea' id='block_1_6' title="bbox 1083 2941 2031 3179">
    <p class='ocr_par' dir='ltr' id='par_1_11' title="bbox 1083 2941 2031 3179">
     <span class='ocr_line' id='line_1_96' title="bbox 1089 2941 2031 2998; baseline -0.01 -11"><span class='ocrx_word' id='word_1_613' title='bbox 1089 2948 1158 2998; x_wconf 86' lang='lat' dir='ltr'>vii,</span> <span class='ocrx_word' id='word_1_614' title='bbox 1180 2947 1361 2998; x_wconf 89' lang='lat' dir='ltr'>Episcopi</span> <span class='ocrx_word' id='word_1_615' title='bbox 1384 2944 1619 2992; x_wconf 76' lang='lat' dir='ltr'>Aleetensis,</span> <span class='ocrx_word' id='word_1_616' title='bbox 1638 2943 1686 2981; x_wconf 89' lang='lat' dir='ltr'>ib.</span> <span class='ocrx_word' id='word_1_617' title='bbox 1707 2955 1792 2993; x_wconf 76' lang='lat' dir='ltr'>pag.</span> <span class='ocrx_word' id='word_1_618' title='bbox 1817 2941 1904 2981; x_wconf 84' lang='grc'>217.</span> <span class='ocrx_word' id='word_1_619' title='bbox 1932 2941 2031 2980; x_wconf 85' lang='lat' dir='ltr'>Con.-</span> 
     </span>
     <span class='ocr_line' id='line_1_97' title="bbox 1083 3002 2027 3062; baseline -0.01 -13"><span class='ocrx_word' id='word_1_620' title='bbox 1083 3008 1257 3062; x_wconf 80' lang='lat' dir='ltr'>firmatio</span> <span class='ocrx_word' id='word_1_621' title='bbox 1278 3009 1475 3047; x_wconf 85' lang='lat' dir='ltr'>Bonorum</span> <span class='ocrx_word' id='word_1_622' title='bbox 1501 3004 1731 3046; x_wconf 80' lang='lat' dir='ltr'>Monaslerii</span> <span class='ocrx_word' id='word_1_623' title='bbox 1755 3006 1794 3044; x_wconf 87' lang='lat' dir='ltr'>S.</span> <span class='ocrx_word' id='word_1_624' title='bbox 1818 3002 2027 3042; x_wconf 78' lang='lat' dir='ltr'>Florentii:</span> 
     </span>
     <span class='ocr_line' id='line_1_98' title="bbox 1087 3067 2027 3123; baseline -0.009 -12"><span class='ocrx_word' id='word_1_625' title='bbox 1087 3072 1190 3123; x_wconf 90' lang='lat' dir='ltr'>apud</span> <span class='ocrx_word' id='word_1_626' title='bbox 1226 3070 1459 3109; x_wconf 83' lang='lat' dir='ltr'>Daeherium</span> <span class='ocrx_word' id='word_1_627' title='bbox 1498 3072 1602 3106; x_wconf 89' lang='lat' dir='ltr'>tomo</span> <span class='ocrx_word' id='word_1_628' title='bbox 1626 3068 1691 3107; x_wconf 84' lang='lat' dir='ltr'>Vll</span> <span class='ocrx_word' id='word_1_629' title='bbox 1729 3067 1912 3117; x_wconf 79' lang='lat' dir='ltr'>spicilegii</span> <span class='ocrx_word' id='word_1_630' title='bbox 1943 3078 2027 3117; x_wconf 75' lang='lat' dir='ltr'>pag.</span> 
     </span>
     <span class='ocr_line' id='line_1_99' title="bbox 1090 3129 2026 3179; baseline -0.007 -7"><span class='ocrx_word' id='word_1_631' title='bbox 1090 3135 1163 3173; x_wconf 87' lang='grc'>496</span> <span class='ocrx_word' id='word_1_632' title='bbox 1186 3138 1225 3172; x_wconf 86' lang='lat' dir='ltr'>et</span> <span class='ocrx_word' id='word_1_633' title='bbox 1254 3137 1358 3170; x_wconf 89' lang='lat' dir='ltr'>tomo</span> <span class='ocrx_word' id='word_1_634' title='bbox 1382 3132 1434 3170; x_wconf 90' lang='lat' dir='ltr'>lll</span> <span class='ocrx_word' id='word_1_635' title='bbox 1456 3130 1637 3170; x_wconf 83' lang='lat' dir='ltr'>editionis</span> <span class='ocrx_word' id='word_1_636' title='bbox 1665 3141 1788 3167; x_wconf 75' lang='lat' dir='ltr'>novae</span> <span class='ocrx_word' id='word_1_637' title='bbox 1823 3140 1906 3179; x_wconf 85' lang='lat' dir='ltr'>pag.</span> <span class='ocrx_word' id='word_1_638' title='bbox 1941 3129 2026 3166; x_wconf 65' lang='lat'>459.</span> 
     </span>
    </p>
   </div>
   <div class='ocr_carea' id='block_1_7' title="bbox 1139 3280 1999 3372">
    <p class='ocr_par' dir='ltr' id='par_1_12' title="bbox 1139 3280 1999 3372">
     <span class='ocr_line' id='line_1_100' title="bbox 1142 3280 1708 3322; baseline -0.005 -8"><span class='ocrx_word' id='word_1_639' title='bbox 1142 3284 1155 3296; x_wconf 74' lang='lat'><strong>·</strong></span> <span class='ocrx_word' id='word_1_640' title='bbox 1179 3283 1335 3314; x_wconf 76' lang='lat' dir='ltr'>Athenaei</span> <span class='ocrx_word' id='word_1_641' title='bbox 1359 3282 1515 3322; x_wconf 74' lang='lat' dir='ltr'>Ligustici</span> <span class='ocrx_word' id='word_1_642' title='bbox 1539 3289 1612 3321; x_wconf 80' lang='lat' dir='ltr'>pag.</span> <span class='ocrx_word' id='word_1_643' title='bbox 1636 3280 1708 3311; x_wconf 70' lang='lat'>284.</span> 
     </span>
     <span class='ocr_line' id='line_1_101' title="bbox 1139 3327 1999 3372; baseline -0.006 -7"><span class='ocrx_word' id='word_1_644' title='bbox 1139 3332 1163 3372; x_wconf 84' lang='lat'><strong>†</strong></span> <span class='ocrx_word' id='word_1_645' title='bbox 1190 3331 1268 3367; x_wconf 78' lang='lat' dir='ltr'>vide</span> <span class='ocrx_word' id='word_1_646' title='bbox 1289 3334 1369 3365; x_wconf 73' lang='lat' dir='ltr'>Acta</span> <span class='ocrx_word' id='word_1_647' title='bbox 1391 3334 1585 3364; x_wconf 81' lang='lat' dir='ltr'>sauctorum</span> <span class='ocrx_word' id='word_1_648' title='bbox 1607 3334 1631 3363; x_wconf 82' lang='lat' dir='ltr'>t.</span> <span class='ocrx_word' id='word_1_649' title='bbox 1650 3332 1661 3360; x_wconf 86' lang='grc'>1</span> <span class='ocrx_word' id='word_1_650' title='bbox 1685 3330 1803 3370; x_wconf 65' lang='lat' dir='ltr'>Aprilis</span> <span class='ocrx_word' id='word_1_651' title='bbox 1827 3337 1900 3370; x_wconf 77' lang='lat' dir='ltr'>pag.</span> <span class='ocrx_word' id='word_1_652' title='bbox 1928 3327 1999 3361; x_wconf 75' lang='grc'>451.</span> 
     </span>
    </p>
   </div>
   <div class='ocr_carea' id='block_1_8' title="bbox 1525 3400 1573 3437">
    <p class='ocr_par' dir='ltr' id='par_1_13' title="bbox 1525 3400 1573 3437">
     <span class='ocr_line' id='line_1_102' title="bbox 1525 3400 1573 3437; baseline 0.063 -8"><span class='ocrx_word' id='word_1_653' title='bbox 1525 3400 1573 3437; x_wconf 68' lang='grc'>(211</span> 
     </span>
    </p>
   </div>
  </div>
 </body>
</html>
