<?xml version="1.0" encoding="UTF-8"?>
<!DOCTYPE html PUBLIC "-//W3C//DTD XHTML 1.0 Transitional//EN"
    "http://www.w3.org/TR/xhtml1/DTD/xhtml1-transitional.dtd">
<html xmlns="http://www.w3.org/1999/xhtml" xml:lang="en" lang="en">
 <head>
  <title>
</title>
<meta http-equiv="Content-Type" content="text/html;charset=utf-8" />
  <meta name='ocr-system' content='tesseract 3.04.00' />
  <meta name='ocr-capabilities' content='ocr_page ocr_carea ocr_par ocr_line ocrx_word'/>
</head>
<body>
  <div class='ocr_page' id='page_1' title='image "./bibliothecalatin01fabruoft_0185.png"; bbox 0 0 2500 3841; ppageno 0'>
   <div class='ocr_carea' id='block_1_1' title="bbox 932 191 1313 233">
    <p class='ocr_par' dir='ltr' id='par_1_1' title="bbox 932 191 1313 233">
     <span class='ocr_line' id='line_1_1' title="bbox 932 191 1313 233; baseline 0.005 -2"><span class='ocrx_word' id='word_1_1' title='bbox 932 191 1313 233; x_wconf 77' lang='lat' dir='ltr'>AUSONIUS</span> 
     </span>
    </p>
   </div>
   <div class='ocr_carea' id='block_1_2' title="bbox 2045 199 2119 238">
    <p class='ocr_par' dir='ltr' id='par_1_2' title="bbox 2045 199 2119 238">
     <span class='ocr_line' id='line_1_2' title="bbox 2045 199 2119 238; baseline 0.014 -1"><span class='ocrx_word' id='word_1_2' title='bbox 2045 199 2119 238; x_wconf 60' lang='lat'>147</span> 
     </span>
    </p>
   </div>
   <div class='ocr_carea' id='block_1_3' title="bbox 120 260 2122 318">
    <p class='ocr_par' dir='ltr' id='par_1_3' title="bbox 120 260 2122 318">
     <span class='ocr_line' id='line_1_3' title="bbox 120 260 2122 318; baseline 0.004 -18"><span class='ocrx_word' id='word_1_3' title='bbox 120 261 242 312; x_wconf 87' lang='lat' dir='ltr'>idyllii</span> <span class='ocrx_word' id='word_1_4' title='bbox 259 262 363 300; x_wconf 85' lang='lat' dir='ltr'>sexti</span> <span class='ocrx_word' id='word_1_5' title='bbox 385 260 434 300; x_wconf 88' lang='lat' dir='ltr'>de</span> <span class='ocrx_word' id='word_1_6' title='bbox 455 261 650 312; x_wconf 86' lang='lat' dir='ltr'>Cupidine</span> <span class='ocrx_word' id='word_1_7' title='bbox 669 261 861 300; x_wconf 80' lang='lat' dir='ltr'>crucifixo</span> <span class='ocrx_word' id='word_1_8' title='bbox 882 262 1012 302; x_wconf 87' lang='lat' dir='ltr'>locum</span> <span class='ocrx_word' id='word_1_9' title='bbox 1032 265 1090 302; x_wconf 92' lang='lat' dir='ltr'>in-</span> <span class='ocrx_word' id='word_1_10' title='bbox 1164 277 1259 304; x_wconf 75' lang='lat' dir='ltr'>num</span> <span class='ocrx_word' id='word_1_11' title='bbox 1289 265 1599 318; x_wconf 78' lang='lat' dir='ltr'><em>Imperatorem,</em></span> <span class='ocrx_word' id='word_1_12' title='bbox 1623 277 1702 318; x_wconf 87' lang='lat' dir='ltr'>qua</span> <span class='ocrx_word' id='word_1_13' title='bbox 1722 265 1775 304; x_wconf 86' lang='lat' dir='ltr'>illi</span> <span class='ocrx_word' id='word_1_14' title='bbox 1804 277 1874 317; x_wconf 86' lang='lat' dir='ltr'>pro</span> <span class='ocrx_word' id='word_1_15' title='bbox 1902 267 2122 309; x_wconf 79' lang='lat' dir='ltr'>Consulatu</span> 
     </span>
    </p>
   </div>
   <div class='ocr_carea' id='block_1_4' title="bbox 115 321 1086 376">
    <p class='ocr_par' dir='ltr' id='par_1_4' title="bbox 115 321 1086 376">
     <span class='ocr_line' id='line_1_4' title="bbox 115 321 1086 376; baseline 0.001 -13"><span class='ocrx_word' id='word_1_16' title='bbox 115 326 270 376; x_wconf 80' lang='lat' dir='ltr'><strong>signem</strong></span> <span class='ocrx_word' id='word_1_17' title='bbox 293 334 333 362; x_wconf 89' lang='lat' dir='ltr'>v.</span> <span class='ocrx_word' id='word_1_18' title='bbox 360 324 408 363; x_wconf 89' lang='grc'>16</span> <span class='ocrx_word' id='word_1_19' title='bbox 433 334 516 374; x_wconf 90' lang='lat' dir='ltr'>seq.</span> <span class='ocrx_word' id='word_1_20' title='bbox 535 321 763 362; x_wconf 78' lang='lat' dir='ltr'>Fulmz‘neos</span> <span class='ocrx_word' id='word_1_21' title='bbox 778 323 927 363; x_wconf 84' lang='lat' dir='ltr'><em>Semele</em></span> <span class='ocrx_word' id='word_1_22' title='bbox 947 330 1023 364; x_wconf 88' lang='lat' dir='ltr'>etc.</span> <span class='ocrx_word' id='word_1_23' title='bbox 1043 326 1086 364; x_wconf 91' lang='lat' dir='ltr'>il—</span> 
     </span>
    </p>
   </div>
   <div class='ocr_carea' id='block_1_5' title="bbox 51 384 1081 3355">
    <p class='ocr_par' dir='ltr' id='par_1_5' title="bbox 51 384 1081 3355">
     <span class='ocr_line' id='line_1_5' title="bbox 117 384 1081 426; baseline 0 0"><span class='ocrx_word' id='word_1_24' title='bbox 117 387 291 426; x_wconf 85' lang='lat' dir='ltr'>lustrant</span> <span class='ocrx_word' id='word_1_25' title='bbox 314 385 396 424; x_wconf 80' lang='lat' dir='ltr'>Viri</span> <span class='ocrx_word' id='word_1_26' title='bbox 419 385 581 424; x_wconf 87' lang='lat' dir='ltr'>Clariss.</span> <span class='ocrx_word' id='word_1_27' title='bbox 613 384 796 424; x_wconf 89' lang='lat' dir='ltr'>Oudinus</span> <span class='ocrx_word' id='word_1_28' title='bbox 821 386 859 425; x_wconf 88' lang='lat' dir='ltr'>S.</span> <span class='ocrx_word' id='word_1_29' title='bbox 885 387 917 424; x_wconf 90' lang='lat' dir='ltr'>J.</span> <span class='ocrx_word' id='word_1_30' title='bbox 944 392 984 425; x_wconf 90' lang='lat' dir='ltr'>et</span> <span class='ocrx_word' id='word_1_31' title='bbox 1008 389 1081 426; x_wconf 70' lang='lat' dir='ltr'>Ra-</span> 
     </span>
     <span class='ocr_line' id='line_1_6' title="bbox 109 447 1077 488; baseline 0.002 -2"><span class='ocrx_word' id='word_1_32' title='bbox 109 449 253 487; x_wconf 91' lang='lat' dir='ltr'>vionus</span> <span class='ocrx_word' id='word_1_33' title='bbox 286 447 335 486; x_wconf 90' lang='lat' dir='ltr'>de</span> <span class='ocrx_word' id='word_1_34' title='bbox 361 448 578 486; x_wconf 66' lang='lat' dir='ltr'>varennes.</span> <span class='ocrx_word' id='word_1_35' title='bbox 609 448 774 487; x_wconf 75' lang='lat' dir='ltr'>Journal</span> <span class='ocrx_word' id='word_1_36' title='bbox 811 448 883 487; x_wconf 89' lang='lat' dir='ltr'>des</span> <span class='ocrx_word' id='word_1_37' title='bbox 923 451 1077 488; x_wconf 83' lang='lat' dir='ltr'>Savans</span> 
     </span>
     <span class='ocr_line' id='line_1_7' title="bbox 111 508 1076 560; baseline -0.001 -10"><span class='ocrx_word' id='word_1_38' title='bbox 111 508 214 550; x_wconf 88' lang='lat'><strong>4748</strong></span> <span class='ocrx_word' id='word_1_39' title='bbox 244 520 330 560; x_wconf 83' lang='lat' dir='ltr'>pag.</span> <span class='ocrx_word' id='word_1_40' title='bbox 355 508 431 548; x_wconf 88' lang='lat'><strong>497</strong></span> <span class='ocrx_word' id='word_1_41' title='bbox 456 509 545 548; x_wconf 74' lang='lat'>205.</span> <span class='ocrx_word' id='word_1_42' title='bbox 570 509 779 548; x_wconf 87' lang='lat' dir='ltr'>Memoires</span> <span class='ocrx_word' id='word_1_43' title='bbox 813 509 862 549; x_wconf 92' lang='lat' dir='ltr'>de</span> <span class='ocrx_word' id='word_1_44' title='bbox 888 511 1076 550; x_wconf 78' lang='lat' dir='ltr'>Trevoux</span> 
     </span>
     <span class='ocr_line' id='line_1_8' title="bbox 110 570 1073 622; baseline 0 -12"><span class='ocrx_word' id='word_1_45' title='bbox 110 570 216 610; x_wconf 86' lang='grc'>1717</span> <span class='ocrx_word' id='word_1_46' title='bbox 234 581 320 621; x_wconf 83' lang='lat' dir='ltr'>pag.</span> <span class='ocrx_word' id='word_1_47' title='bbox 340 570 434 610; x_wconf 89' lang='lat'><strong>4484</strong></span> <span class='ocrx_word' id='word_1_48' title='bbox 464 571 579 609; x_wconf 89' lang='lat'><strong>4489.</strong></span> <span class='ocrx_word' id='word_1_49' title='bbox 603 570 812 622; x_wconf 79' lang='lat' dir='ltr'>Gryphum</span> <span class='ocrx_word' id='word_1_50' title='bbox 832 572 1073 620; x_wconf 69' lang='lat' dir='ltr'>ternarium,</span> 
     </span>
     <span class='ocr_line' id='line_1_9' title="bbox 109 632 1075 682; baseline 0.002 -11"><span class='ocrx_word' id='word_1_51' title='bbox 109 634 196 672; x_wconf 91' lang='lat' dir='ltr'>sive</span> <span class='ocrx_word' id='word_1_52' title='bbox 218 632 393 682; x_wconf 81' lang='lat' dir='ltr'>dellion</span> <span class='ocrx_word' id='word_1_53' title='bbox 423 632 681 672; x_wconf 87' lang='lat' dir='ltr'>undecimum</span> <span class='ocrx_word' id='word_1_54' title='bbox 712 633 952 673; x_wconf 83' lang='lat' dir='ltr'>illuminavit</span> <span class='ocrx_word' id='word_1_55' title='bbox 981 635 1075 673; x_wconf 88' lang='lat' dir='ltr'>Sca-</span> 
     </span>
     <span class='ocr_line' id='line_1_10' title="bbox 109 693 1073 746; baseline 0 -12"><span class='ocrx_word' id='word_1_56' title='bbox 109 695 206 746; x_wconf 81' lang='lat' dir='ltr'>liger</span> <span class='ocrx_word' id='word_1_57' title='bbox 227 694 300 745; x_wconf 90' lang='lat' dir='ltr'>Ep.</span> <span class='ocrx_word' id='word_1_58' title='bbox 333 694 420 733; x_wconf 88' lang='lat'>499.</span> <span class='ocrx_word' id='word_1_59' title='bbox 452 693 644 739; x_wconf 90' lang='lat' dir='ltr'>Claudius</span> <span class='ocrx_word' id='word_1_60' title='bbox 669 695 764 733; x_wconf 88' lang='lat' dir='ltr'>item</span> <span class='ocrx_word' id='word_1_61' title='bbox 792 696 918 734; x_wconf 88' lang='lat' dir='ltr'>Minos</span> <span class='ocrx_word' id='word_1_62' title='bbox 942 697 1073 734; x_wconf 87' lang='lat' dir='ltr'>Divio-</span> 
     </span>
     <span class='ocr_line' id='line_1_11' title="bbox 109 751 1073 807; baseline 0 -12"><span class='ocrx_word' id='word_1_63' title='bbox 109 757 246 795; x_wconf 83' lang='lat' dir='ltr'>nensis</span> <span class='ocrx_word' id='word_1_64' title='bbox 263 785 272 804; x_wconf 87' lang='lat'><strong><em>‚</em></strong></span> <span class='ocrx_word' id='word_1_65' title='bbox 289 756 447 794; x_wconf 84' lang='lat' dir='ltr'>Parisiis</span> <span class='ocrx_word' id='word_1_66' title='bbox 469 755 572 794; x_wconf 78' lang='grc'>1574</span> <span class='ocrx_word' id='word_1_67' title='bbox 591 751 656 804; x_wconf 74' lang='lat'>4‚‘⁰</span> <span class='ocrx_word' id='word_1_68' title='bbox 672 760 712 794; x_wconf 89' lang='lat' dir='ltr'>et</span> <span class='ocrx_word' id='word_1_69' title='bbox 733 757 968 795; x_wconf 88' lang='lat' dir='ltr'>Franciscus</span> <span class='ocrx_word' id='word_1_70' title='bbox 983 757 1073 807; x_wconf 82' lang='lat' dir='ltr'>Syl-</span> 
     </span>
     <span class='ocr_line' id='line_1_12' title="bbox 107 816 1071 866; baseline 0.001 -10"><span class='ocrx_word' id='word_1_71' title='bbox 107 819 225 866; x_wconf 83' lang='lat' dir='ltr'>vius,</span> <span class='ocrx_word' id='word_1_72' title='bbox 249 817 466 856; x_wconf 89' lang='lat' dir='ltr'>Ambianas</span> <span class='ocrx_word' id='word_1_73' title='bbox 490 816 607 856; x_wconf 84' lang='lat' dir='ltr'>Anno</span> <span class='ocrx_word' id='word_1_74' title='bbox 632 819 735 861; x_wconf 83' lang='lat'><strong>4546</strong></span> <span class='ocrx_word' id='word_1_75' title='bbox 761 829 806 858; x_wconf 89' lang='lat' dir='ltr'>ac</span> <span class='ocrx_word' id='word_1_76' title='bbox 835 820 1071 858; x_wconf 90' lang='lat' dir='ltr'>Franciscus</span> 
     </span>
     <span class='ocr_line' id='line_1_13' title="bbox 105 880 1069 928; baseline -0.002 -8"><span class='ocrx_word' id='word_1_77' title='bbox 105 881 293 920; x_wconf 81' lang='lat' dir='ltr'>Sanctius</span> <span class='ocrx_word' id='word_1_78' title='bbox 317 880 527 918; x_wconf 88' lang='lat' dir='ltr'>Brocensis</span> <span class='ocrx_word' id='word_1_79' title='bbox 543 891 621 918; x_wconf 90' lang='lat' dir='ltr'>una</span> <span class='ocrx_word' id='word_1_80' title='bbox 637 892 728 920; x_wconf 89' lang='lat' dir='ltr'>cum</span> <span class='ocrx_word' id='word_1_81' title='bbox 750 881 891 920; x_wconf 92' lang='lat' dir='ltr'>Ovidio</span> <span class='ocrx_word' id='word_1_82' title='bbox 911 882 949 919; x_wconf 89' lang='lat' dir='ltr'>in</span> <span class='ocrx_word' id='word_1_83' title='bbox 968 880 1069 928; x_wconf 84' lang='lat' dir='ltr'>lbin,</span> 
     </span>
     <span class='ocr_line' id='line_1_14' title="bbox 105 941 1069 992; baseline -0.003 -10"><span class='ocrx_word' id='word_1_84' title='bbox 105 942 370 982; x_wconf 72' lang='lat' dir='ltr'>salmanticae</span> <span class='ocrx_word' id='word_1_85' title='bbox 395 942 497 981; x_wconf 78' lang='grc'>1596</span> <span class='ocrx_word' id='word_1_86' title='bbox 522 942 558 979; x_wconf 88' lang='lat'>8.</span> <span class='ocrx_word' id='word_1_87' title='bbox 581 941 635 980; x_wconf 84' lang='lat' dir='ltr'>At</span> <span class='ocrx_word' id='word_1_88' title='bbox 659 941 846 992; x_wconf 69' lang='lat' dir='ltr'>ldylliuui</span> <span class='ocrx_word' id='word_1_89' title='bbox 869 942 1069 981; x_wconf 89' lang='lat' dir='ltr'>decimum</span> 
     </span>
     <span class='ocr_line' id='line_1_15' title="bbox 105 1002 1071 1055; baseline -0.002 -12"><span class='ocrx_word' id='word_1_90' title='bbox 105 1004 293 1055; x_wconf 85' lang='lat' dir='ltr'>quintum</span> <span class='ocrx_word' id='word_1_91' title='bbox 315 1002 364 1042; x_wconf 91' lang='lat' dir='ltr'>de</span> <span class='ocrx_word' id='word_1_92' title='bbox 388 1003 646 1054; x_wconf 77' lang='lat' dir='ltr'>ambiguitate</span> <span class='ocrx_word' id='word_1_93' title='bbox 663 1005 769 1043; x_wconf 87' lang='lat' dir='ltr'>vitae</span> <span class='ocrx_word' id='word_1_94' title='bbox 786 1005 981 1043; x_wconf 87' lang='lat' dir='ltr'>seorsium</span> <span class='ocrx_word' id='word_1_95' title='bbox 1002 1015 1071 1042; x_wconf 78' lang='lat' dir='ltr'>ex-</span> 
     </span>
     <span class='ocr_line' id='line_1_16' title="bbox 101 1065 1071 1114; baseline -0.004 -9"><span class='ocrx_word' id='word_1_96' title='bbox 101 1076 246 1105; x_wconf 87' lang='lat' dir='ltr'>cusum</span> <span class='ocrx_word' id='word_1_97' title='bbox 275 1076 368 1104; x_wconf 89' lang='lat' dir='ltr'>cum</span> <span class='ocrx_word' id='word_1_98' title='bbox 405 1067 692 1104; x_wconf 87' lang='lat' dir='ltr'>commentario</span> <span class='ocrx_word' id='word_1_99' title='bbox 729 1066 885 1104; x_wconf 87' lang='lat' dir='ltr'>llenrici</span> <span class='ocrx_word' id='word_1_100' title='bbox 919 1065 1071 1114; x_wconf 78' lang='lat' dir='ltr'>Vagetii</span> 
     </span>
     <span class='ocr_line' id='line_1_17' title="bbox 102 1126 1070 1178; baseline -0.003 -11"><span class='ocrx_word' id='word_1_101' title='bbox 102 1128 319 1178; x_wconf 82' lang='lat' dir='ltr'>lIamburgi</span> <span class='ocrx_word' id='word_1_102' title='bbox 343 1126 446 1167; x_wconf 83' lang='lat'><strong>4637</strong></span> <span class='ocrx_word' id='word_1_103' title='bbox 462 1127 532 1165; x_wconf 57' lang='lat'>85⁰</span> <span class='ocrx_word' id='word_1_104' title='bbox 552 1127 660 1166; x_wconf 85' lang='lat' dir='ltr'>Idem</span> <span class='ocrx_word' id='word_1_105' title='bbox 685 1138 778 1166; x_wconf 91' lang='lat' dir='ltr'>eum</span> <span class='ocrx_word' id='word_1_106' title='bbox 799 1127 980 1166; x_wconf 84' lang='lat' dir='ltr'>distichis</span> <span class='ocrx_word' id='word_1_107' title='bbox 997 1127 1070 1166; x_wconf 90' lang='lat' dir='ltr'>Ca-</span> 
     </span>
     <span class='ocr_line' id='line_1_18' title="bbox 103 1187 1069 1240; baseline -0.001 -12"><span class='ocrx_word' id='word_1_108' title='bbox 103 1191 234 1238; x_wconf 89' lang='lat' dir='ltr'>tonis⁷</span> <span class='ocrx_word' id='word_1_109' title='bbox 258 1189 427 1239; x_wconf 88' lang='lat' dir='ltr'>aliisque</span> <span class='ocrx_word' id='word_1_110' title='bbox 455 1189 598 1240; x_wconf 89' lang='lat' dir='ltr'>prodiit</span> <span class='ocrx_word' id='word_1_111' title='bbox 624 1189 726 1229; x_wconf 77' lang='lat'><strong>4500</strong></span> <span class='ocrx_word' id='word_1_112' title='bbox 759 1190 793 1227; x_wconf 84' lang='lat'>4.</span> <span class='ocrx_word' id='word_1_113' title='bbox 824 1188 934 1228; x_wconf 83' lang='lat' dir='ltr'>Idem</span> <span class='ocrx_word' id='word_1_114' title='bbox 963 1187 1069 1238; x_wconf 76' lang='lat' dir='ltr'>ldyl-</span> 
     </span>
     <span class='ocr_line' id='line_1_19' title="bbox 104 1251 1067 1302; baseline -0.003 -11"><span class='ocrx_word' id='word_1_115' title='bbox 104 1252 201 1291; x_wconf 90' lang='lat' dir='ltr'>lium</span> <span class='ocrx_word' id='word_1_116' title='bbox 224 1252 394 1290; x_wconf 85' lang='lat' dir='ltr'>Alcaicis</span> <span class='ocrx_word' id='word_1_117' title='bbox 418 1251 603 1290; x_wconf 89' lang='lat' dir='ltr'>versibus</span> <span class='ocrx_word' id='word_1_118' title='bbox 626 1251 759 1290; x_wconf 89' lang='lat' dir='ltr'>latinis</span> <span class='ocrx_word' id='word_1_119' title='bbox 782 1262 1020 1302; x_wconf 78' lang='lat' dir='ltr'>expressum</span> <span class='ocrx_word' id='word_1_120' title='bbox 1044 1261 1067 1288; x_wconf 90' lang='lat' dir='ltr'>a</span> 
     </span>
     <span class='ocr_line' id='line_1_20' title="bbox 99 1312 1066 1364; baseline -0.003 -11"><span class='ocrx_word' id='word_1_121' title='bbox 99 1312 300 1353; x_wconf 77' lang='lat' dir='ltr'>Salmonio</span> <span class='ocrx_word' id='word_1_122' title='bbox 308 1313 488 1353; x_wconf 78' lang='lat' dir='ltr'>Macrino</span> <span class='ocrx_word' id='word_1_123' title='bbox 504 1313 569 1352; x_wconf 92' lang='lat' dir='ltr'>lib.</span> <span class='ocrx_word' id='word_1_124' title='bbox 580 1314 622 1352; x_wconf 88' lang='lat' dir='ltr'>V.</span> <span class='ocrx_word' id='word_1_125' title='bbox 637 1313 880 1363; x_wconf 78' lang='lat' dir='ltr'>hymnorum</span> <span class='ocrx_word' id='word_1_126' title='bbox 896 1314 1004 1364; x_wconf 83' lang='lat' dir='ltr'>pag.4</span> <span class='ocrx_word' id='word_1_127' title='bbox 1015 1313 1066 1350; x_wconf 85' lang='lat'>88</span> 
     </span>
     <span class='ocr_line' id='line_1_21' title="bbox 98 1373 1066 1426; baseline -0.003 -10"><span class='ocrx_word' id='word_1_128' title='bbox 98 1377 248 1416; x_wconf 88' lang='lat' dir='ltr'>Graeca</span> <span class='ocrx_word' id='word_1_129' title='bbox 271 1375 513 1426; x_wconf 81' lang='lat' dir='ltr'>metaphrasi</span> <span class='ocrx_word' id='word_1_130' title='bbox 537 1374 700 1414; x_wconf 89' lang='lat' dir='ltr'>donavit</span> <span class='ocrx_word' id='word_1_131' title='bbox 726 1373 966 1413; x_wconf 73' lang='lat' dir='ltr'>Friderz&#39;eas</span> <span class='ocrx_word' id='word_1_132' title='bbox 997 1375 1066 1413; x_wconf 84' lang='lat' dir='ltr'>Ja-</span> 
     </span>
     <span class='ocr_line' id='line_1_22' title="bbox 98 1436 1066 1489; baseline -0.002 -12"><span class='ocrx_word' id='word_1_133' title='bbox 98 1438 242 1478; x_wconf 74' lang='lat' dir='ltr'>motius</span> <span class='ocrx_word' id='word_1_134' title='bbox 258 1449 345 1489; x_wconf 84' lang='lat' dir='ltr'>pag.</span> <span class='ocrx_word' id='word_1_135' title='bbox 365 1436 415 1476; x_wconf 85' lang='lat'>57</span> <span class='ocrx_word' id='word_1_136' title='bbox 432 1441 603 1488; x_wconf 71' lang='lat' dir='ltr'>poemat..</span> <span class='ocrx_word' id='word_1_137' title='bbox 622 1436 807 1488; x_wconf 71' lang='lat' dir='ltr'>Idyllium</span> <span class='ocrx_word' id='word_1_138' title='bbox 819 1437 891 1475; x_wconf 85' lang='lat' dir='ltr'>hoc</span> <span class='ocrx_word' id='word_1_139' title='bbox 900 1436 1066 1476; x_wconf 89' lang='lat' dir='ltr'>Ausonii</span> 
     </span>
     <span class='ocr_line' id='line_1_23' title="bbox 101 1498 1063 1539; baseline 0 0"><span class='ocrx_word' id='word_1_140' title='bbox 101 1501 253 1539; x_wconf 86' lang='lat' dir='ltr'>Graece</span> <span class='ocrx_word' id='word_1_141' title='bbox 281 1499 482 1538; x_wconf 89' lang='lat' dir='ltr'>redditum</span> <span class='ocrx_word' id='word_1_142' title='bbox 511 1510 534 1537; x_wconf 92' lang='lat' dir='ltr'>a</span> <span class='ocrx_word' id='word_1_143' title='bbox 562 1498 654 1538; x_wconf 88' lang='lat' dir='ltr'>Fed.</span> <span class='ocrx_word' id='word_1_144' title='bbox 683 1500 842 1538; x_wconf 84' lang='lat' dir='ltr'>Morello</span> <span class='ocrx_word' id='word_1_145' title='bbox 874 1501 975 1539; x_wconf 74' lang='grc'>1596</span> <span class='ocrx_word' id='word_1_146' title='bbox 1002 1501 1063 1539; x_wconf 74' lang='grc'>12.</span> 
     </span>
     <span class='ocr_line' id='line_1_24' title="bbox 98 1559 1066 1612; baseline -0.001 -10"><span class='ocrx_word' id='word_1_147' title='bbox 98 1562 277 1612; x_wconf 84' lang='lat' dir='ltr'>Elegiam</span> <span class='ocrx_word' id='word_1_148' title='bbox 285 1559 466 1611; x_wconf 83' lang='lat' dir='ltr'>ejusdem</span> <span class='ocrx_word' id='word_1_149' title='bbox 476 1563 702 1611; x_wconf 83' lang='lat' dir='ltr'>argumenti</span> <span class='ocrx_word' id='word_1_150' title='bbox 713 1563 917 1612; x_wconf 90' lang='lat' dir='ltr'>scriptoris</span> <span class='ocrx_word' id='word_1_151' title='bbox 930 1573 1066 1601; x_wconf 85' lang='lat' dir='ltr'>recen—</span> 
     </span>
     <span class='ocr_line' id='line_1_25' title="bbox 97 1621 1066 1663; baseline 0.002 -2"><span class='ocrx_word' id='word_1_152' title='bbox 97 1624 210 1662; x_wconf 90' lang='lat' dir='ltr'>tioris</span> <span class='ocrx_word' id='word_1_153' title='bbox 233 1622 356 1661; x_wconf 87' lang='lat' dir='ltr'>edidit</span> <span class='ocrx_word' id='word_1_154' title='bbox 378 1621 565 1661; x_wconf 90' lang='lat' dir='ltr'>Barthius</span> <span class='ocrx_word' id='word_1_155' title='bbox 588 1623 692 1662; x_wconf 87' lang='lat' dir='ltr'>XLV</span> <span class='ocrx_word' id='word_1_156' title='bbox 718 1624 779 1662; x_wconf 88' lang='lat'>46.</span> <span class='ocrx_word' id='word_1_157' title='bbox 809 1623 978 1663; x_wconf 83' lang='lat' dir='ltr'>Advers.</span> <span class='ocrx_word' id='word_1_158' title='bbox 1003 1624 1066 1663; x_wconf 79' lang='lat' dir='ltr'>Ad</span> 
     </span>
     <span class='ocr_line' id='line_1_26' title="bbox 94 1682 1066 1738; baseline -0.002 -13"><span class='ocrx_word' id='word_1_159' title='bbox 94 1683 264 1738; x_wconf 81' lang='lat' dir='ltr'>Idyllz&#39;on</span> <span class='ocrx_word' id='word_1_160' title='bbox 295 1683 342 1723; x_wconf 87' lang='lat' dir='ltr'>de</span> <span class='ocrx_word' id='word_1_161' title='bbox 382 1683 473 1724; x_wconf 77' lang='lat' dir='ltr'>Viro</span> <span class='ocrx_word' id='word_1_162' title='bbox 508 1682 631 1735; x_wconf 79' lang='lat' dir='ltr'>bono,</span> <span class='ocrx_word' id='word_1_163' title='bbox 669 1685 756 1724; x_wconf 87' lang='lat' dir='ltr'>sive</span> <span class='ocrx_word' id='word_1_164' title='bbox 785 1685 1066 1735; x_wconf 64' lang='grc' dir='ltr'>Πυθαγορικὴν</span> 
     </span>
     <span class='ocr_line' id='line_1_27' title="bbox 98 1745 1066 1797; baseline 0.001 -11"><span class='ocrx_word' id='word_1_165' title='bbox 98 1745 280 1797; x_wconf 79' lang='grc' dir='ltr'><em>ἀκρόασιν</em></span> <span class='ocrx_word' id='word_1_166' title='bbox 303 1747 532 1785; x_wconf 86' lang='lat' dir='ltr'>dissertatio</span> <span class='ocrx_word' id='word_1_167' title='bbox 555 1747 685 1797; x_wconf 82' lang='lat' dir='ltr'>Magni</span> <span class='ocrx_word' id='word_1_168' title='bbox 703 1747 877 1785; x_wconf 87' lang='lat' dir='ltr'>Danielis</span> <span class='ocrx_word' id='word_1_169' title='bbox 902 1747 1066 1787; x_wconf 77' lang='lat' dir='ltr'>Oineisii</span> 
     </span>
     <span class='ocr_line' id='line_1_28' title="bbox 95 1808 1061 1860; baseline -0.001 -10"><span class='ocrx_word' id='word_1_170' title='bbox 95 1811 228 1850; x_wconf 89' lang='lat' dir='ltr'>lucem</span> <span class='ocrx_word' id='word_1_171' title='bbox 242 1808 344 1847; x_wconf 89' lang='lat' dir='ltr'>vidit</span> <span class='ocrx_word' id='word_1_172' title='bbox 365 1808 519 1848; x_wconf 84' lang='lat' dir='ltr'>Altorfii</span> <span class='ocrx_word' id='word_1_173' title='bbox 541 1809 703 1859; x_wconf 75' lang='lat'>4705‚4.</span> <span class='ocrx_word' id='word_1_174' title='bbox 729 1809 768 1846; x_wconf 94' lang='lat' dir='ltr'>in</span> <span class='ocrx_word' id='word_1_175' title='bbox 789 1821 868 1859; x_wconf 84' lang='lat' dir='ltr'>qua</span> <span class='ocrx_word' id='word_1_176' title='bbox 892 1814 932 1848; x_wconf 87' lang='lat' dir='ltr'>et</span> <span class='ocrx_word' id='word_1_177' title='bbox 949 1810 1061 1860; x_wconf 88' lang='lat' dir='ltr'>plura</span> 
     </span>
     <span class='ocr_line' id='line_1_29' title="bbox 51 1869 1063 1923; baseline 0.001 -14"><span class='ocrx_word' id='word_1_178' title='bbox 51 1906 54 1909; x_wconf 89' lang='lat'>.</span> <span class='ocrx_word' id='word_1_179' title='bbox 97 1872 147 1912; x_wconf 91' lang='lat' dir='ltr'>de</span> <span class='ocrx_word' id='word_1_180' title='bbox 169 1871 357 1911; x_wconf 90' lang='lat' dir='ltr'>Ausonio.</span> <span class='ocrx_word' id='word_1_181' title='bbox 384 1872 432 1910; x_wconf 88' lang='lat'>40</span> <span class='ocrx_word' id='word_1_182' title='bbox 455 1869 713 1921; x_wconf 74' lang='lat' dir='ltr'>Ecloqare‘um</span> <span class='ocrx_word' id='word_1_183' title='bbox 736 1870 947 1910; x_wconf 67' lang='lat' dir='ltr'>variorum</span> <span class='ocrx_word' id='word_1_184' title='bbox 969 1878 1063 1923; x_wconf 78' lang='lat' dir='ltr'>poe-</span> 
     </span>
     <span class='ocr_line' id='line_1_30' title="bbox 97 1931 1061 1984; baseline -0.001 -12"><span class='ocrx_word' id='word_1_185' title='bbox 97 1933 313 1973; x_wconf 70' lang='lat' dir='ltr'>mattarum</span> <span class='ocrx_word' id='word_1_186' title='bbox 327 1935 368 1972; x_wconf 76' lang='lat' dir='ltr'>et</span> <span class='ocrx_word' id='word_1_187' title='bbox 386 1931 756 1983; x_wconf 56' lang='lat' dir='ltr'>Epiyrammatum.</span> <span class='ocrx_word' id='word_1_188' title='bbox 778 1944 949 1983; x_wconf 83' lang='lat' dir='ltr'>quorum</span> <span class='ocrx_word' id='word_1_189' title='bbox 969 1944 1061 1984; x_wconf 85' lang='lat' dir='ltr'>pars</span> 
     </span>
     <span class='ocr_line' id='line_1_31' title="bbox 99 1994 1062 2045; baseline -0.003 -9"><span class='ocrx_word' id='word_1_190' title='bbox 99 2001 145 2036; x_wconf 88' lang='lat' dir='ltr'>ut</span> <span class='ocrx_word' id='word_1_191' title='bbox 167 1998 207 2036; x_wconf 90' lang='lat' dir='ltr'>in</span> <span class='ocrx_word' id='word_1_192' title='bbox 229 1997 317 2035; x_wconf 89' lang='lat' dir='ltr'>aliis</span> <span class='ocrx_word' id='word_1_193' title='bbox 353 2006 513 2045; x_wconf 89' lang='lat' dir='ltr'>quoque</span> <span class='ocrx_word' id='word_1_194' title='bbox 536 1994 702 2034; x_wconf 87' lang='lat' dir='ltr'>Ausonii</span> <span class='ocrx_word' id='word_1_195' title='bbox 725 1995 968 2034; x_wconf 86' lang='lat' dir='ltr'>carminibus</span> <span class='ocrx_word' id='word_1_196' title='bbox 992 2007 1062 2033; x_wconf 84' lang='lat' dir='ltr'>ex-</span> 
     </span>
     <span class='ocr_line' id='line_1_32' title="bbox 98 2057 1059 2110; baseline -0.002 -12"><span class='ocrx_word' id='word_1_197' title='bbox 98 2069 238 2110; x_wconf 88' lang='lat' dir='ltr'>pressa</span> <span class='ocrx_word' id='word_1_198' title='bbox 259 2069 281 2097; x_wconf 89' lang='lat' dir='ltr'>e</span> <span class='ocrx_word' id='word_1_199' title='bbox 309 2057 486 2109; x_wconf 83' lang='lat' dir='ltr'>graecis,</span> <span class='ocrx_word' id='word_1_200' title='bbox 506 2058 574 2106; x_wconf 91' lang='lat' dir='ltr'>qui</span> <span class='ocrx_word' id='word_1_201' title='bbox 605 2058 644 2094; x_wconf 90' lang='lat' dir='ltr'>in</span> <span class='ocrx_word' id='word_1_202' title='bbox 680 2057 867 2107; x_wconf 77' lang='lat' dir='ltr'>Scaligeri</span> <span class='ocrx_word' id='word_1_203' title='bbox 887 2057 1059 2096; x_wconf 83' lang='lat' dir='ltr'>editione</span> 
     </span>
     <span class='ocr_line' id='line_1_33' title="bbox 93 2117 1061 2171; baseline -0.003 -11"><span class='ocrx_word' id='word_1_204' title='bbox 93 2126 134 2160; x_wconf 86' lang='lat' dir='ltr'>et</span> <span class='ocrx_word' id='word_1_205' title='bbox 155 2121 243 2160; x_wconf 85' lang='lat' dir='ltr'>aliis</span> <span class='ocrx_word' id='word_1_206' title='bbox 265 2119 507 2171; x_wconf 88' lang='lat' dir='ltr'>quibusdam</span> <span class='ocrx_word' id='word_1_207' title='bbox 530 2117 720 2169; x_wconf 89' lang='lat' dir='ltr'>adjuncta</span> <span class='ocrx_word' id='word_1_208' title='bbox 743 2120 943 2170; x_wconf 74' lang='lat' dir='ltr'>leguntur.</span> <span class='ocrx_word' id='word_1_209' title='bbox 967 2120 1061 2170; x_wconf 86' lang='lat' dir='ltr'>Epi-</span> 
     </span>
     <span class='ocr_line' id='line_1_34' title="bbox 93 2180 1058 2234; baseline -0.001 -12"><span class='ocrx_word' id='word_1_210' title='bbox 93 2193 272 2234; x_wconf 81' lang='lat' dir='ltr'>gramma</span> <span class='ocrx_word' id='word_1_211' title='bbox 306 2182 504 2221; x_wconf 89' lang='lat' dir='ltr'>Graecum</span> <span class='ocrx_word' id='word_1_212' title='bbox 539 2180 744 2233; x_wconf 74' lang='lat' dir='ltr'>Posidc&#39;ppc&#39;</span> <span class='ocrx_word' id='word_1_213' title='bbox 763 2182 848 2221; x_wconf 88' lang='lat' dir='ltr'>sive</span> <span class='ocrx_word' id='word_1_214' title='bbox 884 2181 1058 2221; x_wconf 74' lang='lat' dir='ltr'>Cratetis</span> 
     </span>
     <span class='ocr_line' id='line_1_35' title="bbox 94 2242 1061 2297; baseline -0.006 -9"><span class='ocrx_word' id='word_1_215' title='bbox 94 2247 234 2297; x_wconf 70' lang='lat' dir='ltr'>Cynici</span> <span class='ocrx_word' id='word_1_216' title='bbox 252 2277 260 2297; x_wconf 86' lang='lat'>‚</span> <span class='ocrx_word' id='word_1_217' title='bbox 280 2243 387 2296; x_wconf 92' lang='lat' dir='ltr'>quod</span> <span class='ocrx_word' id='word_1_218' title='bbox 410 2245 610 2295; x_wconf 80' lang='lat' dir='ltr'>expressit</span> <span class='ocrx_word' id='word_1_219' title='bbox 630 2242 835 2283; x_wconf 90' lang='lat' dir='ltr'>Ausonius</span> <span class='ocrx_word' id='word_1_220' title='bbox 857 2249 898 2283; x_wconf 90' lang='lat' dir='ltr'>et</span> <span class='ocrx_word' id='word_1_221' title='bbox 921 2245 1061 2296; x_wconf 88' lang='lat' dir='ltr'>ampli-</span> 
     </span>
     <span class='ocr_line' id='line_1_36' title="bbox 94 2306 1059 2358; baseline -0.004 -9"><span class='ocrx_word' id='word_1_222' title='bbox 94 2310 253 2358; x_wconf 86' lang='lat' dir='ltr'>ficavit,</span> <span class='ocrx_word' id='word_1_223' title='bbox 279 2319 359 2348; x_wconf 87' lang='lat' dir='ltr'>una</span> <span class='ocrx_word' id='word_1_224' title='bbox 380 2318 474 2347; x_wconf 86' lang='lat' dir='ltr'>cum</span> <span class='ocrx_word' id='word_1_225' title='bbox 501 2307 697 2346; x_wconf 88' lang='lat' dir='ltr'>contrario</span> <span class='ocrx_word' id='word_1_226' title='bbox 725 2306 946 2346; x_wconf 79' lang='lat' dir='ltr'>Metrodori</span> <span class='ocrx_word' id='word_1_227' title='bbox 966 2309 1059 2358; x_wconf 69' lang='lat' dir='ltr'>legi-</span> 
     </span>
     <span class='ocr_line' id='line_1_37' title="bbox 94 2370 1059 2422; baseline -0.002 -11"><span class='ocrx_word' id='word_1_228' title='bbox 94 2378 162 2412; x_wconf 88' lang='lat' dir='ltr'>tur</span> <span class='ocrx_word' id='word_1_229' title='bbox 185 2374 222 2410; x_wconf 91' lang='lat' dir='ltr'>in</span> <span class='ocrx_word' id='word_1_230' title='bbox 247 2370 486 2422; x_wconf 79' lang='lat' dir='ltr'>Ant-hologia</span> <span class='ocrx_word' id='word_1_231' title='bbox 511 2371 859 2422; x_wconf 82' lang='lat' dir='ltr'>Epigrammatum</span> <span class='ocrx_word' id='word_1_232' title='bbox 890 2371 1059 2409; x_wconf 91' lang='lat' dir='ltr'>Graeco-</span> 
     </span>
     <span class='ocr_line' id='line_1_38' title="bbox 95 2432 1060 2485; baseline -0.004 -10"><span class='ocrx_word' id='word_1_233' title='bbox 95 2447 185 2475; x_wconf 90' lang='lat' dir='ltr'>rum</span> <span class='ocrx_word' id='word_1_234' title='bbox 209 2435 312 2482; x_wconf 57' lang='lat' dir='ltr'>lint</span> <span class='ocrx_word' id='word_1_235' title='bbox 340 2445 427 2485; x_wconf 82' lang='lat' dir='ltr'>pag.</span> <span class='ocrx_word' id='word_1_236' title='bbox 452 2432 512 2473; x_wconf 73' lang='lat'>27-</span> <span class='ocrx_word' id='word_1_237' title='bbox 527 2444 611 2483; x_wconf 86' lang='lat' dir='ltr'>seq.</span> <span class='ocrx_word' id='word_1_238' title='bbox 636 2434 681 2471; x_wconf 90' lang='lat' dir='ltr'>ln</span> <span class='ocrx_word' id='word_1_239' title='bbox 701 2433 778 2472; x_wconf 74' lang='lat' dir='ltr'>MS.</span> <span class='ocrx_word' id='word_1_240' title='bbox 804 2432 947 2473; x_wconf 80' lang='lat' dir='ltr'>Codice</span> <span class='ocrx_word' id='word_1_241' title='bbox 978 2433 1060 2472; x_wconf 75' lang='lat' dir='ltr'>An-</span> 
     </span>
     <span class='ocr_line' id='line_1_39' title="bbox 96 2494 1056 2547; baseline -0.001 -12"><span class='ocrx_word' id='word_1_242' title='bbox 96 2498 194 2535; x_wconf 88' lang='lat' dir='ltr'>tonii</span> <span class='ocrx_word' id='word_1_243' title='bbox 229 2495 402 2547; x_wconf 88' lang='lat' dir='ltr'>Eparehi</span> <span class='ocrx_word' id='word_1_244' title='bbox 432 2496 499 2546; x_wconf 91' lang='lat' dir='ltr'>qui</span> <span class='ocrx_word' id='word_1_245' title='bbox 525 2494 640 2533; x_wconf 90' lang='lat' dir='ltr'>hodie</span> <span class='ocrx_word' id='word_1_246' title='bbox 676 2499 863 2533; x_wconf 88' lang='lat' dir='ltr'>servatur</span> <span class='ocrx_word' id='word_1_247' title='bbox 895 2496 933 2532; x_wconf 86' lang='lat' dir='ltr'>in</span> <span class='ocrx_word' id='word_1_248' title='bbox 961 2495 1056 2534; x_wconf 88' lang='lat' dir='ltr'>Bibl.</span> 
     </span>
     <span class='ocr_line' id='line_1_40' title="bbox 95 2556 1059 2609; baseline -0.002 -12"><span class='ocrx_word' id='word_1_249' title='bbox 95 2559 213 2609; x_wconf 84' lang='lat' dir='ltr'>Regis</span> <span class='ocrx_word' id='word_1_250' title='bbox 229 2558 579 2604; x_wconf 87' lang='lat' dir='ltr'>Christianissimi,</span> <span class='ocrx_word' id='word_1_251' title='bbox 595 2557 706 2608; x_wconf 89' lang='lat' dir='ltr'>prius</span> <span class='ocrx_word' id='word_1_252' title='bbox 722 2556 819 2595; x_wconf 90' lang='lat' dir='ltr'>illud</span> <span class='ocrx_word' id='word_1_253' title='bbox 839 2558 1059 2595; x_wconf 67' lang='lat' dir='ltr'>exstatSub</span> 
     </span>
     <span class='ocr_line' id='line_1_41' title="bbox 97 2618 1061 2666; baseline -0.003 -7"><span class='ocrx_word' id='word_1_254' title='bbox 97 2618 295 2660; x_wconf 72' lang='lat' dir='ltr'>Heracliti</span> <span class='ocrx_word' id='word_1_255' title='bbox 323 2620 509 2666; x_wconf 83' lang='lat' dir='ltr'>nomine,</span> <span class='ocrx_word' id='word_1_256' title='bbox 538 2619 709 2656; x_wconf 87' lang='lat' dir='ltr'>alterum</span> <span class='ocrx_word' id='word_1_257' title='bbox 745 2618 966 2656; x_wconf 77' lang='lat' dir='ltr'>Democrito</span> <span class='ocrx_word' id='word_1_258' title='bbox 992 2621 1061 2656; x_wconf 87' lang='lat' dir='ltr'>tri-</span> 
     </span>
     <span class='ocr_line' id='line_1_42' title="bbox 100 2679 1060 2730; baseline -0.001 -10"><span class='ocrx_word' id='word_1_259' title='bbox 100 2682 247 2721; x_wconf 89' lang='lat' dir='ltr'>buitur.</span> <span class='ocrx_word' id='word_1_260' title='bbox 265 2680 361 2719; x_wconf 82' lang='lat' dir='ltr'>Vide</span> <span class='ocrx_word' id='word_1_261' title='bbox 369 2679 614 2718; x_wconf 90' lang='lat' dir='ltr'>Bandurium</span> <span class='ocrx_word' id='word_1_262' title='bbox 624 2679 672 2717; x_wconf 91' lang='lat' dir='ltr'>ad</span> <span class='ocrx_word' id='word_1_263' title='bbox 682 2681 942 2730; x_wconf 85' lang='lat' dir='ltr'>antiquitates</span> <span class='ocrx_word' id='word_1_264' title='bbox 958 2682 1060 2719; x_wconf 75' lang='lat' dir='ltr'>Con-</span> 
     </span>
     <span class='ocr_line' id='line_1_43' title="bbox 100 2741 1062 2794; baseline -0.002 -11"><span class='ocrx_word' id='word_1_265' title='bbox 100 2743 473 2794; x_wconf 88' lang='lat' dir='ltr'>stantinopolitanas</span> <span class='ocrx_word' id='word_1_266' title='bbox 501 2752 587 2792; x_wconf 81' lang='lat' dir='ltr'>pag.</span> <span class='ocrx_word' id='word_1_267' title='bbox 619 2742 697 2780; x_wconf 67' lang='lat'>882</span> <span class='ocrx_word' id='word_1_268' title='bbox 725 2741 1062 2793; x_wconf 68' lang='lat' dir='ltr'>Apophtlieqmata</span> 
     </span>
     <span class='ocr_line' id='line_1_44' title="bbox 102 2803 1061 2856; baseline -0.002 -12"><span class='ocrx_word' id='word_1_269' title='bbox 102 2804 297 2846; x_wconf 80' lang='lat' dir='ltr'>Graeciae</span> <span class='ocrx_word' id='word_1_270' title='bbox 316 2803 548 2856; x_wconf 81' lang='lat' dir='ltr'>Sapientum</span> <span class='ocrx_word' id='word_1_271' title='bbox 566 2814 659 2841; x_wconf 87' lang='lat' dir='ltr'>cum</span> <span class='ocrx_word' id='word_1_272' title='bbox 684 2803 851 2842; x_wconf 90' lang='lat' dir='ltr'>Scholiis</span> <span class='ocrx_word' id='word_1_273' title='bbox 879 2805 1035 2842; x_wconf 87' lang='lat' dir='ltr'>Erasmi</span> <span class='ocrx_word' id='word_1_274' title='bbox 1053 2834 1061 2853; x_wconf 82' lang='lat'>,</span> 
     </span>
     <span class='ocr_line' id='line_1_45' title="bbox 100 2865 1066 2915; baseline -0.004 -7"><span class='ocrx_word' id='word_1_275' title='bbox 100 2868 283 2908; x_wconf 88' lang='lat' dir='ltr'>distichis</span> <span class='ocrx_word' id='word_1_276' title='bbox 303 2868 464 2907; x_wconf 87' lang='lat' dir='ltr'>Catonis</span> <span class='ocrx_word' id='word_1_277' title='bbox 487 2871 527 2904; x_wconf 90' lang='lat' dir='ltr'>et</span> <span class='ocrx_word' id='word_1_278' title='bbox 548 2866 634 2904; x_wconf 91' lang='lat' dir='ltr'>aliis</span> <span class='ocrx_word' id='word_1_279' title='bbox 658 2865 896 2915; x_wconf 87' lang='lat' dir='ltr'>quibusdam</span> <span class='ocrx_word' id='word_1_280' title='bbox 911 2896 922 2914; x_wconf 86' lang='lat'><em>,</em></span> <span class='ocrx_word' id='word_1_281' title='bbox 945 2867 1066 2905; x_wconf 90' lang='lat' dir='ltr'>Fran-</span> 
     </span>
     <span class='ocr_line' id='line_1_46' title="bbox 101 2926 1067 2971; baseline -0.004 -1"><span class='ocrx_word' id='word_1_282' title='bbox 101 2932 175 2971; x_wconf 79' lang='lat' dir='ltr'>eof.</span> <span class='ocrx_word' id='word_1_283' title='bbox 192 2931 241 2970; x_wconf 90' lang='lat' dir='ltr'>ad</span> <span class='ocrx_word' id='word_1_284' title='bbox 258 2931 429 2969; x_wconf 82' lang='lat' dir='ltr'>Oderam</span> <span class='ocrx_word' id='word_1_285' title='bbox 446 2931 482 2967; x_wconf 89' lang='grc'>8.</span> <span class='ocrx_word' id='word_1_286' title='bbox 497 2930 669 2969; x_wconf 81' lang='lat' dir='ltr'>Carmen</span> <span class='ocrx_word' id='word_1_287' title='bbox 685 2926 876 2966; x_wconf 78' lang='lat' dir='ltr'>Paschale</span> <span class='ocrx_word' id='word_1_288' title='bbox 890 2939 982 2966; x_wconf 90' lang='lat' dir='ltr'>cum</span> <span class='ocrx_word' id='word_1_289' title='bbox 999 2939 1067 2966; x_wconf 91' lang='lat' dir='ltr'>no—</span> 
     </span>
     <span class='ocr_line' id='line_1_47' title="bbox 100 2991 1066 3044; baseline -0.003 -13"><span class='ocrx_word' id='word_1_290' title='bbox 100 2995 153 3032; x_wconf 92' lang='lat' dir='ltr'>tis</span> <span class='ocrx_word' id='word_1_291' title='bbox 174 2991 355 3044; x_wconf 69' lang='lat' dir='ltr'>Spdtini,</span> <span class='ocrx_word' id='word_1_292' title='bbox 380 2993 418 3030; x_wconf 92' lang='lat' dir='ltr'>in</span> <span class='ocrx_word' id='word_1_293' title='bbox 439 2991 670 3030; x_wconf 84' lang='lat' dir='ltr'>collectione</span> <span class='ocrx_word' id='word_1_294' title='bbox 697 2993 924 3040; x_wconf 87' lang='lat' dir='ltr'>poematum</span> <span class='ocrx_word' id='word_1_295' title='bbox 955 2991 1066 3040; x_wconf 83' lang='lat' dir='ltr'>Spel-</span> 
     </span>
     <span class='ocr_line' id='line_1_48' title="bbox 100 3050 1066 3105; baseline -0.004 -11"><span class='ocrx_word' id='word_1_296' title='bbox 100 3057 195 3105; x_wconf 83' lang='lat' dir='ltr'>tini,</span> <span class='ocrx_word' id='word_1_297' title='bbox 210 3055 362 3094; x_wconf 81' lang='lat' dir='ltr'>Erfurti</span> <span class='ocrx_word' id='word_1_298' title='bbox 379 3054 474 3094; x_wconf 78' lang='lat'><strong>4504</strong></span> <span class='ocrx_word' id='word_1_299' title='bbox 502 3050 566 3092; x_wconf 53' lang='grc' dir='ltr'>ΜΟ</span> <span class='ocrx_word' id='word_1_300' title='bbox 585 3055 646 3092; x_wconf 92' lang='grc'>11.</span> <span class='ocrx_word' id='word_1_301' title='bbox 665 3050 781 3096; x_wconf 65' lang='lat' dir='ltr'>Liber</span> <span class='ocrx_word' id='word_1_302' title='bbox 795 3050 1066 3103; x_wconf 72' lang='lat' dir='ltr'>Epistolaram</span> 
     </span>
     <span class='ocr_line' id='line_1_49' title="bbox 102 3115 1065 3163; baseline -0.004 -6"><span class='ocrx_word' id='word_1_303' title='bbox 102 3117 211 3157; x_wconf 87' lang='lat' dir='ltr'><strong><em>XXV.</em></strong></span> <span class='ocrx_word' id='word_1_304' title='bbox 244 3117 304 3156; x_wconf 88' lang='lat' dir='ltr'>uti</span> <span class='ocrx_word' id='word_1_305' title='bbox 326 3117 460 3154; x_wconf 88' lang='lat' dir='ltr'>omnia</span> <span class='ocrx_word' id='word_1_306' title='bbox 494 3116 690 3154; x_wconf 88' lang='lat' dir='ltr'>hactenus</span> <span class='ocrx_word' id='word_1_307' title='bbox 724 3119 932 3163; x_wconf 76' lang='lat' dir='ltr'>enarrata,</span> <span class='ocrx_word' id='word_1_308' title='bbox 957 3115 1065 3153; x_wconf 90' lang='lat' dir='ltr'>vario</span> 
     </span>
     <span class='ocr_line' id='line_1_50' title="bbox 101 3178 1067 3229; baseline -0.003 -11"><span class='ocrx_word' id='word_1_309' title='bbox 101 3180 291 3219; x_wconf 89' lang='lat' dir='ltr'>carminis</span> <span class='ocrx_word' id='word_1_310' title='bbox 320 3190 476 3229; x_wconf 84' lang='lat' dir='ltr'>genere.</span> <span class='ocrx_word' id='word_1_311' title='bbox 514 3178 667 3228; x_wconf 70' lang='lat' dir='ltr'>Idylliis</span> <span class='ocrx_word' id='word_1_312' title='bbox 690 3181 730 3216; x_wconf 89' lang='lat' dir='ltr'>et</span> <span class='ocrx_word' id='word_1_313' title='bbox 761 3178 949 3228; x_wconf 83' lang='lat' dir='ltr'>Epistolis</span> <span class='ocrx_word' id='word_1_314' title='bbox 971 3188 1067 3215; x_wconf 94' lang='lat' dir='ltr'>non-</span> 
     </span>
     <span class='ocr_line' id='line_1_51' title="bbox 101 3241 1067 3292; baseline -0.004 -11"><span class='ocrx_word' id='word_1_315' title='bbox 101 3242 223 3281; x_wconf 89' lang='lat' dir='ltr'>nullis</span> <span class='ocrx_word' id='word_1_316' title='bbox 242 3241 412 3281; x_wconf 90' lang='lat' dir='ltr'>subinde</span> <span class='ocrx_word' id='word_1_317' title='bbox 437 3241 617 3292; x_wconf 87' lang='lat' dir='ltr'>Epistola</span> <span class='ocrx_word' id='word_1_318' title='bbox 640 3251 757 3292; x_wconf 87' lang='lat' dir='ltr'>prosa</span> <span class='ocrx_word' id='word_1_319' title='bbox 786 3241 933 3290; x_wconf 87' lang='lat' dir='ltr'>scripta</span> <span class='ocrx_word' id='word_1_320' title='bbox 956 3251 1067 3290; x_wconf 87' lang='lat' dir='ltr'>prae-</span> 
     </span>
     <span class='ocr_line' id='line_1_52' title="bbox 104 3300 1068 3355; baseline -0.003 -14"><span class='ocrx_word' id='word_1_321' title='bbox 104 3304 289 3345; x_wconf 82' lang='lat' dir='ltr'>mittitur.</span> <span class='ocrx_word' id='word_1_322' title='bbox 313 3303 362 3343; x_wconf 75' lang='lat'><strong>42</strong></span> <span class='ocrx_word' id='word_1_323' title='bbox 389 3303 526 3343; x_wconf 72' lang='lat' dir='ltr'>Oratio</span> <span class='ocrx_word' id='word_1_324' title='bbox 555 3301 804 3355; x_wconf 72' lang='lat' dir='ltr'>Paneyyrica</span> <span class='ocrx_word' id='word_1_325' title='bbox 828 3300 883 3340; x_wconf 80' lang='lat' dir='ltr'>ad</span> <span class='ocrx_word' id='word_1_326' title='bbox 906 3300 1068 3341; x_wconf 75' lang='lat' dir='ltr'>Gracia-</span> 
     </span>
    </p>
   </div>
   <div class='ocr_carea' id='block_1_6' title="bbox 1132 329 2119 3344">
    <p class='ocr_par' dir='ltr' id='par_1_6' title="bbox 1132 329 2119 2426">
     <span class='ocr_line' id='line_1_53' title="bbox 1160 329 2118 380; baseline 0.004 -13"><span class='ocrx_word' id='word_1_327' title='bbox 1160 330 1306 379; x_wconf 81' lang='lat' dir='ltr'>gratias</span> <span class='ocrx_word' id='word_1_328' title='bbox 1329 330 1434 380; x_wconf 80' lang='lat' dir='ltr'>agit,</span> <span class='ocrx_word' id='word_1_329' title='bbox 1459 339 1577 379; x_wconf 80' lang='lat' dir='ltr'>saepe</span> <span class='ocrx_word' id='word_1_330' title='bbox 1598 339 1765 367; x_wconf 89' lang='lat' dir='ltr'>numero</span> <span class='ocrx_word' id='word_1_331' title='bbox 1788 329 1893 368; x_wconf 87' lang='lat' dir='ltr'>edita</span> <span class='ocrx_word' id='word_1_332' title='bbox 1916 341 2009 369; x_wconf 90' lang='lat' dir='ltr'>cum</span> <span class='ocrx_word' id='word_1_333' title='bbox 2044 333 2118 371; x_wconf 81' lang='lat' dir='ltr'>XII</span> 
     </span>
     <span class='ocr_line' id='line_1_54' title="bbox 1157 390 2119 443; baseline 0.003 -14"><span class='ocrx_word' id='word_1_334' title='bbox 1157 392 1434 442; x_wconf 71' lang='lat' dir='ltr'>Panegyrieis,</span> <span class='ocrx_word' id='word_1_335' title='bbox 1459 391 1516 429; x_wconf 88' lang='lat' dir='ltr'>uti</span> <span class='ocrx_word' id='word_1_336' title='bbox 1541 390 1692 429; x_wconf 88' lang='lat' dir='ltr'>dictum</span> <span class='ocrx_word' id='word_1_337' title='bbox 1722 395 1785 430; x_wconf 86' lang='lat' dir='ltr'>est</span> <span class='ocrx_word' id='word_1_338' title='bbox 1809 402 1940 443; x_wconf 85' lang='lat' dir='ltr'>supra.</span> <span class='ocrx_word' id='word_1_339' title='bbox 1982 393 2119 432; x_wconf 77' lang='lat' dir='ltr'>Perio-</span> 
     </span>
     <span class='ocr_line' id='line_1_55' title="bbox 1153 451 2117 505; baseline 0.003 -13"><span class='ocrx_word' id='word_1_340' title='bbox 1153 453 1249 492; x_wconf 78' lang='lat' dir='ltr'>chae</span> <span class='ocrx_word' id='word_1_341' title='bbox 1274 453 1313 491; x_wconf 78' lang='lat' dir='ltr'>in</span> <span class='ocrx_word' id='word_1_342' title='bbox 1328 452 1494 492; x_wconf 68' lang='lat' dir='ltr'>Homeri·</span> <span class='ocrx_word' id='word_1_343' title='bbox 1506 451 1672 491; x_wconf 77' lang='lat' dir='ltr'>Iliadem</span> <span class='ocrx_word' id='word_1_344' title='bbox 1693 456 1732 491; x_wconf 80' lang='lat' dir='ltr'>et</span> <span class='ocrx_word' id='word_1_345' title='bbox 1747 452 1962 504; x_wconf 74' lang='lat' dir='ltr'>Odysseam</span> <span class='ocrx_word' id='word_1_346' title='bbox 1982 484 1990 502; x_wconf 84' lang='lat'>,</span> <span class='ocrx_word' id='word_1_347' title='bbox 2015 467 2117 505; x_wconf 88' lang='lat' dir='ltr'>quas</span> 
     </span>
     <span class='ocr_line' id='line_1_56' title="bbox 1150 514 2117 566; baseline 0.001 -12"><span class='ocrx_word' id='word_1_348' title='bbox 1150 516 1388 555; x_wconf 80' lang='lat' dir='ltr'>emendasse</span> <span class='ocrx_word' id='word_1_349' title='bbox 1417 526 1460 554; x_wconf 88' lang='lat' dir='ltr'>se</span> <span class='ocrx_word' id='word_1_350' title='bbox 1494 516 1704 566; x_wconf 79' lang='lat' dir='ltr'>profitetur</span> <span class='ocrx_word' id='word_1_351' title='bbox 1743 514 1999 555; x_wconf 75' lang='lat' dir='ltr'>Christianus</span> <span class='ocrx_word' id='word_1_352' title='bbox 2034 519 2117 557; x_wconf 74' lang='lat' dir='ltr'><em>Rec-</em></span> 
     </span>
     <span class='ocr_line' id='line_1_57' title="bbox 1151 577 2113 629; baseline 0.001 -13"><span class='ocrx_word' id='word_1_353' title='bbox 1151 577 1375 616; x_wconf 77' lang='lat' dir='ltr'>terslzusius</span> <span class='ocrx_word' id='word_1_354' title='bbox 1385 578 1564 628; x_wconf 86' lang='lat' dir='ltr'>Epistola</span> <span class='ocrx_word' id='word_1_355' title='bbox 1580 577 1627 615; x_wconf 88' lang='lat' dir='ltr'>ad</span> <span class='ocrx_word' id='word_1_356' title='bbox 1637 577 1854 628; x_wconf 80' lang='lat' dir='ltr'>Josephum</span> <span class='ocrx_word' id='word_1_357' title='bbox 1869 578 2113 629; x_wconf 80' lang='lat' dir='ltr'>Scaligerum</span> 
     </span>
     <span class='ocr_line' id='line_1_58' title="bbox 1149 639 2112 691; baseline 0.003 -14"><span class='ocrx_word' id='word_1_358' title='bbox 1149 644 1255 678; x_wconf 90' lang='lat' dir='ltr'>tomo</span> <span class='ocrx_word' id='word_1_359' title='bbox 1283 640 1316 678; x_wconf 83' lang='grc' dir='ltr'>ΙΙ</span> <span class='ocrx_word' id='word_1_360' title='bbox 1347 639 1521 689; x_wconf 69' lang='lat' dir='ltr'>sylloge-s</span> <span class='ocrx_word' id='word_1_361' title='bbox 1556 641 1874 678; x_wconf 88' lang='lat' dir='ltr'>Burmannianae</span> <span class='ocrx_word' id='word_1_362' title='bbox 1904 651 1990 691; x_wconf 82' lang='lat' dir='ltr'>pag.</span> <span class='ocrx_word' id='word_1_363' title='bbox 2021 642 2112 680; x_wconf 73' lang='lat'>329.</span> 
     </span>
     <span class='ocr_line' id='line_1_59' title="bbox 1147 700 2112 753; baseline 0.003 -14"><span class='ocrx_word' id='word_1_364' title='bbox 1147 702 1196 740; x_wconf 76' lang='grc'>11</span> <span class='ocrx_word' id='word_1_365' title='bbox 1217 702 1261 739; x_wconf 93' lang='lat' dir='ltr'>In</span> <span class='ocrx_word' id='word_1_366' title='bbox 1298 700 1469 739; x_wconf 82' lang='lat' dir='ltr'>editione</span> <span class='ocrx_word' id='word_1_367' title='bbox 1507 701 1635 738; x_wconf 68' lang='lat' dir='ltr'>Yineti</span> <span class='ocrx_word' id='word_1_368' title='bbox 1662 701 1790 749; x_wconf 81' lang='lat' dir='ltr'>(sicut</span> <span class='ocrx_word' id='word_1_369' title='bbox 1812 702 1849 739; x_wconf 96' lang='lat' dir='ltr'>in</span> <span class='ocrx_word' id='word_1_370' title='bbox 1888 714 2038 753; x_wconf 86' lang='lat' dir='ltr'>nupera</span> <span class='ocrx_word' id='word_1_371' title='bbox 2061 703 2112 742; x_wconf 90' lang='lat' dir='ltr'>ad</span> 
     </span>
     <span class='ocr_line' id='line_1_60' title="bbox 1145 761 2112 815; baseline 0 -13"><span class='ocrx_word' id='word_1_372' title='bbox 1145 774 1265 802; x_wconf 89' lang='lat' dir='ltr'>usum</span> <span class='ocrx_word' id='word_1_373' title='bbox 1282 762 1464 813; x_wconf 79' lang='lat' dir='ltr'>Delphini</span> <span class='ocrx_word' id='word_1_374' title='bbox 1479 772 1566 812; x_wconf 68' lang='lat' dir='ltr'>pag.</span> <span class='ocrx_word' id='word_1_375' title='bbox 1585 761 1755 806; x_wconf 53' lang='lat' dir='ltr'>44825ed</span> <span class='ocrx_word' id='word_1_376' title='bbox 1776 764 1811 799; x_wconf 92' lang='lat' dir='ltr'>in</span> <span class='ocrx_word' id='word_1_377' title='bbox 1835 765 1953 812; x_wconf 81' lang='lat' dir='ltr'>notis)</span> <span class='ocrx_word' id='word_1_378' title='bbox 1973 764 2112 815; x_wconf 77' lang='lat' dir='ltr'>legun-</span> 
     </span>
     <span class='ocr_line' id='line_1_61' title="bbox 1145 822 2108 876; baseline 0.002 -13"><span class='ocrx_word' id='word_1_379' title='bbox 1145 829 1212 863; x_wconf 85' lang='lat' dir='ltr'>tur</span> <span class='ocrx_word' id='word_1_380' title='bbox 1234 825 1354 863; x_wconf 88' lang='lat' dir='ltr'>etiam</span> <span class='ocrx_word' id='word_1_381' title='bbox 1379 822 1612 861; x_wconf 79' lang='lat' dir='ltr'>tetrasticha</span> <span class='ocrx_word' id='word_1_382' title='bbox 1646 822 1687 860; x_wconf 79' lang='lat' dir='ltr'>in</span> <span class='ocrx_word' id='word_1_383' title='bbox 1721 822 1896 873; x_wconf 68' lang='lat' dir='ltr'>sz‘nqulos</span> <span class='ocrx_word' id='word_1_384' title='bbox 1932 837 2108 876; x_wconf 82' lang='lat' dir='ltr'>menses,</span> 
     </span>
     <span class='ocr_line' id='line_1_62' title="bbox 1145 885 2110 935; baseline 0.004 -11"><span class='ocrx_word' id='word_1_385' title='bbox 1145 897 1247 935; x_wconf 89' lang='lat' dir='ltr'>quae</span> <span class='ocrx_word' id='word_1_386' title='bbox 1272 885 1446 935; x_wconf 79' lang='lat' dir='ltr'>Scaliger</span> <span class='ocrx_word' id='word_1_387' title='bbox 1469 885 1508 922; x_wconf 91' lang='lat' dir='ltr'>in</span> <span class='ocrx_word' id='word_1_388' title='bbox 1534 895 1606 924; x_wconf 90' lang='lat' dir='ltr'>sua</span> <span class='ocrx_word' id='word_1_389' title='bbox 1635 886 1795 933; x_wconf 82' lang='lat' dir='ltr'>omisit,</span> <span class='ocrx_word' id='word_1_390' title='bbox 1821 890 1862 924; x_wconf 90' lang='lat' dir='ltr'>at</span> <span class='ocrx_word' id='word_1_391' title='bbox 1887 888 1925 924; x_wconf 92' lang='lat' dir='ltr'>in</span> <span class='ocrx_word' id='word_1_392' title='bbox 1955 888 2110 927; x_wconf 86' lang='lat' dir='ltr'>Catale-</span> 
     </span>
     <span class='ocr_line' id='line_1_63' title="bbox 1145 946 2106 988; baseline 0.003 -3"><span class='ocrx_word' id='word_1_393' title='bbox 1145 948 1220 985; x_wconf 90' lang='lat' dir='ltr'>ctis</span> <span class='ocrx_word' id='word_1_394' title='bbox 1237 948 1428 986; x_wconf 80' lang='lat' dir='ltr'>Veterum</span> <span class='ocrx_word' id='word_1_395' title='bbox 1448 947 1657 985; x_wconf 71' lang='lat' dir='ltr'>Poetarum</span> <span class='ocrx_word' id='word_1_396' title='bbox 1679 946 1803 985; x_wconf 85' lang='lat' dir='ltr'>edidit</span> <span class='ocrx_word' id='word_1_397' title='bbox 1827 948 1912 985; x_wconf 87' lang='lat' dir='ltr'>sine</span> <span class='ocrx_word' id='word_1_398' title='bbox 1933 951 2106 988; x_wconf 86' lang='lat' dir='ltr'>auctoris</span> 
     </span>
     <span class='ocr_line' id='line_1_64' title="bbox 1145 1008 2109 1060; baseline 0 -11"><span class='ocrx_word' id='word_1_399' title='bbox 1145 1010 1329 1058; x_wconf 86' lang='lat' dir='ltr'>nomine,</span> <span class='ocrx_word' id='word_1_400' title='bbox 1347 1008 1453 1059; x_wconf 87' lang='lat' dir='ltr'>quod</span> <span class='ocrx_word' id='word_1_401' title='bbox 1479 1013 1519 1047; x_wconf 86' lang='lat' dir='ltr'>et</span> <span class='ocrx_word' id='word_1_402' title='bbox 1544 1009 1581 1046; x_wconf 89' lang='lat' dir='ltr'>in</span> <span class='ocrx_word' id='word_1_403' title='bbox 1607 1020 1679 1047; x_wconf 91' lang='lat' dir='ltr'>sua</span> <span class='ocrx_word' id='word_1_404' title='bbox 1695 1012 1879 1047; x_wconf 87' lang='lat' dir='ltr'>veterum</span> <span class='ocrx_word' id='word_1_405' title='bbox 1902 1009 2109 1060; x_wconf 80' lang='lat' dir='ltr'>Epigram-</span> 
     </span>
     <span class='ocr_line' id='line_1_65' title="bbox 1145 1069 2104 1110; baseline 0 0"><span class='ocrx_word' id='word_1_406' title='bbox 1145 1075 1299 1110; x_wconf 87' lang='lat' dir='ltr'>matum</span> <span class='ocrx_word' id='word_1_407' title='bbox 1324 1071 1539 1109; x_wconf 90' lang='lat' dir='ltr'>latinorum</span> <span class='ocrx_word' id='word_1_408' title='bbox 1553 1069 1725 1108; x_wconf 84' lang='lat' dir='ltr'>editione</span> <span class='ocrx_word' id='word_1_409' title='bbox 1743 1070 1835 1108; x_wconf 87' lang='lat' dir='ltr'>feeit</span> <span class='ocrx_word' id='word_1_410' title='bbox 1849 1071 1888 1109; x_wconf 90' lang='lat' dir='ltr'>P.</span> <span class='ocrx_word' id='word_1_411' title='bbox 1906 1070 2104 1110; x_wconf 84' lang='lat' dir='ltr'>Pithoeus.</span> 
     </span>
     <span class='ocr_line' id='line_1_66' title="bbox 1144 1131 2108 1183; baseline 0.001 -11"><span class='ocrx_word' id='word_1_412' title='bbox 1144 1135 1189 1172; x_wconf 91' lang='lat' dir='ltr'>In</span> <span class='ocrx_word' id='word_1_413' title='bbox 1209 1133 1489 1172; x_wconf 85' lang='lat' dir='ltr'>vetustissimo</span> <span class='ocrx_word' id='word_1_414' title='bbox 1515 1131 1747 1171; x_wconf 87' lang='lat' dir='ltr'>Calendario</span> <span class='ocrx_word' id='word_1_415' title='bbox 1774 1133 1976 1181; x_wconf 75' lang='lat' dir='ltr'>Romano,</span> <span class='ocrx_word' id='word_1_416' title='bbox 2001 1135 2108 1183; x_wconf 89' lang='lat' dir='ltr'>quod</span> 
     </span>
     <span class='ocr_line' id='line_1_67' title="bbox 1141 1194 2108 1246; baseline 0 -12"><span class='ocrx_word' id='word_1_417' title='bbox 1141 1208 1164 1234; x_wconf 88' lang='lat' dir='ltr'>e</span> <span class='ocrx_word' id='word_1_418' title='bbox 1183 1196 1325 1235; x_wconf 88' lang='lat' dir='ltr'>Codice</span> <span class='ocrx_word' id='word_1_419' title='bbox 1339 1196 1417 1234; x_wconf 84' lang='lat' dir='ltr'>MS.</span> <span class='ocrx_word' id='word_1_420' title='bbox 1438 1194 1707 1234; x_wconf 85' lang='lat' dir='ltr'>Bibliothecae</span> <span class='ocrx_word' id='word_1_421' title='bbox 1728 1194 1946 1233; x_wconf 86' lang='lat' dir='ltr'>Caesareae</span> <span class='ocrx_word' id='word_1_422' title='bbox 1969 1196 2108 1246; x_wconf 78' lang='lat' dir='ltr'>vulga-</span> 
     </span>
     <span class='ocr_line' id='line_1_68' title="bbox 1140 1256 2106 1308; baseline 0.001 -13"><span class='ocrx_word' id='word_1_423' title='bbox 1140 1260 1199 1296; x_wconf 90' lang='lat' dir='ltr'>vit</span> <span class='ocrx_word' id='word_1_424' title='bbox 1218 1260 1359 1297; x_wconf 89' lang='lat' dir='ltr'>Petrus</span> <span class='ocrx_word' id='word_1_425' title='bbox 1375 1259 1469 1296; x_wconf 85' lang='lat' dir='ltr'>Lam</span> <span class='ocrx_word' id='word_1_426' title='bbox 1479 1257 1618 1295; x_wconf 89' lang='lat' dir='ltr'>becius</span> <span class='ocrx_word' id='word_1_427' title='bbox 1634 1256 1682 1295; x_wconf 89' lang='lat' dir='ltr'>ad</span> <span class='ocrx_word' id='word_1_428' title='bbox 1698 1256 1846 1295; x_wconf 86' lang='lat' dir='ltr'>calcem</span> <span class='ocrx_word' id='word_1_429' title='bbox 1867 1257 1952 1296; x_wconf 92' lang='lat' dir='ltr'>libri</span> <span class='ocrx_word' id='word_1_430' title='bbox 1974 1259 2106 1308; x_wconf 89' lang='lat' dir='ltr'>quarti</span> 
     </span>
     <span class='ocr_line' id='line_1_69' title="bbox 1139 1319 2106 1367; baseline -0.002 -7"><span class='ocrx_word' id='word_1_431' title='bbox 1139 1320 1530 1367; x_wconf 74' lang='lat' dir='ltr'>commentariorum,</span> <span class='ocrx_word' id='word_1_432' title='bbox 1547 1323 1588 1357; x_wconf 87' lang='lat' dir='ltr'>et</span> <span class='ocrx_word' id='word_1_433' title='bbox 1604 1319 1800 1357; x_wconf 81' lang='lat' dir='ltr'>Graevius</span> <span class='ocrx_word' id='word_1_434' title='bbox 1815 1320 1982 1358; x_wconf 88' lang='lat' dir='ltr'>inseruit</span> <span class='ocrx_word' id='word_1_435' title='bbox 1998 1324 2106 1358; x_wconf 89' lang='lat' dir='ltr'>tomo</span> 
     </span>
     <span class='ocr_line' id='line_1_70' title="bbox 1139 1380 2104 1430; baseline -0.001 -9"><span class='ocrx_word' id='word_1_436' title='bbox 1139 1387 1280 1422; x_wconf 89' lang='lat' dir='ltr'>octavo</span> <span class='ocrx_word' id='word_1_437' title='bbox 1296 1382 1474 1420; x_wconf 91' lang='lat' dir='ltr'>thesauri</span> <span class='ocrx_word' id='word_1_438' title='bbox 1491 1380 1792 1430; x_wconf 80' lang='lat' dir='ltr'>Antiquitatum</span> <span class='ocrx_word' id='word_1_439' title='bbox 1807 1381 2076 1420; x_wconf 85' lang='lat' dir='ltr'>Romanarum</span> <span class='ocrx_word' id='word_1_440' title='bbox 2094 1411 2104 1429; x_wconf 87' lang='lat'>,</span> 
     </span>
     <span class='ocr_line' id='line_1_71' title="bbox 1138 1443 2107 1493; baseline -0.002 -9"><span class='ocrx_word' id='word_1_441' title='bbox 1138 1445 1441 1484; x_wconf 87' lang='lat' dir='ltr'>Montfaueonus</span> <span class='ocrx_word' id='word_1_442' title='bbox 1464 1447 1569 1481; x_wconf 89' lang='lat' dir='ltr'>tomo</span> <span class='ocrx_word' id='word_1_443' title='bbox 1589 1444 1715 1493; x_wconf 87' lang='lat' dir='ltr'>primo</span> <span class='ocrx_word' id='word_1_444' title='bbox 1738 1443 2005 1493; x_wconf 83' lang='lat' dir='ltr'>supplementi</span> <span class='ocrx_word' id='word_1_445' title='bbox 2023 1443 2107 1482; x_wconf 87' lang='lat' dir='ltr'>An-</span> 
     </span>
     <span class='ocr_line' id='line_1_72' title="bbox 1139 1504 2103 1556; baseline 0 -11"><span class='ocrx_word' id='word_1_446' title='bbox 1139 1506 1337 1556; x_wconf 87' lang='lat' dir='ltr'>tiquitatis</span> <span class='ocrx_word' id='word_1_447' title='bbox 1360 1505 1580 1555; x_wconf 78' lang='lat' dir='ltr'>explicatae</span> <span class='ocrx_word' id='word_1_448' title='bbox 1599 1517 1607 1542; x_wconf 92' lang='lat'>:</span> <span class='ocrx_word' id='word_1_449' title='bbox 1628 1504 1861 1542; x_wconf 88' lang='lat' dir='ltr'>tetrasticha</span> <span class='ocrx_word' id='word_1_450' title='bbox 1876 1506 1975 1552; x_wconf 86' lang='lat' dir='ltr'>ista,</span> <span class='ocrx_word' id='word_1_451' title='bbox 2000 1518 2103 1556; x_wconf 89' lang='lat' dir='ltr'>quae</span> 
     </span>
     <span class='ocr_line' id='line_1_73' title="bbox 1138 1565 2106 1617; baseline 0 -10"><span class='ocrx_word' id='word_1_452' title='bbox 1138 1569 1334 1607; x_wconf 89' lang='lat' dir='ltr'>Graevius</span> <span class='ocrx_word' id='word_1_453' title='bbox 1358 1571 1398 1606; x_wconf 91' lang='lat' dir='ltr'>et</span> <span class='ocrx_word' id='word_1_454' title='bbox 1422 1577 1601 1617; x_wconf 85' lang='lat' dir='ltr'>nuperus</span> <span class='ocrx_word' id='word_1_455' title='bbox 1626 1565 1793 1604; x_wconf 84' lang='lat' dir='ltr'>Ausonii</span> <span class='ocrx_word' id='word_1_456' title='bbox 1817 1566 1944 1604; x_wconf 82' lang='lat' dir='ltr'>editor</span> <span class='ocrx_word' id='word_1_457' title='bbox 1975 1566 2106 1606; x_wconf 80' lang='lat' dir='ltr'>Auso-</span> 
     </span>
     <span class='ocr_line' id='line_1_74' title="bbox 1139 1627 2104 1679; baseline -0.002 -10"><span class='ocrx_word' id='word_1_458' title='bbox 1139 1632 1202 1669; x_wconf 93' lang='lat' dir='ltr'>nio</span> <span class='ocrx_word' id='word_1_459' title='bbox 1224 1628 1330 1668; x_wconf 89' lang='lat' dir='ltr'>haud</span> <span class='ocrx_word' id='word_1_460' title='bbox 1353 1628 1514 1679; x_wconf 80' lang='lat' dir='ltr'>indigna</span> <span class='ocrx_word' id='word_1_461' title='bbox 1533 1627 1710 1678; x_wconf 86' lang='lat' dir='ltr'>judicat,</span> <span class='ocrx_word' id='word_1_462' title='bbox 1735 1628 1972 1678; x_wconf 84' lang='lat' dir='ltr'>imaginibus</span> <span class='ocrx_word' id='word_1_463' title='bbox 1991 1640 2104 1668; x_wconf 88' lang='lat' dir='ltr'>men-</span> 
     </span>
     <span class='ocr_line' id='line_1_75' title="bbox 1137 1689 2103 1741; baseline -0.001 -10"><span class='ocrx_word' id='word_1_464' title='bbox 1137 1693 1243 1732; x_wconf 91' lang='lat' dir='ltr'>sium</span> <span class='ocrx_word' id='word_1_465' title='bbox 1264 1691 1420 1741; x_wconf 77' lang='lat' dir='ltr'>singula</span> <span class='ocrx_word' id='word_1_466' title='bbox 1439 1694 1534 1729; x_wconf 87' lang='lat' dir='ltr'>sunt</span> <span class='ocrx_word' id='word_1_467' title='bbox 1558 1690 1755 1739; x_wconf 88' lang='lat' dir='ltr'>subiecta⁷</span> <span class='ocrx_word' id='word_1_468' title='bbox 1776 1689 1943 1740; x_wconf 89' lang='lat' dir='ltr'>illasque</span> <span class='ocrx_word' id='word_1_469' title='bbox 1965 1691 2103 1740; x_wconf 88' lang='lat' dir='ltr'>pulcre</span> 
     </span>
     <span class='ocr_line' id='line_1_76' title="bbox 1138 1751 2102 1793; baseline -0.001 0"><span class='ocrx_word' id='word_1_470' title='bbox 1138 1755 1329 1793; x_wconf 82' lang='lat' dir='ltr'>referunt.</span> <span class='ocrx_word' id='word_1_471' title='bbox 1352 1753 1497 1793; x_wconf 84' lang='lat' dir='ltr'>Confer</span> <span class='ocrx_word' id='word_1_472' title='bbox 1514 1752 1774 1792; x_wconf 84' lang='lat' dir='ltr'>Eustathium</span> <span class='ocrx_word' id='word_1_473' title='bbox 1798 1751 1847 1790; x_wconf 89' lang='lat' dir='ltr'>de</span> <span class='ocrx_word' id='word_1_474' title='bbox 1871 1753 2042 1791; x_wconf 90' lang='lat' dir='ltr'>lsmenis</span> <span class='ocrx_word' id='word_1_475' title='bbox 2061 1757 2102 1792; x_wconf 87' lang='lat' dir='ltr'>et</span> 
     </span>
     <span class='ocr_line' id='line_1_77' title="bbox 1139 1813 2101 1864; baseline -0.003 -9"><span class='ocrx_word' id='word_1_476' title='bbox 1139 1818 1335 1856; x_wconf 86' lang='lat' dir='ltr'>Ismeniae</span> <span class='ocrx_word' id='word_1_477' title='bbox 1355 1816 1557 1855; x_wconf 89' lang='lat' dir='ltr'>amoribus</span> <span class='ocrx_word' id='word_1_478' title='bbox 1587 1815 1684 1853; x_wconf 89' lang='lat' dir='ltr'>libro</span> <span class='ocrx_word' id='word_1_479' title='bbox 1703 1818 1882 1864; x_wconf 79' lang='lat' dir='ltr'>-quartO,</span> <span class='ocrx_word' id='word_1_480' title='bbox 1907 1813 1974 1852; x_wconf 90' lang='lat' dir='ltr'>ubi</span> <span class='ocrx_word' id='word_1_481' title='bbox 2004 1814 2101 1853; x_wconf 91' lang='lat' dir='ltr'>duo-</span> 
     </span>
     <span class='ocr_line' id='line_1_78' title="bbox 1137 1875 2102 1926; baseline -0.005 -8"><span class='ocrx_word' id='word_1_482' title='bbox 1137 1879 1266 1918; x_wconf 89' lang='lat' dir='ltr'>decim</span> <span class='ocrx_word' id='word_1_483' title='bbox 1287 1878 1489 1917; x_wconf 87' lang='lat' dir='ltr'>mensium</span> <span class='ocrx_word' id='word_1_484' title='bbox 1510 1876 1702 1926; x_wconf 79' lang='lat' dir='ltr'>imagines</span> <span class='ocrx_word' id='word_1_485' title='bbox 1723 1876 1851 1925; x_wconf 90' lang='lat' dir='ltr'>prisco</span> <span class='ocrx_word' id='word_1_486' title='bbox 1869 1887 1977 1914; x_wconf 92' lang='lat' dir='ltr'>more</span> <span class='ocrx_word' id='word_1_487' title='bbox 1992 1875 2102 1926; x_wconf 80' lang='lat' dir='ltr'>depi-</span> 
     </span>
     <span class='ocr_line' id='line_1_79' title="bbox 1136 1936 2098 1980; baseline -0.006 0"><span class='ocrx_word' id='word_1_488' title='bbox 1136 1946 1221 1980; x_wconf 89' lang='lat' dir='ltr'>ctas</span> <span class='ocrx_word' id='word_1_489' title='bbox 1236 1940 1435 1980; x_wconf 86' lang='lat' dir='ltr'>describit.</span> <span class='ocrx_word' id='word_1_490' title='bbox 1452 1938 1790 1977; x_wconf 88' lang='lat' dir='ltr'>Accuratissimus</span> <span class='ocrx_word' id='word_1_491' title='bbox 1807 1937 1880 1975; x_wconf 88' lang='lat' dir='ltr'>fuit</span> <span class='ocrx_word' id='word_1_492' title='bbox 1896 1936 2098 1975; x_wconf 80' lang='lat' dir='ltr'>Ausonius</span> 
     </span>
     <span class='ocr_line' id='line_1_80' title="bbox 1135 1998 2097 2053; baseline -0.006 -11"><span class='ocrx_word' id='word_1_493' title='bbox 1135 2006 1175 2042; x_wconf 90' lang='lat' dir='ltr'>in</span> <span class='ocrx_word' id='word_1_494' title='bbox 1213 2003 1298 2053; x_wconf 82' lang='lat' dir='ltr'>lege</span> <span class='ocrx_word' id='word_1_495' title='bbox 1333 2002 1498 2040; x_wconf 87' lang='lat' dir='ltr'>metrica</span> <span class='ocrx_word' id='word_1_496' title='bbox 1538 1999 1781 2050; x_wconf 68' lang='lat' dir='ltr'>syllabarum</span> <span class='ocrx_word' id='word_1_497' title='bbox 1821 1998 2071 2037; x_wconf 87' lang='lat' dir='ltr'>observanda</span> <span class='ocrx_word' id='word_1_498' title='bbox 2088 2028 2097 2045; x_wconf 90' lang='lat'>,</span> 
     </span>
     <span class='ocr_line' id='line_1_81' title="bbox 1134 2061 2099 2113; baseline -0.007 -7"><span class='ocrx_word' id='word_1_499' title='bbox 1134 2067 1296 2106; x_wconf 87' lang='lat' dir='ltr'>Graecis</span> <span class='ocrx_word' id='word_1_500' title='bbox 1319 2063 1522 2103; x_wconf 84' lang='lat' dir='ltr'>nonnullis</span> <span class='ocrx_word' id='word_1_501' title='bbox 1542 2064 1741 2113; x_wconf 77' lang='lat' dir='ltr'>exeeptis,</span> <span class='ocrx_word' id='word_1_502' title='bbox 1766 2062 1805 2099; x_wconf 92' lang='lat' dir='ltr'>in</span> <span class='ocrx_word' id='word_1_503' title='bbox 1828 2061 1973 2111; x_wconf 90' lang='lat' dir='ltr'>quibus</span> <span class='ocrx_word' id='word_1_504' title='bbox 2009 2073 2099 2112; x_wconf 88' lang='lat' dir='ltr'>pro-</span> 
     </span>
     <span class='ocr_line' id='line_1_82' title="bbox 1135 2124 2101 2175; baseline -0.007 -8"><span class='ocrx_word' id='word_1_505' title='bbox 1135 2127 1379 2168; x_wconf 88' lang='lat' dir='ltr'>nunciationi</span> <span class='ocrx_word' id='word_1_506' title='bbox 1393 2130 1434 2164; x_wconf 88' lang='lat' dir='ltr'>et</span> <span class='ocrx_word' id='word_1_507' title='bbox 1447 2124 1680 2164; x_wconf 85' lang='lat' dir='ltr'>accentibus</span> <span class='ocrx_word' id='word_1_508' title='bbox 1700 2135 1770 2175; x_wconf 90' lang='lat' dir='ltr'>pro</span> <span class='ocrx_word' id='word_1_509' title='bbox 1785 2134 1894 2161; x_wconf 92' lang='lat' dir='ltr'>more</span> <span class='ocrx_word' id='word_1_510' title='bbox 1909 2124 2101 2174; x_wconf 89' lang='lat' dir='ltr'>temporis</span> 
     </span>
     <span class='ocr_line' id='line_1_83' title="bbox 1135 2186 2102 2241; baseline -0.007 -11"><span class='ocrx_word' id='word_1_511' title='bbox 1135 2193 1197 2231; x_wconf 87' lang='lat' dir='ltr'>sui</span> <span class='ocrx_word' id='word_1_512' title='bbox 1221 2202 1264 2229; x_wconf 90' lang='lat' dir='ltr'>se</span> <span class='ocrx_word' id='word_1_513' title='bbox 1288 2190 1452 2241; x_wconf 89' lang='lat' dir='ltr'>praebet</span> <span class='ocrx_word' id='word_1_514' title='bbox 1476 2189 1566 2239; x_wconf 90' lang='lat' dir='ltr'>plus</span> <span class='ocrx_word' id='word_1_515' title='bbox 1590 2188 1712 2225; x_wconf 90' lang='lat' dir='ltr'>nimio</span> <span class='ocrx_word' id='word_1_516' title='bbox 1727 2186 2035 2236; x_wconf 81' lang='lat' dir='ltr'>obsequentem,</span> <span class='ocrx_word' id='word_1_517' title='bbox 2056 2191 2102 2224; x_wconf 88' lang='lat' dir='ltr'>ut</span> 
     </span>
     <span class='ocr_line' id='line_1_84' title="bbox 1134 2247 2102 2299; baseline -0.008 -7"><span class='ocrx_word' id='word_1_518' title='bbox 1134 2257 1288 2293; x_wconf 78' lang='lat' dir='ltr'>notavit</span> <span class='ocrx_word' id='word_1_519' title='bbox 1302 2252 1486 2291; x_wconf 72' lang='lat' dir='ltr'>Nicolaus</span> <span class='ocrx_word' id='word_1_520' title='bbox 1496 2250 1682 2289; x_wconf 87' lang='lat' dir='ltr'>Heinsius</span> <span class='ocrx_word' id='word_1_521' title='bbox 1702 2249 1828 2299; x_wconf 85' lang='lat' dir='ltr'>Epist.</span> <span class='ocrx_word' id='word_1_522' title='bbox 1845 2247 1894 2285; x_wconf 87' lang='lat' dir='ltr'>ad</span> <span class='ocrx_word' id='word_1_523' title='bbox 1908 2249 2102 2286; x_wconf 87' lang='lat' dir='ltr'>Joannem</span> 
     </span>
     <span class='ocr_line' id='line_1_85' title="bbox 1132 2309 2102 2360; baseline -0.01 -4"><span class='ocrx_word' id='word_1_524' title='bbox 1132 2316 1378 2356; x_wconf 91' lang='lat' dir='ltr'>Fridericum</span> <span class='ocrx_word' id='word_1_525' title='bbox 1415 2313 1660 2352; x_wconf 89' lang='lat' dir='ltr'>Gronovium</span> <span class='ocrx_word' id='word_1_526' title='bbox 1695 2315 1791 2349; x_wconf 89' lang='lat' dir='ltr'>tom.</span> <span class='ocrx_word' id='word_1_527' title='bbox 1834 2311 1887 2349; x_wconf 87' lang='lat'>111</span> <span class='ocrx_word' id='word_1_528' title='bbox 1927 2309 2102 2360; x_wconf 71' lang='lat' dir='ltr'>sylloges</span> 
     </span>
     <span class='ocr_line' id='line_1_86' title="bbox 1132 2375 1682 2426; baseline -0.011 -8"><span class='ocrx_word' id='word_1_529' title='bbox 1132 2378 1453 2418; x_wconf 85' lang='lat' dir='ltr'>Burmannianae.</span> <span class='ocrx_word' id='word_1_530' title='bbox 1478 2387 1564 2426; x_wconf 76' lang='lat' dir='ltr'>pag.</span> <span class='ocrx_word' id='word_1_531' title='bbox 1593 2375 1682 2413; x_wconf 62' lang='lat'>542.</span> 
     </span>
    </p>

    <p class='ocr_par' dir='ltr' id='par_1_7' title="bbox 1132 2433 2105 3344">
     <span class='ocr_line' id='line_1_87' title="bbox 1186 2433 2100 2487; baseline -0.011 -7"><span class='ocrx_word' id='word_1_532' title='bbox 1186 2442 1253 2479; x_wconf 84' lang='lat' dir='ltr'>Ill.</span> <span class='ocrx_word' id='word_1_533' title='bbox 1279 2439 1502 2479; x_wconf 87' lang='lat' dir='ltr'>Ausonium</span> <span class='ocrx_word' id='word_1_534' title='bbox 1528 2438 1733 2476; x_wconf 85' lang='lat' dir='ltr'>Gesnerus</span> <span class='ocrx_word' id='word_1_535' title='bbox 1753 2436 1926 2487; x_wconf 87' lang='lat' dir='ltr'>primum</span> <span class='ocrx_word' id='word_1_536' title='bbox 1946 2433 2100 2471; x_wconf 89' lang='lat' dir='ltr'>editum</span> 
     </span>
     <span class='ocr_line' id='line_1_88' title="bbox 1134 2497 2099 2548; baseline -0.009 -6"><span class='ocrx_word' id='word_1_537' title='bbox 1134 2507 1270 2542; x_wconf 87' lang='lat' dir='ltr'>narrat</span> <span class='ocrx_word' id='word_1_538' title='bbox 1293 2502 1342 2540; x_wconf 88' lang='lat' dir='ltr'>ab</span> <span class='ocrx_word' id='word_1_539' title='bbox 1365 2500 1490 2548; x_wconf 80' lang='lat' dir='ltr'>Aldo,</span> <span class='ocrx_word' id='word_1_540' title='bbox 1515 2499 1587 2538; x_wconf 89' lang='lat' dir='ltr'>sed</span> <span class='ocrx_word' id='word_1_541' title='bbox 1617 2498 1856 2537; x_wconf 87' lang='lat' dir='ltr'>Laurentius</span> <span class='ocrx_word' id='word_1_542' title='bbox 1891 2497 2099 2546; x_wconf 79' lang='lat' dir='ltr'>Pignorius</span> 
     </span>
     <span class='ocr_line' id='line_1_89' title="bbox 1132 2556 2101 2616; baseline -0.011 -12"><span class='ocrx_word' id='word_1_543' title='bbox 1132 2567 1260 2616; x_wconf 85' lang='lat' dir='ltr'>Epist.</span> <span class='ocrx_word' id='word_1_544' title='bbox 1285 2565 1333 2603; x_wconf 87' lang='lat'><strong>46</strong></span> <span class='ocrx_word' id='word_1_545' title='bbox 1358 2567 1496 2601; x_wconf 86' lang='lat' dir='ltr'>auctor</span> <span class='ocrx_word' id='word_1_546' title='bbox 1519 2566 1581 2599; x_wconf 84' lang='lat' dir='ltr'>est</span> <span class='ocrx_word' id='word_1_547' title='bbox 1605 2559 1829 2599; x_wconf 87' lang='lat' dir='ltr'>Ausonium</span> <span class='ocrx_word' id='word_1_548' title='bbox 1856 2568 1926 2595; x_wconf 92' lang='lat' dir='ltr'>nos</span> <span class='ocrx_word' id='word_1_549' title='bbox 1956 2556 2101 2595; x_wconf 85' lang='lat' dir='ltr'>debere</span> 
     </span>
     <span class='ocr_line' id='line_1_90' title="bbox 1134 2617 2102 2672; baseline -0.011 -7"><span class='ocrx_word' id='word_1_550' title='bbox 1134 2626 1331 2666; x_wconf 79' lang='lat' dir='ltr'>Matthaeo</span> <span class='ocrx_word' id='word_1_551' title='bbox 1348 2627 1469 2663; x_wconf 85' lang='lat' dir='ltr'>Besso</span> <span class='ocrx_word' id='word_1_552' title='bbox 1489 2652 1496 2669; x_wconf 83' lang='lat'>,</span> <span class='ocrx_word' id='word_1_553' title='bbox 1513 2622 1664 2672; x_wconf 78' lang='lat' dir='ltr'>Angelo</span> <span class='ocrx_word' id='word_1_554' title='bbox 1682 2621 1890 2665; x_wconf 79' lang='lat' dir='ltr'>Politiano,</span> <span class='ocrx_word' id='word_1_555' title='bbox 1907 2629 1951 2656; x_wconf 89' lang='lat' dir='ltr'>ac</span> <span class='ocrx_word' id='word_1_556' title='bbox 1970 2617 2102 2655; x_wconf 85' lang='lat' dir='ltr'>Thad-</span> 
     </span>
     <span class='ocr_line' id='line_1_91' title="bbox 1135 2681 2099 2737; baseline -0.013 -9"><span class='ocrx_word' id='word_1_557' title='bbox 1135 2689 1231 2728; x_wconf 90' lang='lat' dir='ltr'>daeo</span> <span class='ocrx_word' id='word_1_558' title='bbox 1269 2687 1432 2737; x_wconf 75' lang='lat' dir='ltr'>Ugoleto</span> <span class='ocrx_word' id='word_1_559' title='bbox 1450 2698 1456 2722; x_wconf 91' lang='lat'>:</span> <span class='ocrx_word' id='word_1_560' title='bbox 1479 2689 1519 2723; x_wconf 76' lang='lat' dir='ltr'>et</span> <span class='ocrx_word' id='word_1_561' title='bbox 1557 2682 1786 2721; x_wconf 85' lang='lat' dir='ltr'>Sauchaeus</span> <span class='ocrx_word' id='word_1_562' title='bbox 1822 2681 2018 2718; x_wconf 82' lang='lat' dir='ltr'>Venetam</span> <span class='ocrx_word' id='word_1_563' title='bbox 2055 2690 2099 2717; x_wconf 86' lang='lat' dir='ltr'>se</span> 
     </span>
     <span class='ocr_line' id='line_1_92' title="bbox 1137 2740 2101 2795; baseline -0.012 -5"><span class='ocrx_word' id='word_1_564' title='bbox 1137 2752 1211 2790; x_wconf 81' lang='lat' dir='ltr'>An.</span> <span class='ocrx_word' id='word_1_565' title='bbox 1235 2748 1336 2789; x_wconf 75' lang='grc'>1470</span> <span class='ocrx_word' id='word_1_566' title='bbox 1358 2748 1421 2786; x_wconf 80' lang='lat' dir='ltr'>fol.</span> <span class='ocrx_word' id='word_1_567' title='bbox 1446 2748 1532 2784; x_wconf 89' lang='lat' dir='ltr'>sine</span> <span class='ocrx_word' id='word_1_568' title='bbox 1548 2742 1798 2795; x_wconf 69' lang='lat' dir='ltr'>Typographi</span> <span class='ocrx_word' id='word_1_569' title='bbox 1815 2743 1972 2779; x_wconf 87' lang='lat' dir='ltr'>nomine</span> <span class='ocrx_word' id='word_1_570' title='bbox 1993 2740 2101 2779; x_wconf 79' lang='lat' dir='ltr'>evol-</span> 
     </span>
     <span class='ocr_line' id='line_1_93' title="bbox 1136 2802 2100 2856; baseline -0.011 -5"><span class='ocrx_word' id='word_1_571' title='bbox 1136 2815 1245 2856; x_wconf 85' lang='lat' dir='ltr'>visse</span> <span class='ocrx_word' id='word_1_572' title='bbox 1281 2814 1478 2849; x_wconf 86' lang='lat' dir='ltr'>testatur:</span> <span class='ocrx_word' id='word_1_573' title='bbox 1504 2809 1543 2844; x_wconf 91' lang='lat' dir='ltr'>in</span> <span class='ocrx_word' id='word_1_574' title='bbox 1582 2804 1811 2855; x_wconf 80' lang='lat' dir='ltr'>Beughemii</span> <span class='ocrx_word' id='word_1_575' title='bbox 1849 2802 2100 2842; x_wconf 89' lang='lat' dir='ltr'>incunabulis</span> 
     </span>
     <span class='ocr_line' id='line_1_94' title="bbox 1138 2858 2104 2924; baseline -0.011 -12"><span class='ocrx_word' id='word_1_576' title='bbox 1138 2871 1435 2924; x_wconf 63' lang='lat' dir='ltr'>Typographiae</span> <span class='ocrx_word' id='word_1_577' title='bbox 1474 2867 1684 2906; x_wconf 87' lang='lat' dir='ltr'>memorari</span> <span class='ocrx_word' id='word_1_578' title='bbox 1721 2865 1836 2903; x_wconf 87' lang='lat' dir='ltr'>video</span> <span class='ocrx_word' id='word_1_579' title='bbox 1853 2858 2005 2901; x_wconf 71' lang='grc' dir='ltr'>’ἔκδοσιν</span> <span class='ocrx_word' id='word_1_580' title='bbox 2024 2865 2104 2902; x_wconf 80' lang='lat' dir='ltr'>Me-</span> 
     </span>
     <span class='ocr_line' id='line_1_95' title="bbox 1140 2926 2101 2979; baseline -0.01 -6"><span class='ocrx_word' id='word_1_581' title='bbox 1140 2930 1553 2973; x_wconf 72' lang='lat' dir='ltr'>diolaiiensen1.Anni</span> <span class='ocrx_word' id='word_1_582' title='bbox 1592 2929 1706 2968; x_wconf 70' lang='grc'>1190.</span> <span class='ocrx_word' id='word_1_583' title='bbox 1732 2939 1851 2979; x_wconf 88' lang='lat' dir='ltr'>quam</span> <span class='ocrx_word' id='word_1_584' title='bbox 1888 2926 2101 2965; x_wconf 79' lang='lat' dir='ltr'>editionem</span> 
     </span>
     <span class='ocr_line' id='line_1_96' title="bbox 1140 2988 2104 3043; baseline -0.01 -8"><span class='ocrx_word' id='word_1_585' title='bbox 1140 2997 1305 3036; x_wconf 84' lang='lat' dir='ltr'>Ausonii</span> <span class='ocrx_word' id='word_1_586' title='bbox 1325 2993 1400 3033; x_wconf 83' lang='lat' dir='ltr'>An.</span> <span class='ocrx_word' id='word_1_587' title='bbox 1424 2993 1524 3032; x_wconf 75' lang='grc'>1190</span> <span class='ocrx_word' id='word_1_588' title='bbox 1546 2993 1766 3043; x_wconf 83' lang='lat' dir='ltr'>principem</span> <span class='ocrx_word' id='word_1_589' title='bbox 1786 2994 1904 3028; x_wconf 77' lang='lat' dir='ltr'>vocat</span> <span class='ocrx_word' id='word_1_590' title='bbox 1927 2988 2104 3026; x_wconf 75' lang='lat' dir='ltr'>Roswei-</span> 
     </span>
     <span class='ocr_line' id='line_1_97' title="bbox 1139 3048 2102 3102; baseline -0.01 -6"><span class='ocrx_word' id='word_1_591' title='bbox 1139 3059 1215 3097; x_wconf 87' lang='lat' dir='ltr'>dus</span> <span class='ocrx_word' id='word_1_592' title='bbox 1236 3057 1283 3095; x_wconf 91' lang='lat' dir='ltr'>ad</span> <span class='ocrx_word' id='word_1_593' title='bbox 1304 3056 1455 3094; x_wconf 88' lang='lat' dir='ltr'>Paulini</span> <span class='ocrx_word' id='word_1_594' title='bbox 1478 3065 1640 3093; x_wconf 85' lang='lat' dir='ltr'>carmen</span> <span class='ocrx_word' id='word_1_595' title='bbox 1663 3053 1828 3102; x_wconf 57' lang='lat' dir='ltr'>1V7pa52,</span> <span class='ocrx_word' id='word_1_596' title='bbox 1850 3051 1937 3089; x_wconf 83' lang='grc'>836.</span> <span class='ocrx_word' id='word_1_597' title='bbox 1960 3048 2102 3088; x_wconf 87' lang='lat' dir='ltr'>deinde</span> 
     </span>
     <span class='ocr_line' id='line_1_98' title="bbox 1139 3111 2104 3165; baseline -0.011 -6"><span class='ocrx_word' id='word_1_598' title='bbox 1139 3121 1331 3159; x_wconf 77' lang='lat' dir='ltr'>Venetam</span> <span class='ocrx_word' id='word_1_599' title='bbox 1358 3117 1430 3156; x_wconf 81' lang='lat' dir='ltr'>An.</span> <span class='ocrx_word' id='word_1_600' title='bbox 1460 3117 1559 3155; x_wconf 78' lang='grc'>1196</span> <span class='ocrx_word' id='word_1_601' title='bbox 1578 3116 1640 3154; x_wconf 80' lang='lat' dir='ltr'>fol.</span> <span class='ocrx_word' id='word_1_602' title='bbox 1659 3126 1750 3153; x_wconf 80' lang='lat' dir='ltr'>eum</span> <span class='ocrx_word' id='word_1_603' title='bbox 1772 3113 2012 3165; x_wconf 83' lang='lat' dir='ltr'>praefatione</span> <span class='ocrx_word' id='word_1_604' title='bbox 2028 3111 2104 3149; x_wconf 88' lang='lat' dir='ltr'>Ge-</span> 
     </span>
     <span class='ocr_line' id='line_1_99' title="bbox 1140 3174 2102 3232; baseline -0.009 -12"><span class='ocrx_word' id='word_1_605' title='bbox 1140 3182 1235 3232; x_wconf 76' lang='lat' dir='ltr'>orgii</span> <span class='ocrx_word' id='word_1_606' title='bbox 1250 3179 1435 3219; x_wconf 83' lang='lat' dir='ltr'>Merulae.-</span> <span class='ocrx_word' id='word_1_607' title='bbox 1450 3179 1594 3217; x_wconf 76' lang='lat' dir='ltr'>Exstat</span> <span class='ocrx_word' id='word_1_608' title='bbox 1611 3178 1730 3215; x_wconf 88' lang='lat' dir='ltr'>etiam</span> <span class='ocrx_word' id='word_1_609' title='bbox 1745 3177 1897 3215; x_wconf 80' lang='lat' dir='ltr'>Veneta</span> <span class='ocrx_word' id='word_1_610' title='bbox 1908 3174 1981 3212; x_wconf 82' lang='lat' dir='ltr'>An.</span> <span class='ocrx_word' id='word_1_611' title='bbox 2001 3175 2014 3213; x_wconf 91' lang='lat'><strong>4</strong></span> <span class='ocrx_word' id='word_1_612' title='bbox 2028 3174 2102 3211; x_wconf 68' lang='lat'>494</span> 
     </span>
     <span class='ocr_line' id='line_1_100' title="bbox 1142 3236 2105 3282; baseline -0.008 -1"><span class='ocrx_word' id='word_1_613' title='bbox 1142 3243 1369 3282; x_wconf 77' lang='lat' dir='ltr'>Parmensis</span> <span class='ocrx_word' id='word_1_614' title='bbox 1391 3241 1491 3280; x_wconf 72' lang='grc'>1499</span> <span class='ocrx_word' id='word_1_615' title='bbox 1512 3245 1552 3278; x_wconf 90' lang='lat' dir='ltr'>et</span> <span class='ocrx_word' id='word_1_616' title='bbox 1577 3239 1779 3278; x_wconf 82' lang='lat' dir='ltr'>Ausonius</span> <span class='ocrx_word' id='word_1_617' title='bbox 1817 3246 1993 3276; x_wconf 79' lang='lat' dir='ltr'>excusus</span> <span class='ocrx_word' id='word_1_618' title='bbox 2027 3236 2105 3274; x_wconf 83' lang='lat' dir='ltr'>Me-</span> 
     </span>
     <span class='ocr_line' id='line_1_101' title="bbox 1141 3298 2102 3344; baseline -0.009 -1"><span class='ocrx_word' id='word_1_619' title='bbox 1141 3305 1285 3344; x_wconf 85' lang='lat' dir='ltr'>diolani</span> <span class='ocrx_word' id='word_1_620' title='bbox 1311 3303 1385 3342; x_wconf 78' lang='lat' dir='ltr'>An.</span> <span class='ocrx_word' id='word_1_621' title='bbox 1426 3303 1527 3342; x_wconf 75' lang='grc'>1197</span> <span class='ocrx_word' id='word_1_622' title='bbox 1549 3312 1642 3342; x_wconf 86' lang='lat' dir='ltr'>cum</span> <span class='ocrx_word' id='word_1_623' title='bbox 1681 3300 1920 3339; x_wconf 87' lang='lat' dir='ltr'>Terentiano</span> <span class='ocrx_word' id='word_1_624' title='bbox 1957 3298 2102 3337; x_wconf 85' lang='lat' dir='ltr'>Mauro.</span> 
     </span>
    </p>
   </div>
  </div>
 </body>
</html>
