2500 3841
938 238 967 275 A
992 239 1073 284 LB
1095 239 1127 277 F.
1155 241 1182 278 lt
1206 241 1235 279 'l'
1261 242 1289 280 U
1310 241 1334 277 S
2071 250 2121 289 43

189 311 203 348 4
217 294 251 346 (i
267 309 322 346 De
340 306 550 357 Principiis
569 309 692 344 motus
711 307 957 358 pi'097·essz⁷vz‘
978 308 1041 346 lib.
1062 311 1088 348 I.

189 370 238 409 47
261 370 317 408 De
336 371 529 408 Processu
540 367 812 407 L’ni'versitale's
829 368 992 408 aCausa
1004 372 1090 422 prl—

126 442 192 469 ma
213 430 276 470 lib.
301 431 331 470 Ῑ.

180 494 229 533 48
258 492 471 545 Speculum
492 491 821 541 Astronomz'cum,
839 493 942 543 quod
966 495 1087 545 Rogo-

126 565 168 592 ro
190 556 330 594 Baconi
357 555 418 593 alii
449 555 602 594 malunt
630 555 826 602 tribuere,
863 557 902 594 in
931 567 1008 605 quo
1037 557 1085 595 de

126 615 233 654 libris
255 616 369 654 licitis
392 621 432 655 et
456 617 600 655 illicitis
624 621 898 667 pertractatur.
933 618 1084 657 Prodie-

124 680 184 715 rat
204 678 341 716 Venet.
359 680 381 717 ’4
393 678 460 717 571
488 683 527 717 et
553 678 733 728 Lugduni
760 679 862 718 4615
888 680 949 717 fol.

366 776 488 813 Tomo
511 774 562 814 VI
593 775 817 815 continetur
834 790 840 813 :

183 862 290 915 Opus
325 862 474 916 insiyne
497 863 543 902 de
564 862 828 913 Animalibus,
854 863 950 902 libri
968 864 1089 903 XXVI

124 926 191 975 qui
215 926 344 964 lucem
368 926 550 966 viderant
574 928 717 965 Romae
741 926 842 966 4478
862 926 911 964 ad
928 927 1082 964 Sixtum

124 988 187 1026 IV.
211 988 393 1027 Mantuae
419 988 531 1028 4479.
561 989 736 1027 Venetiis
760 989 878 1037 4480,
914 987 1015 1026 4495
1043 990 1082 1024 et

125 1060 174 1087 ex
201 1051 249 1088 M.
274 1049 434 1088 Antonii
459 1051 630 1089 Zimarae
654 1050 916 1101 recognitione
943 1049 1080 1087 Venet.

125 1112 225 1151 4549
256 1111 317 1149 fol.
355 1116 395 1151 et
423 1123 472 1151 ex
509 1112 606 1151 libro
629 1112 759 1151 XXIII
800 1113 1006 1149 Tractatus
1034 1109 1082 1148 de

125 1172 376 1223 Falconibus‚
400 1173 612 1214 Asturibus
635 1178 674 1212 et
701 1172 973 1223 Accipitribus.
1004 1171 1084 1211 Au-

123 1239 262 1285 gustae
297 1235 448 1275 Vindel.
480 1237 604 1283 4596,
629 1236 663 1273 8.
689 1236 750 1274 Ex
772 1234 868 1272 libro
894 1236 948 1273 IX
977 1239 1016 1272 et
1044 1236 1080 1273 X

123 1296 171 1335 de
201 1296 429 1336 formatione
457 1297 625 1336 hominis
653 1298 693 1335 in
730 1300 852 1335 utero.
895 1296 1081 1335 Antwer-

123 1359 207 1408 piae
232 1359 358 1408 4538,
387 1359 421 1396 8.

487 1457 607 1494 Tomo
636 1456 704 1494 VII

181 1534 462 1575 Commentarii
487 1534 527 1573 in
554 1533 744 1573 Psalmos.

506 1634 626 1672 Tomo
654 1633 739 1672 VIII

172 1720 454 1760 Commentarii
478 1721 518 1759 in
550 1720 718 1760 Threnos
747 1721 952 1760 Jeremz'ae.

172 1783 453 1822 Commentarii
478 1783 519 1821 in
545 1782 717 1821 Baruclz.

174 1843 455 1884 Commentarii
481 1844 520 1883 in
546 1843 757 1883 Danielem.

176 1905 461 1946 Commentariz'
487 1907 526 1945 in
544 1907 628 1946 XII.
654 1905 867 1957 Prophetas
890 1906 1071 1946 Minores.

115 1978 163 2005 ex
187 1967 280 2006 edit.
305 1968 438 2007 Colon.
464 1969 565 2008 4536
591 1969 652 2006 fol.

487 2066 607 2104 Tomo
637 2066 692 2104 IX

167 2152 449 2192 Commentarii
472 2153 513 2192 in
538 2153 788 2193 Matthaeum.

167 2214 448 2254 commentarii
473 2214 514 2254 in
538 2216 732 2255 Marcum.

485 2314 605 2352 Tomo
633 2315 682 2353 X.

163 2399 445 2439 Commentarn'
470 2400 510 2440 in
538 2403 694 2440 Lucam.

482 2500 601 2537 Tomo
631 2500 685 2538 XI

163 2583 445 2623 Commentaric'
470 2586 511 2623 in
531 2587 729 2624 Joannem.
764 2588 988 2627 Prodierant
1027 2592 1064 2628 in
1086 2602 1088 2605 ’

107 2645 157 2683 IV
179 2646 413 2696 Evangelia,
437 2648 640 2698 Haganoae
666 2649 786 2700 4504,
812 2651 938 2702 4505,
964 2652 1063 2690 4506

108 2707 169 2745 fol.
199 2708 221 2745 3
251 2708 346 2746 Voll.

158 2768 402 2818 Postillatm,
432 2772 517 2810 sive
543 2771 823 2810 commentarii
849 2773 889 2811 in
915 2773 1065 2824 Apoca-

106 2828 250 2881 lypsin,
275 2842 323 2870 ex
352 2832 443 2871 edit.
485 2833 671 2871 Bernardi
708 2833 755 2872 de
784 2835 1060 2887 Lutzemburg.

104 2892 278 2932 Basileae
321 2894 440 2944 4506,
467 2895 487 2933 4
512 2906 582 2945 per
610 2896 839 2945 Magistrum
874 2897 1062 2936 ,Iacobum

105 2951 154 2990 de
176 2953 373 2994 Pforczen.

319 3052 438 3091 Tomo
466 3053 539 3092 XII
568 3054 818 3093 continentur
835 3067 841 3090 :

154 3136 360 3178 Sermones
383 3139 429 3179 de
461 3141 654 3192 Tempore.

158 3198 362 3240 Orationes
402 3213 522 3255 super
555 3203 772 3255 Evanyelia
800 3203 1058 3244 Domz‘tu'cale‘a

105 3260 219 3299 totius
242 3260 355 3301 Anni.

154 3322 359 3364 Sermones
374 3325 420 3365 cle
439 3328 605 3367 Sanctis.
629 3339 679 3366 ox
703 3327 870 3366 editione
885 3331 1058 3369 Routlin-

1163 314 1292 361 gensi,
1317 324 1387 351 nec
1412 324 1487 350 non
1512 314 1732 353 Coloniensi
1751 316 1928 355 1474101.
1950 319 2120 366 Mogunt.

1165 376 1282 423 4646,
1307 377 1341 413 8.
1367 375 1528 414 Cracov.
1555 377 1681 424 4649,
1712 378 1745 415 4.

1214 438 1421 476 Sermones
1444 438 1585 475 XXXII
1596 438 1642 476 cle
1655 440 1911 479 Sacramento
1926 442 2122 481 Euchari-

1159 498 1268 536 stiae.
1290 510 1338 537 ex
1362 499 1529 537 editione
1554 500 1637 537 sine
1661 500 1742 539 loco
1765 506 1805 539 et
1827 513 1946 550 anno⁷
1970 508 2010 542 et
2027 505 2123 543 alte-

1160 572 1201 598 ra
1224 562 1394 610 Mogunt.
1421 559 1524 599 4477
1566 561 1625 598 fol.
1652 566 1691 599 et
1712 564 1832 612 4615,
1857 566 1892 603 8.
1917 567 1995 604 Hos
2033 579 2121 618 par-

1158 623 1229 660 tim
1267 623 1341 661 sub
1379 622 1474 660 falso
1512 620 1674 660 leomae
1713 622 1922 675 Aquinatis
1965 629 2120 667 nomine

1155 683 1280 721 editos
1303 694 1391 722 esse
1415 685 1517 721 inter
1539 695 1625 732 ejus
1648 686 1847 734 Opuseula
1870 689 1984 727 LVIII
2014 695 2121 729 notat

1155 744 1304 783 Natalis
1327 743 1440 782 Alex.
1459 748 1553 782 tom.
1581 745 1649 782 VII
1673 757 1758 795 pag.
1791 749 1876 787 441.

1211 803 1328 843 Liber
1343 805 1389 844 de
1409 805 1573 844 muliere
1587 804 1694 857 forti,
1709 808 1757 846 ad
1776 819 1857 859 cap.
1876 811 1917 849 31
1940 812 2118 851 Prot-vrb.

1516 903 1636 940 Tomo
1665 903 1756 941 XIII

1214 989 1495 1028 Commentaru'
1517 989 1556 1027 in
1578 991 1620 1028 B.
1651 990 1882 1043 Dionysium
1909 992 2122 1046 Areopayi-

1159 1053 1251 1087 tam.

1212 1112 1489 1164 Compendium
1514 1113 1757 1165 Theoloyicae
1779 1118 1978 1168 veritatis.
2009 1118 2121 1170 libris

1156 1178 1302 1224 septem
1324 1175 1530 1227 diyestum,
1556 1181 1594 1215 et
1612 1177 1760 1217 rectius
1794 1178 2046 1231 referendum
2069 1183 2123 1220 all

1156 1238 1358 1288 Huqonom
1386 1237 1716 1290 Aryentinensem.

1520 1338 1639 1375 Tomo
1669 1339 1758 1378 XIV

1207 1415 1489 1454 Commentarii
1510 1416 1550 1454 in
1573 1415 1717 1456 librum
1735 1419 1912 1469 primum
1935 1421 2120 1472 Allaqa'strz'

1151 1476 1453 1516 Sententiarum.

1520 1578 1639 1616 Tomo
1669 1579 1738 1617 XV

1204 1663 1487 1703 Commentariz'
1518 1666 1559 1704 in
1581 1667 1626 1705 II
1645 1671 1682 1705 et
1703 1668 1769 1706 III
1803 1668 1924 1708 libros
1953 1672 2109 1709 Senten-

1151 1725 1308 1763 tamon.

1513 1827 1632 1865 Tomo
1662 1828 1750 1866 XVI

1202 1910 1483 1951 Commentaru'
1501 1913 1541 1951 in
1564 1913 1710 1953 librum
1727 1916 1783 1954 IV
1801 1917 2101 1957 Sententz'cmmz.

1147 1985 1196 2011 ex
1219 1974 1310 2012 edit.
1336 1976 1438 2013 Basil
1482 1977 1582 2015 4506
1607 1977 1668 2015 fol.

1358 2073 1476 2110 Tomo
1504 2073 1611 2111 XVII
1641 2075 1866 2113 continetur
1883 2089 1889 2112 ς

1203 2160 1339 2198 Prima
1364 2161 1467 2199 Pars
1489 2162 1674 2200 Summae
1702 2163 1733 2200 T
1730 2162 1956 2213 heoloye'cae.

1487 2262 1607 2298 Tomo
1634 2261 1759 2299 XVIII

1195 2347 1375 2387 Secunda
1399 2349 1501 2386 Pars
1537 2348 1724 2387 Summae
1769 2348 2023 2400 Tlieoloyicae.
2057 2362 2104 2388 ex

1140 2410 1232 2448 edit.
1262 2410 1376 2449 Basil.
1403 2410 1505 2450 4507
1534 2411 1594 2449 fol.

1500 2510 1620 2547 Tomo
1644 2510 1738 2548 XIX

1190 2598 1354 2635 Summa
1367 2596 1413 2635 de
1430 2597 1628 2635 creaturis
1640 2628 1648 2644 ‚
1666 2597 1795 2637 diuisa
1812 2598 1851 2635 in
1870 2597 1970 2636 ditas
1998 2600 2095 2636 Par-

1139 2660 1210 2705 tes⁷
1235 2670 1415 2707 quarum.

1190 2720 1327 2758 Prima
1343 2724 1399 2758 est
1414 2719 1460 2757 de
1478 2723 1649 2770 quatuor
1664 2720 1828 2769 coaevis,
1838 2721 2005 2759 materia
2014 2723 2101 2773 pri<

1136 2793 1220 2829 ma,
1242 2785 1429 2832 tempore,
1453 2779 1566 2820 Coelo
1591 2784 1628 2818 et
1645 2779 1803 2831 Anqelo.
1847 2815 1853 2821 .

1189 2842 1369 2882 Secunda
1406 2845 1463 2880 est
1484 2841 1529 2880 cla
1558 2842 1730 2880 Homine.
1756 2855 1805 2882 ex
1825 2843 1916 2882 edit.
1958 2845 2094 2884 Venet..

1138 2903 1495 2954 4498,4519,101.

1507 2993 1626 3031 Tomo
1649 2993 1725 3032 XX

1184 3088 1368 3137 Mortale,
1399 3091 1483 3127 sive
1512 3090 1764 3138 Quaestiones
1790 3092 1953 3132 CCXXX
1965 3102 2085 3143 super

1133 3150 1282 3201 Euanq.
1293 3152 1435 3190 Missus
1446 3156 1570 3190 estex
1584 3152 1752 3192 editione
1762 3154 1964 3193 Mediolon.
1976 3155 1990 3193 4
2003 3155 2089 3192 489.
2111 3175 2114 3179 ·

1132 3211 1263 3252 Goion.
1293 3212 1412 3259 41507,
1440 3213 1473 3251 4.

1185 3273 1239 3310 Dc
1262 3272 1465 3312 Laudibus
1502 3275 1645 3313 Beatae
1687 3275 1854 3326 Vc'rqz'tze's
1888 3275 1984 3315 libri
2001 3278 2085 3316 XII.

1132 3333 1332 3384 Argentin.
1355 3336 1552 3375 1149381119
1570 3338 1725 3376 nomino
1742 3337 1934 3378 Auctoris.
1953 3340 2084 3379 Colon.
