<?xml version="1.0" encoding="UTF-8"?>
<!DOCTYPE html PUBLIC "-//W3C//DTD XHTML 1.0 Transitional//EN"
    "http://www.w3.org/TR/xhtml1/DTD/xhtml1-transitional.dtd">
<html xmlns="http://www.w3.org/1999/xhtml" xml:lang="en" lang="en">
 <head>
  <title>
</title>
<meta http-equiv="Content-Type" content="text/html;charset=utf-8" />
  <meta name='ocr-system' content='tesseract 3.04.00' />
  <meta name='ocr-capabilities' content='ocr_page ocr_carea ocr_par ocr_line ocrx_word'/>
</head>
<body>
  <div class='ocr_page' id='page_1' title='image "./bibliothecalatin01fabruoft_0241.png"; bbox 0 0 2500 3841; ppageno 0'>
   <div class='ocr_carea' id='block_1_1' title="bbox 867 217 1314 260">
    <p class='ocr_par' dir='ltr' id='par_1_1' title="bbox 867 217 1314 260">
     <span class='ocr_line' id='line_1_1' title="bbox 867 217 1314 260; baseline 0.011 -5"><span class='ocrx_word' id='word_1_1' title='bbox 867 217 1314 260; x_wconf 76' lang='lat' dir='ltr'><em>BERNARDUS</em></span> 
     </span>
    </p>
   </div>
   <div class='ocr_carea' id='block_1_2' title="bbox 74 285 1048 3375">
    <p class='ocr_par' dir='ltr' id='par_1_2' title="bbox 74 285 1048 2755">
     <span class='ocr_line' id='line_1_2' title="bbox 94 285 1042 340; baseline 0 -11"><span class='ocrx_word' id='word_1_2' title='bbox 94 290 201 330; x_wconf 82' lang='lat' dir='ltr'><em>idem</em></span> <span class='ocrx_word' id='word_1_3' title='bbox 222 290 336 340; x_wconf 88' lang='lat' dir='ltr'><em>longe</em></span> <span class='ocrx_word' id='word_1_4' title='bbox 357 287 472 339; x_wconf 87' lang='lat' dir='ltr'><em>plura&#39;</em></span> <span class='ocrx_word' id='word_1_5' title='bbox 495 288 534 324; x_wconf 91' lang='lat' dir='ltr'><em>in</em></span> <span class='ocrx_word' id='word_1_6' title='bbox 556 285 798 326; x_wconf 71' lang='lat' dir='ltr'>praefatione</span> <span class='ocrx_word' id='word_1_7' title='bbox 821 287 869 326; x_wconf 87' lang='lat' dir='ltr'><em>ad</em></span> <span class='ocrx_word' id='word_1_8' title='bbox 890 293 1042 329; x_wconf 90' lang='lat' dir='ltr'><em>tomum</em></span> 
     </span>
     <span class='ocr_line' id='line_1_3' title="bbox 95 347 1045 403; baseline 0.001 -13"><span class='ocrx_word' id='word_1_9' title='bbox 95 352 310 403; x_wconf 87' lang='lat' dir='ltr'><em>septimum</em></span> <span class='ocrx_word' id='word_1_10' title='bbox 333 349 381 388; x_wconf 92' lang='lat' dir='ltr'><em>de</em></span> <span class='ocrx_word' id='word_1_11' title='bbox 404 349 493 388; x_wconf 89' lang='lat' dir='ltr'><em>Vita</em></span> <span class='ocrx_word' id='word_1_12' title='bbox 515 347 637 398; x_wconf 88' lang='lat' dir='ltr'><em>hujus</em></span> <span class='ocrx_word' id='word_1_13' title='bbox 659 349 848 388; x_wconf 87' lang='lat' dir='ltr'><em>Bernardi</em></span> <span class='ocrx_word' id='word_1_14' title='bbox 871 351 1045 403; x_wconf 86' lang='lat' dir='ltr'><em>disserit,</em></span> 
     </span>
     <span class='ocr_line' id='line_1_4' title="bbox 94 410 1045 463; baseline 0.001 -12"><span class='ocrx_word' id='word_1_15' title='bbox 94 413 318 463; x_wconf 89' lang='lat' dir='ltr'><em>scriptaque</em></span> <span class='ocrx_word' id='word_1_16' title='bbox 327 415 611 450; x_wconf 83' lang='lat' dir='ltr'>commemorat</span> <span class='ocrx_word' id='word_1_17' title='bbox 628 410 757 450; x_wconf 87' lang='lat' dir='ltr'><em>adhuc</em></span> <span class='ocrx_word' id='word_1_18' title='bbox 769 411 1045 463; x_wconf 87' lang='lat' dir='ltr'><em>inedita,quae,</em></span> 
     </span>
     <span class='ocr_line' id='line_1_5' title="bbox 91 471 1048 526; baseline -0.001 -13"><span class='ocrx_word' id='word_1_19' title='bbox 91 477 248 526; x_wconf 86' lang='lat' dir='ltr'><em>praeter</em></span> <span class='ocrx_word' id='word_1_20' title='bbox 268 471 469 525; x_wconf 78' lang='lat' dir='ltr'><em>Epistulas</em></span> <span class='ocrx_word' id='word_1_21' title='bbox 492 472 732 523; x_wconf 80' lang='lat' dir='ltr'><strong>complures,</strong></span> <span class='ocrx_word' id='word_1_22' title='bbox 756 477 867 512; x_wconf 90' lang='lat' dir='ltr'><em>sunt:</em></span> <span class='ocrx_word' id='word_1_23' title='bbox 893 474 1048 513; x_wconf 83' lang='lat' dir='ltr'><em>Lauda-</em></span> 
     </span>
     <span class='ocr_line' id='line_1_6' title="bbox 92 533 1048 587; baseline 0 -13"><span class='ocrx_word' id='word_1_24' title='bbox 92 535 236 574; x_wconf 88' lang='lat' dir='ltr'><em>torium</em></span> <span class='ocrx_word' id='word_1_25' title='bbox 251 535 385 574; x_wconf 89' lang='lat' dir='ltr'><em>doctae</em></span> <span class='ocrx_word' id='word_1_26' title='bbox 408 533 671 585; x_wconf 86' lang='lat' dir='ltr'><em>i9norantiae,</em></span> <span class='ocrx_word' id='word_1_27' title='bbox 690 545 793 585; x_wconf 87' lang='lat' dir='ltr'><em>quae</em></span> <span class='ocrx_word' id='word_1_28' title='bbox 811 536 1048 587; x_wconf 81' lang='lat' dir='ltr'><em>estMystica</em></span> 
     </span>
     <span class='ocr_line' id='line_1_7' title="bbox 95 595 1046 649; baseline 0.001 -13"><span class='ocrx_word' id='word_1_29' title='bbox 95 596 316 649; x_wconf 74' lang='lat' dir='ltr'><em>Theoloqia,</em></span> <span class='ocrx_word' id='word_1_30' title='bbox 330 596 497 647; x_wconf 84' lang='lat' dir='ltr'><em>ejusque</em></span> <span class='ocrx_word' id='word_1_31' title='bbox 520 595 808 648; x_wconf 88' lang='lat' dir='ltr'><em>Defensorium.</em></span> <span class='ocrx_word' id='word_1_32' title='bbox 838 597 1046 649; x_wconf 80' lang='lat' dir='ltr'><em>Speculum</em></span> 
     </span>
     <span class='ocr_line' id='line_1_8' title="bbox 89 658 1043 712; baseline 0.002 -13"><span class='ocrx_word' id='word_1_33' title='bbox 89 660 303 699; x_wconf 77' lang='lat' dir='ltr'><em>Pastorum</em></span> <span class='ocrx_word' id='word_1_34' title='bbox 323 662 363 698; x_wconf 92' lang='lat' dir='ltr'><em>et</em></span> <span class='ocrx_word' id='word_1_35' title='bbox 381 658 620 700; x_wconf 86' lang='lat' dir='ltr'><em>Animarum</em></span> <span class='ocrx_word' id='word_1_36' title='bbox 634 660 860 711; x_wconf 69' lang='lat' dir='ltr'><em>Raetorum,</em></span> <span class='ocrx_word' id='word_1_37' title='bbox 877 660 1043 712; x_wconf 87' lang='lat' dir='ltr'><em>ejusque</em></span> 
     </span>
     <span class='ocr_line' id='line_1_9' title="bbox 91 719 1045 774; baseline 0.002 -14"><span class='ocrx_word' id='word_1_38' title='bbox 91 719 364 774; x_wconf 82' lang='lat' dir='ltr'><em>Defensorium</em></span> <span class='ocrx_word' id='word_1_39' title='bbox 384 721 433 760; x_wconf 90' lang='lat' dir='ltr'><em>ad</em></span> <span class='ocrx_word' id='word_1_40' title='bbox 455 721 676 760; x_wconf 84' lang='lat' dir='ltr'><em>Johannem</em></span> <span class='ocrx_word' id='word_1_41' title='bbox 699 722 936 774; x_wconf 86' lang='lat' dir='ltr'>Episcopum</span> <span class='ocrx_word' id='word_1_42' title='bbox 965 725 1045 774; x_wconf 84' lang='lat' dir='ltr'><em>Ey-</em></span> 
     </span>
     <span class='ocr_line' id='line_1_10' title="bbox 91 783 1045 834; baseline 0.002 -11"><span class='ocrx_word' id='word_1_43' title='bbox 91 787 324 823; x_wconf 86' lang='lat' dir='ltr'><em>stetensem.</em></span> <span class='ocrx_word' id='word_1_44' title='bbox 349 784 460 834; x_wconf 93' lang='lat' dir='ltr'><em>Opus</em></span> <span class='ocrx_word' id='word_1_45' title='bbox 483 783 715 834; x_wconf 91' lang='lat' dir='ltr'><em>bipartitum</em></span> <span class='ocrx_word' id='word_1_46' title='bbox 739 783 785 823; x_wconf 87' lang='lat' dir='ltr'><em>de</em></span> <span class='ocrx_word' id='word_1_47' title='bbox 807 785 1045 825; x_wconf 84' lang='lat' dir='ltr'><em>sentimentis</em></span> 
     </span>
     <span class='ocr_line' id='line_1_11' title="bbox 87 843 1044 897; baseline 0.003 -13"><span class='ocrx_word' id='word_1_48' title='bbox 87 843 378 897; x_wconf 80' lang='lat' dir='ltr'><em>spiritualibus.</em></span> <span class='ocrx_word' id='word_1_49' title='bbox 402 843 682 895; x_wconf 85' lang='lat' dir='ltr'><em>Collationum,</em></span> <span class='ocrx_word' id='word_1_50' title='bbox 707 848 792 885; x_wconf 90' lang='lat' dir='ltr'><em>sive</em></span> <span class='ocrx_word' id='word_1_51' title='bbox 811 849 1044 887; x_wconf 81' lang='lat' dir='ltr'><em>Sermonum</em></span> 
     </span>
     <span class='ocr_line' id='line_1_12' title="bbox 86 906 1043 959; baseline 0.001 -12"><span class='ocrx_word' id='word_1_52' title='bbox 86 908 281 947; x_wconf 87' lang='lat' dir='ltr'><em>Volumen</em></span> <span class='ocrx_word' id='word_1_53' title='bbox 317 906 365 946; x_wconf 85' lang='lat' dir='ltr'><em>de</em></span> <span class='ocrx_word' id='word_1_54' title='bbox 405 910 575 959; x_wconf 84' lang='lat' dir='ltr'><em>tempore</em></span> <span class='ocrx_word' id='word_1_55' title='bbox 614 912 655 947; x_wconf 90' lang='lat' dir='ltr'><em>et</em></span> <span class='ocrx_word' id='word_1_56' title='bbox 687 909 855 948; x_wconf 89' lang='lat' dir='ltr'><em>Sanctis.</em></span> <span class='ocrx_word' id='word_1_57' title='bbox 879 910 1043 948; x_wconf 88' lang='lat' dir='ltr'><em>Collatio</em></span> 
     </span>
     <span class='ocr_line' id='line_1_13' title="bbox 85 969 1043 1022; baseline 0 -14"><span class='ocrx_word' id='word_1_58' title='bbox 85 970 236 1021; x_wconf 82' lang='lat' dir='ltr'><em>prolixa</em></span> <span class='ocrx_word' id='word_1_59' title='bbox 254 969 301 1008; x_wconf 86' lang='lat' dir='ltr'><em>de</em></span> <span class='ocrx_word' id='word_1_60' title='bbox 325 969 511 1009; x_wconf 86' lang='lat' dir='ltr'><em>Passione</em></span> <span class='ocrx_word' id='word_1_61' title='bbox 533 970 735 1010; x_wconf 84' lang='lat' dir='ltr'><strong><em>DOMINI.</em></strong></span> <span class='ocrx_word' id='word_1_62' title='bbox 776 972 1043 1022; x_wconf 88' lang='lat' dir='ltr'><em>Praeparato-</em></span> 
     </span>
     <span class='ocr_line' id='line_1_14' title="bbox 87 1031 1042 1082; baseline -0.001 -12"><span class='ocrx_word' id='word_1_63' title='bbox 87 1031 196 1071; x_wconf 87' lang='lat' dir='ltr'><em>rium</em></span> <span class='ocrx_word' id='word_1_64' title='bbox 216 1031 272 1070; x_wconf 86' lang='lat' dir='ltr'><em>ad</em></span> <span class='ocrx_word' id='word_1_65' title='bbox 291 1031 474 1082; x_wconf 84' lang='lat' dir='ltr'><em>Missam,</em></span> <span class='ocrx_word' id='word_1_66' title='bbox 495 1037 535 1072; x_wconf 87' lang='lat' dir='ltr'><em>et</em></span> <span class='ocrx_word' id='word_1_67' title='bbox 558 1032 749 1071; x_wconf 89' lang='lat' dir='ltr'><em>Formula</em></span> <span class='ocrx_word' id='word_1_68' title='bbox 767 1032 822 1072; x_wconf 85' lang='lat' dir='ltr'><em>ad</em></span> <span class='ocrx_word' id='word_1_69' title='bbox 842 1031 1042 1072; x_wconf 86' lang='lat' dir='ltr'><em>celebran-</em></span> 
     </span>
     <span class='ocr_line' id='line_1_15' title="bbox 87 1092 1042 1146; baseline -0.001 -14"><span class='ocrx_word' id='word_1_70' title='bbox 87 1093 179 1133; x_wconf 87' lang='lat' dir='ltr'><em>dum</em></span> <span class='ocrx_word' id='word_1_71' title='bbox 197 1092 266 1133; x_wconf 84' lang='lat' dir='ltr'><em>vel</em></span> <span class='ocrx_word' id='word_1_72' title='bbox 279 1093 659 1144; x_wconf 83' lang='lat' dir='ltr'><em>communicandum,</em></span> <span class='ocrx_word' id='word_1_73' title='bbox 674 1105 715 1133; x_wconf 90' lang='lat' dir='ltr'><em>se</em></span> <span class='ocrx_word' id='word_1_74' title='bbox 730 1093 970 1146; x_wconf 84' lang='lat' dir='ltr'><em>disponendi.</em></span> <span class='ocrx_word' id='word_1_75' title='bbox 986 1094 1042 1132; x_wconf 91' lang='lat' dir='ltr'><em>De</em></span> 
     </span>
     <span class='ocr_line' id='line_1_16' title="bbox 85 1154 1044 1196; baseline 0 -2"><span class='ocrx_word' id='word_1_76' title='bbox 85 1154 218 1195; x_wconf 88' lang='lat' dir='ltr'><em>debita</em></span> <span class='ocrx_word' id='word_1_77' title='bbox 239 1154 414 1194; x_wconf 88' lang='lat' dir='ltr'><em>materia</em></span> <span class='ocrx_word' id='word_1_78' title='bbox 435 1157 475 1196; x_wconf 89' lang='lat' dir='ltr'><em>S.</em></span> <span class='ocrx_word' id='word_1_79' title='bbox 500 1155 793 1195; x_wconf 80' lang='lat' dir='ltr'><em>Eucharistiae.</em></span> <span class='ocrx_word' id='word_1_80' title='bbox 820 1154 1044 1195; x_wconf 88' lang='lat' dir='ltr'><em>Consolato-</em></span> 
     </span>
     <span class='ocr_line' id='line_1_17' title="bbox 85 1215 1044 1268; baseline -0.001 -12"><span class='ocrx_word' id='word_1_81' title='bbox 85 1217 192 1256; x_wconf 90' lang='lat' dir='ltr'><em>rium</em></span> <span class='ocrx_word' id='word_1_82' title='bbox 215 1215 509 1256; x_wconf 84' lang='lat' dir='ltr'><em>tribulatorum.</em></span> <span class='ocrx_word' id='word_1_83' title='bbox 527 1220 737 1257; x_wconf 85' lang='lat' dir='ltr'><em>Tractatus</em></span> <span class='ocrx_word' id='word_1_84' title='bbox 759 1217 806 1256; x_wconf 80' lang='lat' dir='ltr'><em>cle</em></span> <span class='ocrx_word' id='word_1_85' title='bbox 819 1216 958 1268; x_wconf 84' lang='lat' dir='ltr'><em>poenis</em></span> <span class='ocrx_word' id='word_1_86' title='bbox 985 1216 1044 1255; x_wconf 86' lang='lat' dir='ltr'><em>in-</em></span> 
     </span>
     <span class='ocr_line' id='line_1_18' title="bbox 83 1278 1039 1331; baseline -0.001 -13"><span class='ocrx_word' id='word_1_87' title='bbox 83 1278 316 1331; x_wconf 83' lang='lat' dir='ltr'><em>fernalibus.</em></span> <span class='ocrx_word' id='word_1_88' title='bbox 327 1279 539 1331; x_wconf 86' lang='lat' dir='ltr'><em>Speculum</em></span> <span class='ocrx_word' id='word_1_89' title='bbox 551 1279 689 1318; x_wconf 86' lang='lat' dir='ltr'><em>mortis</em></span> <span class='ocrx_word' id='word_1_90' title='bbox 697 1279 1039 1330; x_wconf 87' lang='lat' dir='ltr'><em>quadripartitum.</em></span> 
     </span>
     <span class='ocr_line' id='line_1_19' title="bbox 86 1341 1042 1383; baseline -0.001 -3"><span class='ocrx_word' id='word_1_91' title='bbox 86 1342 144 1380; x_wconf 92' lang='lat' dir='ltr'><em>De</em></span> <span class='ocrx_word' id='word_1_92' title='bbox 166 1341 340 1383; x_wconf 78' lang='lat' dir='ltr'><em>eoetremi</em></span> <span class='ocrx_word' id='word_1_93' title='bbox 357 1341 509 1381; x_wconf 65' lang='lat' dir='ltr'><em>,Iudicii</em></span> <span class='ocrx_word' id='word_1_94' title='bbox 525 1341 606 1381; x_wconf 84' lang='lat' dir='ltr'><em>diei</em></span> <span class='ocrx_word' id='word_1_95' title='bbox 626 1345 790 1380; x_wconf 87' lang='lat' dir='ltr'><em>terrore.</em></span> <span class='ocrx_word' id='word_1_96' title='bbox 835 1343 972 1380; x_wconf 85' lang='lat' dir='ltr'><em>Utrum</em></span> <span class='ocrx_word' id='word_1_97' title='bbox 1001 1341 1042 1379; x_wconf 87' lang='lat' dir='ltr'><em>in</em></span> 
     </span>
     <span class='ocr_line' id='line_1_20' title="bbox 87 1402 1041 1455; baseline -0.001 -12"><span class='ocrx_word' id='word_1_98' title='bbox 87 1402 162 1443; x_wconf 85' lang='lat' dir='ltr'><em>hac</em></span> <span class='ocrx_word' id='word_1_99' title='bbox 178 1403 264 1443; x_wconf 87' lang='lat' dir='ltr'><em>vita</em></span> <span class='ocrx_word' id='word_1_100' title='bbox 284 1403 420 1443; x_wconf 86' lang='lat' dir='ltr'><em>DEUS</em></span> <span class='ocrx_word' id='word_1_101' title='bbox 432 1403 562 1454; x_wconf 84' lang='lat' dir='ltr'><em>possit</em></span> <span class='ocrx_word' id='word_1_102' title='bbox 581 1403 622 1442; x_wconf 88' lang='lat' dir='ltr'><em>in</em></span> <span class='ocrx_word' id='word_1_103' title='bbox 644 1402 961 1455; x_wconf 78' lang='lat' dir='ltr'><em>contemplatione</em></span> <span class='ocrx_word' id='word_1_104' title='bbox 982 1403 1041 1442; x_wconf 84' lang='lat' dir='ltr'><em>vi-</em></span> 
     </span>
     <span class='ocr_line' id='line_1_21' title="bbox 85 1464 1045 1516; baseline 0.001 -12"><span class='ocrx_word' id='word_1_105' title='bbox 85 1465 177 1505; x_wconf 87' lang='lat' dir='ltr'><em>deri</em></span> <span class='ocrx_word' id='word_1_106' title='bbox 196 1468 235 1504; x_wconf 86' lang='lat' dir='ltr'><em>et</em></span> <span class='ocrx_word' id='word_1_107' title='bbox 254 1468 379 1504; x_wconf 88' lang='lat' dir='ltr'><em>mente</em></span> <span class='ocrx_word' id='word_1_108' title='bbox 397 1466 549 1516; x_wconf 75' lang='lat' dir='ltr'><em>attinyi.</em></span> <span class='ocrx_word' id='word_1_109' title='bbox 572 1467 629 1504; x_wconf 93' lang='lat' dir='ltr'><em>De</em></span> <span class='ocrx_word' id='word_1_110' title='bbox 653 1464 844 1505; x_wconf 74' lang='lat' dir='ltr'><em>emercitio</em></span> <span class='ocrx_word' id='word_1_111' title='bbox 860 1465 1045 1505; x_wconf 85' lang='lat' dir='ltr'><em>interiori</em></span> 
     </span>
     <span class='ocr_line' id='line_1_22' title="bbox 83 1526 1041 1578; baseline 0 -12"><span class='ocrx_word' id='word_1_112' title='bbox 83 1539 175 1566; x_wconf 88' lang='lat' dir='ltr'><em>cum</em></span> <span class='ocrx_word' id='word_1_113' title='bbox 195 1527 312 1566; x_wconf 78' lang='grc' dir='ltr'><strong><em>ΠΕΟ.</em></strong></span> <span class='ocrx_word' id='word_1_114' title='bbox 337 1528 394 1566; x_wconf 92' lang='lat' dir='ltr'><em>De</em></span> <span class='ocrx_word' id='word_1_115' title='bbox 407 1527 518 1566; x_wconf 88' lang='lat' dir='ltr'><em>modo</em></span> <span class='ocrx_word' id='word_1_116' title='bbox 532 1527 688 1566; x_wconf 87' lang='lat' dir='ltr'><em>unionis</em></span> <span class='ocrx_word' id='word_1_117' title='bbox 710 1526 934 1578; x_wconf 84' lang='lat' dir='ltr'><em>spiritualis</em></span> <span class='ocrx_word' id='word_1_118' title='bbox 950 1539 1041 1567; x_wconf 89' lang='lat' dir='ltr'><em>cum</em></span> 
     </span>
     <span class='ocr_line' id='line_1_23' title="bbox 80 1588 1040 1641; baseline 0.001 -13"><span class='ocrx_word' id='word_1_119' title='bbox 80 1588 199 1628; x_wconf 81' lang='grc' dir='ltr'><strong><em>ΒΕΘ.</em></strong></span> <span class='ocrx_word' id='word_1_120' title='bbox 234 1589 293 1628; x_wconf 89' lang='lat' dir='ltr'><em>De</em></span> <span class='ocrx_word' id='word_1_121' title='bbox 335 1588 596 1641; x_wconf 71' lang='lat' dir='ltr'><em>coqnoscendo</em></span> <span class='ocrx_word' id='word_1_122' title='bbox 638 1589 794 1628; x_wconf 79' lang='lat' dir='ltr'><em>DEUM.</em></span> <span class='ocrx_word' id='word_1_123' title='bbox 836 1589 892 1627; x_wconf 92' lang='lat' dir='ltr'><em>De</em></span> <span class='ocrx_word' id='word_1_124' title='bbox 917 1593 1040 1641; x_wconf 69' lang='lat' dir='ltr'><em>qusai</em></span> 
     </span>
     <span class='ocr_line' id='line_1_24' title="bbox 80 1650 1038 1703; baseline 0 -12"><span class='ocrx_word' id='word_1_125' title='bbox 80 1651 291 1691; x_wconf 78' lang='lat' dir='ltr'><em>suavitatis</em></span> <span class='ocrx_word' id='word_1_126' title='bbox 312 1654 352 1690; x_wconf 89' lang='lat' dir='ltr'><em>et</em></span> <span class='ocrx_word' id='word_1_127' title='bbox 371 1651 600 1703; x_wconf 70' lang='lat' dir='ltr'><em>coqnitionis</em></span> <span class='ocrx_word' id='word_1_128' title='bbox 622 1650 800 1690; x_wconf 87' lang='lat' dir='ltr'><em>Divinae.</em></span> <span class='ocrx_word' id='word_1_129' title='bbox 830 1652 1038 1691; x_wconf 82' lang='lat' dir='ltr'><em>Sermones</em></span> 
     </span>
     <span class='ocr_line' id='line_1_25' title="bbox 78 1712 1039 1766; baseline -0.001 -13"><span class='ocrx_word' id='word_1_130' title='bbox 78 1714 228 1765; x_wconf 77' lang='lat' dir='ltr'><em>aliquot</em></span> <span class='ocrx_word' id='word_1_131' title='bbox 249 1713 526 1765; x_wconf 87' lang='lat' dir='ltr'><em>Capitulares:</em></span> <span class='ocrx_word' id='word_1_132' title='bbox 546 1718 586 1752; x_wconf 88' lang='lat' dir='ltr'><em>et</em></span> <span class='ocrx_word' id='word_1_133' title='bbox 605 1715 811 1753; x_wconf 68' lang='lat' dir='ltr'><em>Sermones</em></span> <span class='ocrx_word' id='word_1_134' title='bbox 826 1712 867 1751; x_wconf 88' lang='lat' dir='ltr'><em>in</em></span> <span class='ocrx_word' id='word_1_135' title='bbox 882 1712 1039 1766; x_wconf 85' lang='lat' dir='ltr'><em>Profes-</em></span> 
     </span>
     <span class='ocr_line' id='line_1_26' title="bbox 79 1774 1040 1827; baseline -0.001 -13"><span class='ocrx_word' id='word_1_136' title='bbox 79 1775 187 1815; x_wconf 86' lang='lat' dir='ltr'><em>sione</em></span> <span class='ocrx_word' id='word_1_137' title='bbox 211 1777 417 1814; x_wconf 86' lang='lat' dir='ltr'><em>Fratrum.</em></span> <span class='ocrx_word' id='word_1_138' title='bbox 442 1776 498 1813; x_wconf 91' lang='lat' dir='ltr'><em>De</em></span> <span class='ocrx_word' id='word_1_139' title='bbox 518 1778 640 1827; x_wconf 86' lang='lat' dir='ltr'><em>raptu</em></span> <span class='ocrx_word' id='word_1_140' title='bbox 661 1778 699 1813; x_wconf 92' lang='lat' dir='ltr'><em>et</em></span> <span class='ocrx_word' id='word_1_141' title='bbox 718 1774 876 1814; x_wconf 80' lang='lat' dir='ltr'><em>eoestasi</em></span> <span class='ocrx_word' id='word_1_142' title='bbox 899 1776 938 1814; x_wconf 95' lang='lat' dir='ltr'><em>S.</em></span> <span class='ocrx_word' id='word_1_143' title='bbox 967 1776 1040 1813; x_wconf 89' lang='lat' dir='ltr'><em>Be-</em></span> 
     </span>
     <span class='ocr_line' id='line_1_27' title="bbox 77 1835 1032 1888; baseline 0 -14"><span class='ocrx_word' id='word_1_144' title='bbox 77 1836 231 1876; x_wconf 84' lang='lat' dir='ltr'><em>nedicti.</em></span> <span class='ocrx_word' id='word_1_145' title='bbox 271 1838 326 1876; x_wconf 87' lang='lat' dir='ltr'><em>De</em></span> <span class='ocrx_word' id='word_1_146' title='bbox 347 1835 473 1876; x_wconf 87' lang='lat' dir='ltr'><em>modis</em></span> <span class='ocrx_word' id='word_1_147' title='bbox 496 1836 624 1888; x_wconf 81' lang='lat' dir='ltr'><em>i9nem</em></span> <span class='ocrx_word' id='word_1_148' title='bbox 647 1839 685 1875; x_wconf 89' lang='lat' dir='ltr'><em>et</em></span> <span class='ocrx_word' id='word_1_149' title='bbox 698 1848 849 1888; x_wconf 86' lang='lat' dir='ltr'><em>poenas</em></span> <span class='ocrx_word' id='word_1_150' title='bbox 879 1848 1032 1888; x_wconf 60' lang='lat' dir='ltr'><em>purga-</em></span> 
     </span>
     <span class='ocr_line' id='line_1_28' title="bbox 78 1897 1032 1949; baseline -0.002 -11"><span class='ocrx_word' id='word_1_151' title='bbox 78 1898 173 1938; x_wconf 86' lang='lat' dir='ltr'><em>torii</em></span> <span class='ocrx_word' id='word_1_152' title='bbox 192 1898 394 1938; x_wconf 86' lang='lat' dir='ltr'><em>evadendi.</em></span> <span class='ocrx_word' id='word_1_153' title='bbox 437 1897 618 1948; x_wconf 86' lang='lat' dir='ltr'><em>Qualiter</em></span> <span class='ocrx_word' id='word_1_154' title='bbox 636 1897 678 1936; x_wconf 89' lang='lat' dir='ltr'><em>in</em></span> <span class='ocrx_word' id='word_1_155' title='bbox 692 1898 828 1949; x_wconf 75' lang='lat' dir='ltr'><em>qratia</em></span> <span class='ocrx_word' id='word_1_156' title='bbox 852 1901 890 1937; x_wconf 88' lang='lat' dir='ltr'><em>et</em></span> <span class='ocrx_word' id='word_1_157' title='bbox 904 1898 1032 1937; x_wconf 78' lang='lat' dir='ltr'><em>virtu-</em></span> 
     </span>
     <span class='ocr_line' id='line_1_29' title="bbox 78 1960 1030 2013; baseline -0.002 -13"><span class='ocrx_word' id='word_1_158' title='bbox 78 1960 184 2001; x_wconf 84' lang='lat' dir='ltr'><em>tibus</em></span> <span class='ocrx_word' id='word_1_159' title='bbox 199 1972 417 2013; x_wconf 86' lang='lat' dir='ltr'><em>pauperem</em></span> <span class='ocrx_word' id='word_1_160' title='bbox 434 1960 528 2012; x_wconf 84' lang='lat' dir='ltr'><em>fieri</em></span> <span class='ocrx_word' id='word_1_161' title='bbox 552 1963 744 2012; x_wconf 81' lang='lat' dir='ltr'><em>oporteat,</em></span> <span class='ocrx_word' id='word_1_162' title='bbox 781 1960 853 2012; x_wconf 85' lang='lat' dir='ltr'><em>qui</em></span> <span class='ocrx_word' id='word_1_163' title='bbox 889 1971 1030 2000; x_wconf 87' lang='lat' dir='ltr'><em>veram</em></span> 
     </span>
     <span class='ocr_line' id='line_1_30' title="bbox 75 2021 1030 2076; baseline -0.001 -14"><span class='ocrx_word' id='word_1_164' title='bbox 75 2021 327 2075; x_wconf 84' lang='lat' dir='ltr'><em>spiritualem</em></span> <span class='ocrx_word' id='word_1_165' title='bbox 338 2021 619 2076; x_wconf 83' lang='lat' dir='ltr'><em>perfectionem</em></span> <span class='ocrx_word' id='word_1_166' title='bbox 631 2022 793 2074; x_wconf 85' lang='lat' dir='ltr'><em>assequi</em></span> <span class='ocrx_word' id='word_1_167' title='bbox 805 2023 924 2074; x_wconf 89' lang='lat' dir='ltr'><em>cupit.</em></span> <span class='ocrx_word' id='word_1_168' title='bbox 941 2023 1030 2061; x_wconf 88' lang='lat' dir='ltr'><em>Dia-</em></span> 
     </span>
     <span class='ocr_line' id='line_1_31' title="bbox 77 2083 1030 2137; baseline -0.002 -13"><span class='ocrx_word' id='word_1_169' title='bbox 77 2086 190 2136; x_wconf 84' lang='lat' dir='ltr'><em>logus</em></span> <span class='ocrx_word' id='word_1_170' title='bbox 209 2089 250 2124; x_wconf 90' lang='lat' dir='ltr'><em>et</em></span> <span class='ocrx_word' id='word_1_171' title='bbox 273 2086 421 2137; x_wconf 86' lang='lat' dir='ltr'><em>scripta</em></span> <span class='ocrx_word' id='word_1_172' title='bbox 441 2085 517 2124; x_wconf 88' lang='lat' dir='ltr'><em>alia</em></span> <span class='ocrx_word' id='word_1_173' title='bbox 540 2084 587 2124; x_wconf 85' lang='lat' dir='ltr'><em>de</em></span> <span class='ocrx_word' id='word_1_174' title='bbox 621 2096 692 2124; x_wconf 89' lang='lat' dir='ltr'><em>esu</em></span> <span class='ocrx_word' id='word_1_175' title='bbox 719 2088 758 2123; x_wconf 91' lang='lat' dir='ltr'><em>et</em></span> <span class='ocrx_word' id='word_1_176' title='bbox 792 2083 1030 2124; x_wconf 84' lang='lat' dir='ltr'><em>abstinentia</em></span> 
     </span>
     <span class='ocr_line' id='line_1_32' title="bbox 78 2145 1031 2200; baseline -0.003 -13"><span class='ocrx_word' id='word_1_177' title='bbox 78 2147 284 2188; x_wconf 85' lang='lat' dir='ltr'><em>Carnium.</em></span> <span class='ocrx_word' id='word_1_178' title='bbox 307 2147 364 2186; x_wconf 93' lang='lat' dir='ltr'><em>De</em></span> <span class='ocrx_word' id='word_1_179' title='bbox 384 2146 516 2200; x_wconf 85' lang='lat' dir='ltr'><em>forma</em></span> <span class='ocrx_word' id='word_1_180' title='bbox 531 2145 732 2186; x_wconf 88' lang='lat' dir='ltr'><em>servanda</em></span> <span class='ocrx_word' id='word_1_181' title='bbox 746 2145 786 2184; x_wconf 90' lang='lat' dir='ltr'><em>in</em></span> <span class='ocrx_word' id='word_1_182' title='bbox 803 2157 1031 2185; x_wconf 83' lang='lat' dir='ltr'><em>eoecommu-</em></span> 
     </span>
     <span class='ocr_line' id='line_1_33' title="bbox 74 2208 1032 2261; baseline -0.001 -13"><span class='ocrx_word' id='word_1_183' title='bbox 74 2209 252 2250; x_wconf 73' lang='lat' dir='ltr'><em>nicanda</em></span> <span class='ocrx_word' id='word_1_184' title='bbox 275 2210 453 2261; x_wconf 81' lang='lat' dir='ltr'><em>Epistola</em></span> <span class='ocrx_word' id='word_1_185' title='bbox 488 2208 535 2248; x_wconf 86' lang='lat' dir='ltr'><em>de</em></span> <span class='ocrx_word' id='word_1_186' title='bbox 578 2208 827 2260; x_wconf 74' lang='lat' dir='ltr'><em>Viryinitate,</em></span> <span class='ocrx_word' id='word_1_187' title='bbox 864 2210 949 2248; x_wconf 90' lang='lat' dir='ltr'><em>sive</em></span> <span class='ocrx_word' id='word_1_188' title='bbox 984 2208 1032 2247; x_wconf 86' lang='lat' dir='ltr'><em>de</em></span> 
     </span>
     <span class='ocr_line' id='line_1_34' title="bbox 76 2271 1031 2312; baseline -0.003 0"><span class='ocrx_word' id='word_1_189' title='bbox 76 2272 378 2312; x_wconf 86' lang='lat' dir='ltr'><em>Consecratione</em></span> <span class='ocrx_word' id='word_1_190' title='bbox 417 2271 648 2312; x_wconf 87' lang='lat' dir='ltr'><em>Monialium</em></span> <span class='ocrx_word' id='word_1_191' title='bbox 687 2271 737 2311; x_wconf 90' lang='lat' dir='ltr'><em>ad</em></span> <span class='ocrx_word' id='word_1_192' title='bbox 777 2271 1031 2310; x_wconf 84' lang='lat' dir='ltr'><em>Abbatissam</em></span> 
     </span>
     <span class='ocr_line' id='line_1_35' title="bbox 74 2331 1034 2386; baseline -0.003 -13"><span class='ocrx_word' id='word_1_193' title='bbox 74 2335 324 2386; x_wconf 84' lang='lat' dir='ltr'><em>Pergensem.</em></span> <span class='ocrx_word' id='word_1_194' title='bbox 342 2333 444 2373; x_wconf 89' lang='lat' dir='ltr'><em>Acta</em></span> <span class='ocrx_word' id='word_1_195' title='bbox 461 2332 700 2374; x_wconf 85' lang='lat' dir='ltr'><em>Visitationis</em></span> <span class='ocrx_word' id='word_1_196' title='bbox 719 2337 758 2372; x_wconf 93' lang='lat' dir='ltr'><em>et</em></span> <span class='ocrx_word' id='word_1_197' title='bbox 775 2331 1034 2385; x_wconf 83' lang='lat' dir='ltr'><em>Reformatio-</em></span> 
     </span>
     <span class='ocr_line' id='line_1_36' title="bbox 75 2393 1033 2445; baseline -0.002 -11"><span class='ocrx_word' id='word_1_198' title='bbox 75 2395 138 2436; x_wconf 84' lang='lat' dir='ltr'><em>nis</em></span> <span class='ocrx_word' id='word_1_199' title='bbox 159 2395 420 2435; x_wconf 80' lang='lat' dir='ltr'><em>Parthenonis</em></span> <span class='ocrx_word' id='word_1_200' title='bbox 447 2397 487 2436; x_wconf 91' lang='lat' dir='ltr'><em>S.</em></span> <span class='ocrx_word' id='word_1_201' title='bbox 523 2395 680 2437; x_wconf 81' lang='lat' dir='ltr'><em>Mariae</em></span> <span class='ocrx_word' id='word_1_202' title='bbox 715 2393 1033 2445; x_wconf 76' lang='lat' dir='ltr'><em>Suneburyensis</em></span> 
     </span>
     <span class='ocr_line' id='line_1_37' title="bbox 77 2456 1031 2507; baseline -0.004 -10"><span class='ocrx_word' id='word_1_203' title='bbox 77 2457 152 2497; x_wconf 89' lang='lat' dir='ltr'><em>An.</em></span> <span class='ocrx_word' id='word_1_204' title='bbox 177 2459 291 2498; x_wconf 71' lang='lat'><em>⁴455.</em></span> <span class='ocrx_word' id='word_1_205' title='bbox 317 2460 528 2497; x_wconf 87' lang='lat' dir='ltr'><em>Tractatus</em></span> <span class='ocrx_word' id='word_1_206' title='bbox 551 2458 650 2496; x_wconf 89' lang='lat' dir='ltr'><em>varii</em></span> <span class='ocrx_word' id='word_1_207' title='bbox 691 2456 739 2496; x_wconf 85' lang='lat' dir='ltr'><em>de</em></span> <span class='ocrx_word' id='word_1_208' title='bbox 769 2458 1031 2507; x_wconf 87' lang='lat' dir='ltr'><em>Paupertate,</em></span> 
     </span>
     <span class='ocr_line' id='line_1_38' title="bbox 80 2516 1030 2570; baseline -0.002 -13"><span class='ocrx_word' id='word_1_209' title='bbox 80 2517 326 2568; x_wconf 83' lang='lat' dir='ltr'><em>Obedientia,</em></span> <span class='ocrx_word' id='word_1_210' title='bbox 363 2519 575 2567; x_wconf 76' lang='lat' dir='ltr'><em>Patientia,</em></span> <span class='ocrx_word' id='word_1_211' title='bbox 600 2518 769 2570; x_wconf 85' lang='lat' dir='ltr'><em>aliisque</em></span> <span class='ocrx_word' id='word_1_212' title='bbox 801 2516 1030 2557; x_wconf 87' lang='lat' dir='ltr'><em>Virtutibus.</em></span> 
     </span>
     <span class='ocr_line' id='line_1_39' title="bbox 82 2578 1036 2631; baseline -0.003 -11"><span class='ocrx_word' id='word_1_213' title='bbox 82 2581 300 2620; x_wconf 87' lang='lat' dir='ltr'><em>Declaratio</em></span> <span class='ocrx_word' id='word_1_214' title='bbox 313 2591 458 2631; x_wconf 88' lang='lat' dir='ltr'><em>passus</em></span> <span class='ocrx_word' id='word_1_215' title='bbox 474 2579 644 2631; x_wconf 70' lang='lat' dir='ltr'><em>Reyulae</em></span> <span class='ocrx_word' id='word_1_216' title='bbox 659 2582 698 2620; x_wconf 93' lang='lat' dir='ltr'><em>S.</em></span> <span class='ocrx_word' id='word_1_217' title='bbox 718 2578 925 2619; x_wconf 85' lang='lat' dir='ltr'><em>Benedicti.</em></span> <span class='ocrx_word' id='word_1_218' title='bbox 942 2580 1036 2617; x_wconf 89' lang='lat' dir='ltr'><em>Tra-</em></span> 
     </span>
     <span class='ocr_line' id='line_1_40' title="bbox 76 2639 1036 2692; baseline -0.004 -10"><span class='ocrx_word' id='word_1_219' title='bbox 76 2646 208 2683; x_wconf 87' lang='lat' dir='ltr'><em>ctatus</em></span> <span class='ocrx_word' id='word_1_220' title='bbox 225 2645 364 2680; x_wconf 88' lang='lat' dir='ltr'><em>contra</em></span> <span class='ocrx_word' id='word_1_221' title='bbox 377 2641 608 2681; x_wconf 88' lang='lat' dir='ltr'><em>damnatum</em></span> <span class='ocrx_word' id='word_1_222' title='bbox 620 2641 762 2680; x_wconf 87' lang='lat' dir='ltr'><em>vitium</em></span> <span class='ocrx_word' id='word_1_223' title='bbox 777 2639 1036 2692; x_wconf 84' lang='lat' dir='ltr'><em>Proprietatis</em></span> 
     </span>
     <span class='ocr_line' id='line_1_41' title="bbox 79 2702 378 2755; baseline -0.007 -11"><span class='ocrx_word' id='word_1_224' title='bbox 79 2702 378 2755; x_wconf 77' lang='lat' dir='ltr'><em>Reliyiosorum.</em></span> 
     </span>
    </p>

    <p class='ocr_par' dir='ltr' id='par_1_3' title="bbox 77 2763 1037 3128">
     <span class='ocr_line' id='line_1_42' title="bbox 129 2763 1036 2814; baseline -0.006 -8"><span class='ocrx_word' id='word_1_225' title='bbox 129 2765 427 2806; x_wconf 85' lang='lat' dir='ltr'><em>BERNARDUS</em></span> <span class='ocrx_word' id='word_1_226' title='bbox 448 2763 618 2811; x_wconf 87' lang='lat' dir='ltr'><em>Balbus,</em></span> <span class='ocrx_word' id='word_1_227' title='bbox 642 2776 693 2803; x_wconf 77' lang='lat' dir='ltr'><em>ex</em></span> <span class='ocrx_word' id='word_1_228' title='bbox 712 2766 929 2803; x_wconf 87' lang='lat' dir='ltr'><em>Faventino</em></span> <span class='ocrx_word' id='word_1_229' title='bbox 944 2764 1036 2814; x_wconf 88' lang='lat' dir='ltr'><em>Epi-</em></span> 
     </span>
     <span class='ocr_line' id='line_1_43' title="bbox 79 2825 1033 2880; baseline -0.005 -12"><span class='ocrx_word' id='word_1_230' title='bbox 79 2839 225 2880; x_wconf 84' lang='lat' dir='ltr'><em>scopus</em></span> <span class='ocrx_word' id='word_1_231' title='bbox 248 2828 296 2867; x_wconf 87' lang='lat' dir='ltr'><em>ab</em></span> <span class='ocrx_word' id='word_1_232' title='bbox 318 2828 392 2867; x_wconf 92' lang='lat' dir='ltr'><em>An.</em></span> <span class='ocrx_word' id='word_1_233' title='bbox 415 2828 516 2868; x_wconf 90' lang='grc'><strong>4498</strong></span> <span class='ocrx_word' id='word_1_234' title='bbox 527 2827 749 2878; x_wconf 80' lang='lat' dir='ltr'><em>papiensis,</em></span> <span class='ocrx_word' id='word_1_235' title='bbox 774 2827 841 2876; x_wconf 89' lang='lat' dir='ltr'><em>qui</em></span> <span class='ocrx_word' id='word_1_236' title='bbox 864 2825 907 2864; x_wconf 92' lang='lat' dir='ltr'><em>A.</em></span> <span class='ocrx_word' id='word_1_237' title='bbox 931 2826 1033 2864; x_wconf 71' lang='lat'><em>42¹3</em></span> 
     </span>
     <span class='ocr_line' id='line_1_44' title="bbox 77 2885 1037 2941; baseline -0.005 -12"><span class='ocrx_word' id='word_1_238' title='bbox 77 2891 188 2939; x_wconf 89' lang='lat' dir='ltr'><em>obiit,</em></span> <span class='ocrx_word' id='word_1_239' title='bbox 212 2891 250 2929; x_wconf 95' lang='lat' dir='ltr'><em>in</em></span> <span class='ocrx_word' id='word_1_240' title='bbox 280 2889 599 2941; x_wconf 87' lang='lat' dir='ltr'><em>Jurisprudentia</em></span> <span class='ocrx_word' id='word_1_241' title='bbox 621 2888 819 2927; x_wconf 89' lang='lat' dir='ltr'><em>Canonica</em></span> <span class='ocrx_word' id='word_1_242' title='bbox 853 2885 1037 2925; x_wconf 89' lang='lat' dir='ltr'><em>doctissi-</em></span> 
     </span>
     <span class='ocr_line' id='line_1_45' title="bbox 81 2948 1037 3003; baseline -0.006 -12"><span class='ocrx_word' id='word_1_243' title='bbox 81 2963 189 3000; x_wconf 91' lang='lat' dir='ltr'><em>mus,</em></span> <span class='ocrx_word' id='word_1_244' title='bbox 213 2953 388 3003; x_wconf 91' lang='lat' dir='ltr'><em>quinque</em></span> <span class='ocrx_word' id='word_1_245' title='bbox 413 2951 530 2990; x_wconf 91' lang='lat' dir='ltr'><em>libros</em></span> <span class='ocrx_word' id='word_1_246' title='bbox 552 2950 601 2989; x_wconf 89' lang='lat' dir='ltr'><em>de</em></span> <span class='ocrx_word' id='word_1_247' title='bbox 625 2950 689 2988; x_wconf 89' lang='lat' dir='ltr'><em>illa</em></span> <span class='ocrx_word' id='word_1_248' title='bbox 712 2948 895 2987; x_wconf 81' lang='lat' dir='ltr'><em>facultate</em></span> <span class='ocrx_word' id='word_1_249' title='bbox 930 2959 1037 2986; x_wconf 87' lang='lat' dir='ltr'><em>com-</em></span> 
     </span>
     <span class='ocr_line' id='line_1_46' title="bbox 82 3010 1037 3066; baseline -0.005 -12"><span class='ocrx_word' id='word_1_250' title='bbox 82 3016 214 3066; x_wconf 90' lang='lat' dir='ltr'><em>posuit</em></span> <span class='ocrx_word' id='word_1_251' title='bbox 236 3018 341 3054; x_wconf 87' lang='lat' dir='ltr'><em>teste</em></span> <span class='ocrx_word' id='word_1_252' title='bbox 366 3014 528 3066; x_wconf 87' lang='lat' dir='ltr'><em>Ughello</em></span> <span class='ocrx_word' id='word_1_253' title='bbox 557 3018 662 3051; x_wconf 91' lang='lat' dir='ltr'><em>tomo</em></span> <span class='ocrx_word' id='word_1_254' title='bbox 691 3012 706 3050; x_wconf 93' lang='lat'><em>1</em></span> <span class='ocrx_word' id='word_1_255' title='bbox 735 3011 867 3049; x_wconf 86' lang='lat' dir='ltr'><em>ltaliae</em></span> <span class='ocrx_word' id='word_1_256' title='bbox 897 3010 1037 3049; x_wconf 82' lang='lat' dir='ltr'><em>Sacrae</em></span> 
     </span>
     <span class='ocr_line' id='line_1_47' title="bbox 84 3076 314 3128; baseline 0 -13"><span class='ocrx_word' id='word_1_257' title='bbox 84 3087 171 3128; x_wconf 86' lang='lat' dir='ltr'><em>pag.</em></span> <span class='ocrx_word' id='word_1_258' title='bbox 198 3076 314 3116; x_wconf 87' lang='grc'><strong>4097.</strong></span> 
     </span>
    </p>

    <p class='ocr_par' dir='ltr' id='par_1_4' title="bbox 85 3135 1042 3375">
     <span class='ocr_line' id='line_1_48' title="bbox 138 3135 1042 3185; baseline -0.009 -6"><span class='ocrx_word' id='word_1_259' title='bbox 138 3138 435 3178; x_wconf 84' lang='lat' dir='ltr'><em>BERNARDUS</em></span> <span class='ocrx_word' id='word_1_260' title='bbox 450 3137 633 3185; x_wconf 87' lang='lat' dir='ltr'><em>Basinus,</em></span> <span class='ocrx_word' id='word_1_261' title='bbox 644 3136 863 3176; x_wconf 89' lang='lat' dir='ltr'><em>Canonicus</em></span> <span class='ocrx_word' id='word_1_262' title='bbox 880 3135 1042 3173; x_wconf 88' lang='lat' dir='ltr'><em>Cacsar-</em></span> 
     </span>
     <span class='ocr_line' id='line_1_49' title="bbox 85 3196 1040 3252; baseline -0.007 -12"><span class='ocrx_word' id='word_1_263' title='bbox 85 3199 345 3252; x_wconf 86' lang='lat' dir='ltr'><em>Augustanus</em></span> <span class='ocrx_word' id='word_1_264' title='bbox 370 3203 408 3239; x_wconf 90' lang='lat' dir='ltr'><em>in</em></span> <span class='ocrx_word' id='word_1_265' title='bbox 432 3201 631 3252; x_wconf 87' lang='lat' dir='ltr'><em>Hispania,</em></span> <span class='ocrx_word' id='word_1_266' title='bbox 657 3200 722 3249; x_wconf 83' lang='lat' dir='ltr'><em>qui</em></span> <span class='ocrx_word' id='word_1_267' title='bbox 747 3199 889 3236; x_wconf 81' lang='lat' dir='ltr'><em>Romae</em></span> <span class='ocrx_word' id='word_1_268' title='bbox 926 3196 1040 3234; x_wconf 81' lang='lat' dir='ltr'><em>Anno</em></span> 
     </span>
     <span class='ocr_line' id='line_1_50' title="bbox 89 3258 1042 3303; baseline -0.006 -2"><span class='ocrx_word' id='word_1_269' title='bbox 89 3263 182 3302; x_wconf 79' lang='grc'><strong>4494</strong></span> <span class='ocrx_word' id='word_1_270' title='bbox 211 3273 344 3303; x_wconf 89' lang='lat' dir='ltr'><em>coram</em></span> <span class='ocrx_word' id='word_1_271' title='bbox 366 3265 461 3303; x_wconf 80' lang='lat' dir='ltr'><em>XIX</em></span> <span class='ocrx_word' id='word_1_272' title='bbox 491 3261 762 3302; x_wconf 78' lang='lat' dir='ltr'><em>cardinalibus</em></span> <span class='ocrx_word' id='word_1_273' title='bbox 802 3258 922 3297; x_wconf 81' lang='lat' dir='ltr'><em>verba</em></span> <span class='ocrx_word' id='word_1_274' title='bbox 952 3258 1042 3296; x_wconf 68' lang='lat' dir='ltr'><em>fecit</em></span> 
     </span>
     <span class='ocr_line' id='line_1_51' title="bbox 87 3319 1041 3375; baseline -0.003 -13"><span class='ocrx_word' id='word_1_275' title='bbox 87 3335 181 3363; x_wconf 88' lang='lat' dir='ltr'><em>cum</em></span> <span class='ocrx_word' id='word_1_276' title='bbox 209 3325 342 3375; x_wconf 83' lang='lat' dir='ltr'><em>laude,</em></span> <span class='ocrx_word' id='word_1_277' title='bbox 384 3325 584 3375; x_wconf 86' lang='lat' dir='ltr'><em>ediditque</em></span> <span class='ocrx_word' id='word_1_278' title='bbox 622 3323 762 3364; x_wconf 82' lang='lat' dir='ltr'><em>librum</em></span> <span class='ocrx_word' id='word_1_279' title='bbox 799 3319 845 3359; x_wconf 78' lang='lat' dir='ltr'><em>cle</em></span> <span class='ocrx_word' id='word_1_280' title='bbox 884 3319 1041 3359; x_wconf 83' lang='lat' dir='ltr'><em>artibus</em></span> 
     </span>
    </p>
   </div>
   <div class='ocr_carea' id='block_1_3' title="bbox 1100 291 2070 3133">
    <p class='ocr_par' dir='ltr' id='par_1_5' title="bbox 1118 291 2069 456">
     <span class='ocr_line' id='line_1_52' title="bbox 1118 291 2069 346; baseline 0.007 -15"><span class='ocrx_word' id='word_1_281' title='bbox 1118 291 1284 342; x_wconf 76' lang='lat' dir='ltr'><em>Mayicis</em></span> <span class='ocrx_word' id='word_1_282' title='bbox 1327 295 1365 330; x_wconf 83' lang='lat' dir='ltr'><em>et</em></span> <span class='ocrx_word' id='word_1_283' title='bbox 1399 293 1606 344; x_wconf 72' lang='lat' dir='ltr'><em>Maqorum</em></span> <span class='ocrx_word' id='word_1_284' title='bbox 1647 292 1850 346; x_wconf 75' lang='lat' dir='ltr'><em>maleficiis</em></span> <span class='ocrx_word' id='word_1_285' title='bbox 1864 326 1875 345; x_wconf 92' lang='lat'><em>,</em></span> <span class='ocrx_word' id='word_1_286' title='bbox 1920 297 2069 338; x_wconf 88' lang='lat' dir='ltr'><em>editum</em></span> 
     </span>
     <span class='ocr_line' id='line_1_53' title="bbox 1118 355 2069 411; baseline 0.008 -20"><span class='ocrx_word' id='word_1_287' title='bbox 1118 355 1273 392; x_wconf 88' lang='lat' dir='ltr'><em>Parisiis</em></span> <span class='ocrx_word' id='word_1_288' title='bbox 1293 355 1396 394; x_wconf 82' lang='grc'><strong>4506</strong></span> <span class='ocrx_word' id='word_1_289' title='bbox 1412 355 1447 393; x_wconf 91' lang='lat'><em>8.</em></span> <span class='ocrx_word' id='word_1_290' title='bbox 1458 355 1703 394; x_wconf 82' lang='lat' dir='ltr'><em>Francofurti</em></span> <span class='ocrx_word' id='word_1_291' title='bbox 1724 357 1822 396; x_wconf 81' lang='grc'><strong>4580</strong></span> <span class='ocrx_word' id='word_1_292' title='bbox 1839 359 1875 396; x_wconf 90' lang='grc'><em>8.</em></span> <span class='ocrx_word' id='word_1_293' title='bbox 1888 359 2069 411; x_wconf 82' lang='lat' dir='ltr'><em>Lugduni</em></span> 
     </span>
     <span class='ocr_line' id='line_1_54' title="bbox 1120 417 1281 456; baseline -0.006 0"><span class='ocrx_word' id='word_1_294' title='bbox 1120 417 1221 456; x_wconf 73' lang='grc'><strong>4620</strong></span> <span class='ocrx_word' id='word_1_295' title='bbox 1245 418 1281 455; x_wconf 93' lang='grc'><em>8.</em></span> 
     </span>
    </p>

    <p class='ocr_par' dir='ltr' id='par_1_6' title="bbox 1115 479 2070 1324">
     <span class='ocr_line' id='line_1_55' title="bbox 1171 479 2070 528; baseline 0.006 -10"><span class='ocrx_word' id='word_1_296' title='bbox 1171 479 1488 528; x_wconf 86' lang='lat' dir='ltr'><em>BERNARDUS,</em></span> <span class='ocrx_word' id='word_1_297' title='bbox 1520 480 1606 519; x_wconf 88' lang='lat' dir='ltr'><em>aliis</em></span> <span class='ocrx_word' id='word_1_298' title='bbox 1643 481 1989 523; x_wconf 77' lang='lat' dir='ltr'><em>BERNARDINUS</em></span> <span class='ocrx_word' id='word_1_299' title='bbox 2021 483 2070 523; x_wconf 88' lang='lat' dir='ltr'><em>de</em></span> 
     </span>
     <span class='ocr_line' id='line_1_56' title="bbox 1118 541 2069 596; baseline 0.006 -18"><span class='ocrx_word' id='word_1_300' title='bbox 1118 541 1265 590; x_wconf 90' lang='lat' dir='ltr'><em>Bessa,</em></span> <span class='ocrx_word' id='word_1_301' title='bbox 1285 541 1509 592; x_wconf 89' lang='lat' dir='ltr'><em>Aquitanus</em></span> <span class='ocrx_word' id='word_1_302' title='bbox 1527 541 1684 580; x_wconf 83' lang='lat' dir='ltr'><em>Ordinis</em></span> <span class='ocrx_word' id='word_1_303' title='bbox 1703 544 1893 584; x_wconf 88' lang='lat' dir='ltr'><em>Minorum</em></span> <span class='ocrx_word' id='word_1_304' title='bbox 1908 577 1920 594; x_wconf 85' lang='lat'><em>,</em></span> <span class='ocrx_word' id='word_1_305' title='bbox 1941 546 2006 596; x_wconf 92' lang='lat' dir='ltr'><em>qui</em></span> <span class='ocrx_word' id='word_1_306' title='bbox 2028 545 2069 584; x_wconf 89' lang='lat' dir='ltr'><em>S.</em></span> 
     </span>
     <span class='ocr_line' id='line_1_57' title="bbox 1118 602 2068 656; baseline 0.004 -15"><span class='ocrx_word' id='word_1_307' title='bbox 1118 605 1417 642; x_wconf 89' lang='lat' dir='ltr'><em>Bonaventurae</em></span> <span class='ocrx_word' id='word_1_308' title='bbox 1440 602 1649 654; x_wconf 87' lang='lat' dir='ltr'><em>Speculum</em></span> <span class='ocrx_word' id='word_1_309' title='bbox 1670 604 1898 656; x_wconf 85' lang='lat' dir='ltr'><em>disciplinae</em></span> <span class='ocrx_word' id='word_1_310' title='bbox 1921 606 1970 646; x_wconf 87' lang='lat' dir='ltr'><em>ad</em></span> <span class='ocrx_word' id='word_1_311' title='bbox 1993 608 2068 647; x_wconf 85' lang='lat' dir='ltr'><em>No-</em></span> 
     </span>
     <span class='ocr_line' id='line_1_58' title="bbox 1116 665 2063 719; baseline 0.006 -17"><span class='ocrx_word' id='word_1_312' title='bbox 1116 667 1234 703; x_wconf 89' lang='lat' dir='ltr'><em>vitios</em></span> <span class='ocrx_word' id='word_1_313' title='bbox 1273 665 1496 710; x_wconf 80' lang='lat' dir='ltr'><em>recensuit,</em></span> <span class='ocrx_word' id='word_1_314' title='bbox 1523 669 1564 703; x_wconf 91' lang='lat' dir='ltr'><em>et</em></span> <span class='ocrx_word' id='word_1_315' title='bbox 1587 670 1741 715; x_wconf 87' lang='lat' dir='ltr'><em>praeter</em></span> <span class='ocrx_word' id='word_1_316' title='bbox 1775 668 1998 719; x_wconf 86' lang='lat' dir='ltr'><em>Legendam</em></span> <span class='ocrx_word' id='word_1_317' title='bbox 2019 670 2063 707; x_wconf 89' lang='lat' dir='ltr'><em>B.</em></span> 
     </span>
     <span class='ocr_line' id='line_1_59' title="bbox 1119 725 2066 781; baseline 0.004 -15"><span class='ocrx_word' id='word_1_318' title='bbox 1119 725 1396 777; x_wconf 78' lang='lat' dir='ltr'><em>Christopliori</em></span> <span class='ocrx_word' id='word_1_319' title='bbox 1409 725 1455 764; x_wconf 90' lang='lat' dir='ltr'><em>de</em></span> <span class='ocrx_word' id='word_1_320' title='bbox 1463 725 1717 765; x_wconf 83' lang='lat' dir='ltr'><em>Romandiola</em></span> <span class='ocrx_word' id='word_1_321' title='bbox 1733 729 1768 766; x_wconf 93' lang='lat' dir='ltr'><em>in</em></span> <span class='ocrx_word' id='word_1_322' title='bbox 1779 729 2066 781; x_wconf 89' lang='lat' dir='ltr'><em>Compendium</em></span> 
     </span>
     <span class='ocr_line' id='line_1_60' title="bbox 1117 787 2068 839; baseline 0.006 -13"><span class='ocrx_word' id='word_1_323' title='bbox 1117 789 1225 826; x_wconf 86' lang='lat' dir='ltr'><em>misit</em></span> <span class='ocrx_word' id='word_1_324' title='bbox 1247 787 1470 839; x_wconf 86' lang='lat' dir='ltr'><em>Legendam</em></span> <span class='ocrx_word' id='word_1_325' title='bbox 1489 789 1692 838; x_wconf 86' lang='lat' dir='ltr'><em>antiquam</em></span> <span class='ocrx_word' id='word_1_326' title='bbox 1714 790 1754 829; x_wconf 91' lang='lat' dir='ltr'><em>S.</em></span> <span class='ocrx_word' id='word_1_327' title='bbox 1768 791 1978 832; x_wconf 85' lang='lat' dir='ltr'><em>Francisci</em></span> <span class='ocrx_word' id='word_1_328' title='bbox 1996 793 2068 832; x_wconf 86' lang='lat' dir='ltr'><em>dif-</em></span> 
     </span>
     <span class='ocr_line' id='line_1_61' title="bbox 1118 850 2067 903; baseline 0.005 -15"><span class='ocrx_word' id='word_1_329' title='bbox 1118 850 1244 888; x_wconf 78' lang='lat' dir='ltr'><em>fusius</em></span> <span class='ocrx_word' id='word_1_330' title='bbox 1279 850 1466 899; x_wconf 86' lang='lat' dir='ltr'><em>scriptam</em></span> <span class='ocrx_word' id='word_1_331' title='bbox 1499 861 1521 889; x_wconf 90' lang='lat' dir='ltr'><em>a</em></span> <span class='ocrx_word' id='word_1_332' title='bbox 1557 850 1707 889; x_wconf 87' lang='lat' dir='ltr'><em>Thoma</em></span> <span class='ocrx_word' id='word_1_333' title='bbox 1729 851 1778 889; x_wconf 89' lang='lat' dir='ltr'><em>de</em></span> <span class='ocrx_word' id='word_1_334' title='bbox 1811 853 2021 903; x_wconf 86' lang='lat' dir='ltr'><em>Ceperano.</em></span> <span class='ocrx_word' id='word_1_335' title='bbox 2046 856 2067 877; x_wconf 75' lang='lat'>*</span> 
     </span>
     <span class='ocr_line' id='line_1_62' title="bbox 1116 910 2069 965; baseline 0.006 -16"><span class='ocrx_word' id='word_1_336' title='bbox 1116 912 1216 950; x_wconf 91' lang='lat' dir='ltr'><em>Tum</em></span> <span class='ocrx_word' id='word_1_337' title='bbox 1239 914 1395 962; x_wconf 87' lang='lat' dir='ltr'><em>praeter</em></span> <span class='ocrx_word' id='word_1_338' title='bbox 1416 910 1714 963; x_wconf 89' lang='lat' dir='ltr'><em>Apologeticum</em></span> <span class='ocrx_word' id='word_1_339' title='bbox 1737 913 1786 952; x_wconf 89' lang='lat' dir='ltr'><em>de</em></span> <span class='ocrx_word' id='word_1_340' title='bbox 1808 917 2004 965; x_wconf 83' lang='lat' dir='ltr'><em>proposito</em></span> <span class='ocrx_word' id='word_1_341' title='bbox 2027 922 2069 955; x_wconf 87' lang='lat' dir='ltr'><em>et</em></span> 
     </span>
     <span class='ocr_line' id='line_1_63' title="bbox 1116 973 2066 1026; baseline 0.004 -14"><span class='ocrx_word' id='word_1_342' title='bbox 1116 974 1193 1012; x_wconf 88' lang='lat' dir='ltr'><em>fine</em></span> <span class='ocrx_word' id='word_1_343' title='bbox 1216 973 1375 1024; x_wconf 85' lang='lat' dir='ltr'><em>regulae</em></span> <span class='ocrx_word' id='word_1_344' title='bbox 1402 974 1621 1021; x_wconf 88' lang='lat' dir='ltr'><em>Minorum,</em></span> <span class='ocrx_word' id='word_1_345' title='bbox 1656 976 1814 1026; x_wconf 89' lang='lat' dir='ltr'><em>scripsit</em></span> <span class='ocrx_word' id='word_1_346' title='bbox 1850 976 1992 1016; x_wconf 89' lang='lat' dir='ltr'><em>librum</em></span> <span class='ocrx_word' id='word_1_347' title='bbox 2017 977 2066 1016; x_wconf 81' lang='lat' dir='ltr'><em>de</em></span> 
     </span>
     <span class='ocr_line' id='line_1_64' title="bbox 1115 1035 2070 1088; baseline 0.004 -14"><span class='ocrx_word' id='word_1_348' title='bbox 1115 1036 1256 1088; x_wconf 88' lang='lat' dir='ltr'><em>triplici</em></span> <span class='ocrx_word' id='word_1_349' title='bbox 1277 1040 1384 1074; x_wconf 88' lang='lat' dir='ltr'><em>statu</em></span> <span class='ocrx_word' id='word_1_350' title='bbox 1407 1035 1617 1085; x_wconf 80' lang='lat' dir='ltr'><em>Religionis</em></span> <span class='ocrx_word' id='word_1_351' title='bbox 1641 1035 1678 1074; x_wconf 90' lang='lat' dir='ltr'><em>S.</em></span> <span class='ocrx_word' id='word_1_352' title='bbox 1703 1037 1923 1086; x_wconf 87' lang='lat' dir='ltr'><em>Francisci,</em></span> <span class='ocrx_word' id='word_1_353' title='bbox 1947 1038 2070 1078; x_wconf 81' lang='lat' dir='ltr'><em>Mino-</em></span> 
     </span>
     <span class='ocr_line' id='line_1_65' title="bbox 1115 1096 2070 1151; baseline 0.003 -15"><span class='ocrx_word' id='word_1_354' title='bbox 1115 1110 1229 1146; x_wconf 87' lang='lat' dir='ltr'><em>rum,</em></span> <span class='ocrx_word' id='word_1_355' title='bbox 1254 1096 1530 1150; x_wconf 25' lang='lat' dir='ltr'><em>·Clarissarum</em></span> <span class='ocrx_word' id='word_1_356' title='bbox 1553 1101 1593 1136; x_wconf 92' lang='lat' dir='ltr'><em>et</em></span> <span class='ocrx_word' id='word_1_357' title='bbox 1616 1097 1911 1148; x_wconf 85' lang='lat' dir='ltr'><em>Poenitentium,</em></span> <span class='ocrx_word' id='word_1_358' title='bbox 1937 1101 1975 1138; x_wconf 92' lang='lat' dir='ltr'><em>in</em></span> <span class='ocrx_word' id='word_1_359' title='bbox 1991 1112 2070 1151; x_wconf 91' lang='lat' dir='ltr'><em>quo</em></span> 
     </span>
     <span class='ocr_line' id='line_1_66' title="bbox 1116 1159 2070 1213; baseline 0.003 -14"><span class='ocrx_word' id='word_1_360' title='bbox 1116 1164 1156 1199; x_wconf 89' lang='lat' dir='ltr'><em>et</em></span> <span class='ocrx_word' id='word_1_361' title='bbox 1172 1159 1652 1200; x_wconf 89' lang='lat' dir='ltr'><em>ChroniconGeneralium</em></span> <span class='ocrx_word' id='word_1_362' title='bbox 1665 1161 1931 1200; x_wconf 87' lang='lat' dir='ltr'><em>Ministrorum</em></span> <span class='ocrx_word' id='word_1_363' title='bbox 1942 1174 2070 1213; x_wconf 88' lang='lat' dir='ltr'><em>usque</em></span> 
     </span>
     <span class='ocr_line' id='line_1_67' title="bbox 1115 1221 2070 1272; baseline 0.003 -11"><span class='ocrx_word' id='word_1_364' title='bbox 1115 1222 1164 1261; x_wconf 90' lang='lat' dir='ltr'><em>ad</em></span> <span class='ocrx_word' id='word_1_365' title='bbox 1183 1222 1500 1272; x_wconf 85' lang='lat' dir='ltr'><em>Bonamgratiam</em></span> <span class='ocrx_word' id='word_1_366' title='bbox 1537 1221 1770 1261; x_wconf 88' lang='lat' dir='ltr'><em>Generalem</em></span> <span class='ocrx_word' id='word_1_367' title='bbox 1793 1223 1992 1263; x_wconf 85' lang='lat' dir='ltr'><em>decimum</em></span> <span class='ocrx_word' id='word_1_368' title='bbox 2020 1225 2070 1264; x_wconf 92' lang='lat' dir='ltr'><em>ab</em></span> 
     </span>
     <span class='ocr_line' id='line_1_68' title="bbox 1115 1284 1367 1324; baseline -0.008 0"><span class='ocrx_word' id='word_1_369' title='bbox 1115 1285 1229 1324; x_wconf 90' lang='lat' dir='ltr'><em>Anno</em></span> <span class='ocrx_word' id='word_1_370' title='bbox 1253 1284 1367 1323; x_wconf 72' lang='lat'><em>4279.</em></span> 
     </span>
    </p>

    <p class='ocr_par' dir='ltr' id='par_1_7' title="bbox 1100 1345 2069 2515">
     <span class='ocr_line' id='line_1_69' title="bbox 1166 1345 2068 1396; baseline 0.002 -11"><span class='ocrx_word' id='word_1_371' title='bbox 1166 1346 1464 1386; x_wconf 84' lang='lat' dir='ltr'><em>BERNARDUS</em></span> <span class='ocrx_word' id='word_1_372' title='bbox 1501 1345 1548 1385; x_wconf 84' lang='lat' dir='ltr'><em>de</em></span> <span class='ocrx_word' id='word_1_373' title='bbox 1583 1347 1622 1386; x_wconf 92' lang='lat' dir='ltr'><em>S.</em></span> <span class='ocrx_word' id='word_1_374' title='bbox 1658 1345 1808 1396; x_wconf 76' lang='lat' dir='ltr'><em>Blasio,</em></span> <span class='ocrx_word' id='word_1_375' title='bbox 1833 1347 1919 1386; x_wconf 85' lang='lat' dir='ltr'><em>aliis</em></span> <span class='ocrx_word' id='word_1_376' title='bbox 1953 1349 2068 1387; x_wconf 72' lang='lat' dir='ltr'>BER-</span> 
     </span>
     <span class='ocr_line' id='line_1_70' title="bbox 1114 1409 2067 1459; baseline -0.001 -10"><span class='ocrx_word' id='word_1_377' title='bbox 1114 1409 1337 1458; x_wconf 78' lang='lat' dir='ltr'><em>NALDUS,</em></span> <span class='ocrx_word' id='word_1_378' title='bbox 1361 1409 1602 1459; x_wconf 87' lang='lat' dir='ltr'><em>Germanus,</em></span> <span class='ocrx_word' id='word_1_379' title='bbox 1627 1410 1729 1448; x_wconf 89' lang='lat' dir='ltr'><em>circa</em></span> <span class='ocrx_word' id='word_1_380' title='bbox 1765 1409 1926 1449; x_wconf 87' lang='lat' dir='ltr'><em>Annum</em></span> <span class='ocrx_word' id='word_1_381' title='bbox 1964 1411 2067 1450; x_wconf 90' lang='grc'><strong>4060</strong></span> 
     </span>
     <span class='ocr_line' id='line_1_71' title="bbox 1114 1471 2069 1524; baseline 0 -13"><span class='ocrx_word' id='word_1_382' title='bbox 1114 1473 1273 1524; x_wconf 86' lang='lat' dir='ltr'><em>scripsit</em></span> <span class='ocrx_word' id='word_1_383' title='bbox 1295 1476 1430 1510; x_wconf 90' lang='lat' dir='ltr'><em>contra</em></span> <span class='ocrx_word' id='word_1_384' title='bbox 1451 1471 1631 1511; x_wconf 89' lang='lat' dir='ltr'><em>Schisma</em></span> <span class='ocrx_word' id='word_1_385' title='bbox 1649 1502 1656 1521; x_wconf 89' lang='lat'>‚</span> <span class='ocrx_word' id='word_1_386' title='bbox 1680 1472 1848 1522; x_wconf 87' lang='lat' dir='ltr'><em>aliaque,</em></span> <span class='ocrx_word' id='word_1_387' title='bbox 1869 1483 1969 1523; x_wconf 89' lang='lat' dir='ltr'><em>quae</em></span> <span class='ocrx_word' id='word_1_388' title='bbox 1988 1485 2069 1511; x_wconf 88' lang='lat' dir='ltr'><em>non</em></span> 
     </span>
     <span class='ocr_line' id='line_1_72' title="bbox 1112 1534 2066 1587; baseline -0.002 -13"><span class='ocrx_word' id='word_1_389' title='bbox 1112 1546 1211 1587; x_wconf 92' lang='lat' dir='ltr'><em>opus</em></span> <span class='ocrx_word' id='word_1_390' title='bbox 1226 1535 1372 1573; x_wconf 86' lang='lat' dir='ltr'><em>referre</em></span> <span class='ocrx_word' id='word_1_391' title='bbox 1395 1545 1486 1572; x_wconf 92' lang='lat' dir='ltr'><em>cum</em></span> <span class='ocrx_word' id='word_1_392' title='bbox 1501 1535 1666 1584; x_wconf 88' lang='lat' dir='ltr'><em>repetita</em></span> <span class='ocrx_word' id='word_1_393' title='bbox 1684 1534 1820 1572; x_wconf 84' lang='lat' dir='ltr'><em>iisdem</em></span> <span class='ocrx_word' id='word_1_394' title='bbox 1841 1535 1972 1573; x_wconf 84' lang='lat' dir='ltr'><em>verbis</em></span> <span class='ocrx_word' id='word_1_395' title='bbox 1990 1535 2066 1585; x_wconf 80' lang='lat' dir='ltr'><em>legi</em></span> 
     </span>
     <span class='ocr_line' id='line_1_73' title="bbox 1112 1595 2065 1649; baseline -0.001 -14"><span class='ocrx_word' id='word_1_396' title='bbox 1112 1598 1266 1649; x_wconf 85' lang='lat' dir='ltr'><em>possint</em></span> <span class='ocrx_word' id='word_1_397' title='bbox 1274 1595 1377 1647; x_wconf 90' lang='lat' dir='ltr'><em>apud</em></span> <span class='ocrx_word' id='word_1_398' title='bbox 1392 1596 1556 1634; x_wconf 86' lang='lat' dir='ltr'><em>Gesner.</em></span> <span class='ocrx_word' id='word_1_399' title='bbox 1573 1595 2065 1643; x_wconf 89' lang='lat' dir='ltr'><em>Simlerum,Possevinum</em></span> 
     </span>
     <span class='ocr_line' id='line_1_74' title="bbox 1110 1657 2065 1708; baseline -0.003 -9"><span class='ocrx_word' id='word_1_400' title='bbox 1110 1658 1428 1699; x_wconf 89' lang='lat' dir='ltr'><em>Hendreichium.</em></span> <span class='ocrx_word' id='word_1_401' title='bbox 1467 1657 1640 1708; x_wconf 87' lang='lat' dir='ltr'><em>Apparet</em></span> <span class='ocrx_word' id='word_1_402' title='bbox 1678 1661 1811 1696; x_wconf 88' lang='lat' dir='ltr'><em>autem</em></span> <span class='ocrx_word' id='word_1_403' title='bbox 1851 1657 1957 1696; x_wconf 92' lang='lat' dir='ltr'><em>hunc</em></span> <span class='ocrx_word' id='word_1_404' title='bbox 1986 1669 2065 1696; x_wconf 86' lang='lat' dir='ltr'><em>non</em></span> 
     </span>
     <span class='ocr_line' id='line_1_75' title="bbox 1110 1718 2063 1770; baseline -0.003 -9"><span class='ocrx_word' id='word_1_405' title='bbox 1110 1723 1314 1761; x_wconf 89' lang='lat' dir='ltr'><em>diversum</em></span> <span class='ocrx_word' id='word_1_406' title='bbox 1347 1731 1436 1759; x_wconf 89' lang='lat' dir='ltr'><em>esse</em></span> <span class='ocrx_word' id='word_1_407' title='bbox 1459 1731 1481 1759; x_wconf 92' lang='lat' dir='ltr'><em>a</em></span> <span class='ocrx_word' id='word_1_408' title='bbox 1504 1718 1795 1768; x_wconf 85' lang='lat' dir='ltr'><em>BERNALDO,</em></span> <span class='ocrx_word' id='word_1_409' title='bbox 1829 1721 2063 1770; x_wconf 82' lang='lat' dir='ltr'><em>Presbytero</em></span> 
     </span>
     <span class='ocr_line' id='line_1_76' title="bbox 1110 1781 2063 1833; baseline -0.003 -9"><span class='ocrx_word' id='word_1_410' title='bbox 1110 1783 1430 1830; x_wconf 87' lang='lat' dir='ltr'><em>Constantiensi,</em></span> <span class='ocrx_word' id='word_1_411' title='bbox 1453 1781 1569 1832; x_wconf 87' lang='lat' dir='ltr'><em>cujus</em></span> <span class='ocrx_word' id='word_1_412' title='bbox 1591 1782 1786 1832; x_wconf 85' lang='lat' dir='ltr'><em>quaedam</em></span> <span class='ocrx_word' id='word_1_413' title='bbox 1814 1783 1975 1833; x_wconf 86' lang='lat' dir='ltr'><em>vulgata</em></span> <span class='ocrx_word' id='word_1_414' title='bbox 1994 1794 2063 1821; x_wconf 88' lang='lat' dir='ltr'><em>ex-</em></span> 
     </span>
     <span class='ocr_line' id='line_1_77' title="bbox 1108 1845 2060 1896; baseline -0.003 -11"><span class='ocrx_word' id='word_1_415' title='bbox 1108 1850 1216 1886; x_wconf 90' lang='lat' dir='ltr'><em>stant</em></span> <span class='ocrx_word' id='word_1_416' title='bbox 1239 1857 1260 1884; x_wconf 88' lang='lat' dir='ltr'><em>a</em></span> <span class='ocrx_word' id='word_1_417' title='bbox 1284 1845 1514 1885; x_wconf 83' lang='lat' dir='ltr'><em>Sebastiano</em></span> <span class='ocrx_word' id='word_1_418' title='bbox 1538 1845 1771 1896; x_wconf 87' lang='lat' dir='ltr'><em>Tegnagelio</em></span> <span class='ocrx_word' id='word_1_419' title='bbox 1795 1845 1834 1882; x_wconf 93' lang='lat' dir='ltr'><em>in</em></span> <span class='ocrx_word' id='word_1_420' title='bbox 1856 1845 2060 1883; x_wconf 90' lang='lat' dir='ltr'><em>veteribus</em></span> 
     </span>
     <span class='ocr_line' id='line_1_78' title="bbox 1102 1907 2060 1959; baseline -0.003 -12"><span class='ocrx_word' id='word_1_421' title='bbox 1102 1920 1172 1959; x_wconf 92' lang='lat' dir='ltr'><em>pro</em></span> <span class='ocrx_word' id='word_1_422' title='bbox 1208 1908 1393 1958; x_wconf 82' lang='lat' dir='ltr'><em>Gregorio</em></span> <span class='ocrx_word' id='word_1_423' title='bbox 1421 1907 1489 1945; x_wconf 90' lang='lat' dir='ltr'><em>V11</em></span> <span class='ocrx_word' id='word_1_424' title='bbox 1524 1910 1564 1945; x_wconf 89' lang='lat' dir='ltr'><em>et</em></span> <span class='ocrx_word' id='word_1_425' title='bbox 1599 1911 1736 1945; x_wconf 90' lang='lat' dir='ltr'><em>contra</em></span> <span class='ocrx_word' id='word_1_426' title='bbox 1778 1907 2060 1945; x_wconf 89' lang='lat' dir='ltr'><em>Schismaticos</em></span> 
     </span>
     <span class='ocr_line' id='line_1_79' title="bbox 1103 1967 2058 2020; baseline -0.004 -10"><span class='ocrx_word' id='word_1_427' title='bbox 1103 1971 1396 2017; x_wconf 89' lang='lat' dir='ltr'><em>monumentis,</em></span> <span class='ocrx_word' id='word_1_428' title='bbox 1419 1968 1647 2020; x_wconf 88' lang='lat' dir='ltr'><em>lngolstadii</em></span> <span class='ocrx_word' id='word_1_429' title='bbox 1673 1969 1787 2015; x_wconf 71' lang='lat'><em>4612,</em></span> <span class='ocrx_word' id='word_1_430' title='bbox 1810 1967 1845 2016; x_wconf 70' lang='lat' dir='ltr'><em>li,</em></span> <span class='ocrx_word' id='word_1_431' title='bbox 1869 1970 2058 2007; x_wconf 89' lang='lat' dir='ltr'><em>nimirum</em></span> 
     </span>
     <span class='ocr_line' id='line_1_80' title="bbox 1100 2029 2056 2076; baseline -0.002 -6"><span class='ocrx_word' id='word_1_432' title='bbox 1100 2032 1146 2070; x_wconf 88' lang='lat' dir='ltr'><em>de</em></span> <span class='ocrx_word' id='word_1_433' title='bbox 1161 2031 1324 2072; x_wconf 88' lang='lat' dir='ltr'><em>vitanda</em></span> <span class='ocrx_word' id='word_1_434' title='bbox 1332 2029 1762 2070; x_wconf 78' lang='lat' dir='ltr'><em>eaecommunicatorum</em></span> <span class='ocrx_word' id='word_1_435' title='bbox 1777 2029 2056 2076; x_wconf 86' lang='lat' dir='ltr'><em>communione,</em></span> 
     </span>
     <span class='ocr_line' id='line_1_81' title="bbox 1101 2091 2057 2143; baseline -0.006 -9"><span class='ocrx_word' id='word_1_436' title='bbox 1101 2094 1148 2134; x_wconf 87' lang='lat' dir='ltr'><em>de</em></span> <span class='ocrx_word' id='word_1_437' title='bbox 1168 2092 1482 2134; x_wconf 86' lang='lat' dir='ltr'><em>reconciliatione</em></span> <span class='ocrx_word' id='word_1_438' title='bbox 1517 2091 1721 2143; x_wconf 89' lang='lat' dir='ltr'><em>lapsorum</em></span> <span class='ocrx_word' id='word_1_439' title='bbox 1740 2095 1778 2131; x_wconf 91' lang='lat' dir='ltr'><em>et</em></span> <span class='ocrx_word' id='word_1_440' title='bbox 1793 2091 1839 2130; x_wconf 86' lang='lat' dir='ltr'><em>de</em></span> <span class='ocrx_word' id='word_1_441' title='bbox 1867 2091 2057 2132; x_wconf 87' lang='lat' dir='ltr'><em>Concilio-</em></span> 
     </span>
     <span class='ocr_line' id='line_1_82' title="bbox 1101 2153 2057 2205; baseline -0.004 -10"><span class='ocrx_word' id='word_1_442' title='bbox 1101 2169 1218 2205; x_wconf 89' lang='lat' dir='ltr'><em>rum,</em></span> <span class='ocrx_word' id='word_1_443' title='bbox 1242 2157 1525 2203; x_wconf 88' lang='lat' dir='ltr'><em>Decretorum,</em></span> <span class='ocrx_word' id='word_1_444' title='bbox 1545 2153 1835 2202; x_wconf 85' lang='lat' dir='ltr'><em>Decretalium,</em></span> <span class='ocrx_word' id='word_1_445' title='bbox 1860 2153 2057 2205; x_wconf 88' lang='lat' dir='ltr'><em>ipsorum-</em></span> 
     </span>
     <span class='ocr_line' id='line_1_83' title="bbox 1101 2214 2060 2272; baseline -0.005 -14"><span class='ocrx_word' id='word_1_446' title='bbox 1101 2231 1176 2272; x_wconf 82' lang='lat' dir='ltr'><em>que</em></span> <span class='ocrx_word' id='word_1_447' title='bbox 1191 2218 1419 2271; x_wconf 82' lang='lat' dir='ltr'><em>Pontificum</em></span> <span class='ocrx_word' id='word_1_448' title='bbox 1427 2220 1692 2257; x_wconf 89' lang='lat' dir='ltr'><em>Romanorum</em></span> <span class='ocrx_word' id='word_1_449' title='bbox 1704 2215 1939 2254; x_wconf 83' lang='lat' dir='ltr'><em>auctoritate</em></span> <span class='ocrx_word' id='word_1_450' title='bbox 1948 2214 2060 2254; x_wconf 89' lang='lat' dir='ltr'><em>liber.</em></span> 
     </span>
     <span class='ocr_line' id='line_1_84' title="bbox 1104 2278 2060 2330; baseline -0.006 -9"><span class='ocrx_word' id='word_1_451' title='bbox 1104 2283 1268 2321; x_wconf 87' lang='lat' dir='ltr'><em>Caetera</em></span> <span class='ocrx_word' id='word_1_452' title='bbox 1298 2282 1488 2326; x_wconf 89' lang='lat' dir='ltr'><em>aliorum,</em></span> <span class='ocrx_word' id='word_1_453' title='bbox 1527 2290 1628 2330; x_wconf 91' lang='lat' dir='ltr'><em>quae</em></span> <span class='ocrx_word' id='word_1_454' title='bbox 1665 2280 1703 2316; x_wconf 92' lang='lat' dir='ltr'><em>in</em></span> <span class='ocrx_word' id='word_1_455' title='bbox 1738 2279 1800 2317; x_wconf 89' lang='lat' dir='ltr'><em>illa</em></span> <span class='ocrx_word' id='word_1_456' title='bbox 1837 2278 2060 2328; x_wconf 86' lang='lat' dir='ltr'><em>Tegnagelii</em></span> 
     </span>
     <span class='ocr_line' id='line_1_85' title="bbox 1104 2341 2063 2395; baseline -0.005 -13"><span class='ocrx_word' id='word_1_457' title='bbox 1104 2344 1255 2395; x_wconf 76' lang='lat' dir='ltr'><em>sylloge</em></span> <span class='ocrx_word' id='word_1_458' title='bbox 1291 2344 1570 2388; x_wconf 88' lang='lat' dir='ltr'><em>continentur,</em></span> <span class='ocrx_word' id='word_1_459' title='bbox 1613 2345 1795 2380; x_wconf 86' lang='lat' dir='ltr'><em>recenset</em></span> <span class='ocrx_word' id='word_1_460' title='bbox 1835 2342 1877 2379; x_wconf 93' lang='lat' dir='ltr'><em>B.</em></span> <span class='ocrx_word' id='word_1_461' title='bbox 1920 2341 2063 2378; x_wconf 91' lang='lat' dir='ltr'><em>Doctor</em></span> 
     </span>
     <span class='ocr_line' id='line_1_86' title="bbox 1105 2401 2061 2454; baseline -0.006 -9"><span class='ocrx_word' id='word_1_462' title='bbox 1105 2416 1220 2445; x_wconf 91' lang='lat' dir='ltr'><em>meus</em></span> <span class='ocrx_word' id='word_1_463' title='bbox 1243 2405 1414 2443; x_wconf 90' lang='lat' dir='ltr'><em>Thomas</em></span> <span class='ocrx_word' id='word_1_464' title='bbox 1437 2405 1593 2454; x_wconf 89' lang='lat' dir='ltr'><em>Ittigius</em></span> <span class='ocrx_word' id='word_1_465' title='bbox 1616 2403 1712 2442; x_wconf 90' lang='lat' dir='ltr'><em>libro</em></span> <span class='ocrx_word' id='word_1_466' title='bbox 1735 2402 1784 2441; x_wconf 91' lang='lat' dir='ltr'><em>de</em></span> <span class='ocrx_word' id='word_1_467' title='bbox 1812 2401 2061 2441; x_wconf 86' lang='lat' dir='ltr'><em>Bibliothecis</em></span> 
     </span>
     <span class='ocr_line' id='line_1_87' title="bbox 1105 2465 1821 2515; baseline -0.004 -11"><span class='ocrx_word' id='word_1_468' title='bbox 1105 2470 1145 2504; x_wconf 90' lang='lat' dir='ltr'><em>et</em></span> <span class='ocrx_word' id='word_1_469' title='bbox 1168 2467 1330 2504; x_wconf 87' lang='lat' dir='ltr'><em>Catenis</em></span> <span class='ocrx_word' id='word_1_470' title='bbox 1345 2467 1505 2504; x_wconf 89' lang='lat' dir='ltr'><em>Patrum</em></span> <span class='ocrx_word' id='word_1_471' title='bbox 1521 2476 1607 2515; x_wconf 84' lang='lat' dir='ltr'><em>pag.</em></span> <span class='ocrx_word' id='word_1_472' title='bbox 1635 2465 1712 2502; x_wconf 80' lang='grc'><em>644</em></span> <span class='ocrx_word' id='word_1_473' title='bbox 1738 2475 1821 2513; x_wconf 89' lang='lat' dir='ltr'><em>seq.</em></span> 
     </span>
    </p>

    <p class='ocr_par' dir='ltr' id='par_1_8' title="bbox 1106 2523 2061 2819">
     <span class='ocr_line' id='line_1_88' title="bbox 1158 2523 2061 2573; baseline -0.008 -7"><span class='ocrx_word' id='word_1_474' title='bbox 1158 2526 1455 2566; x_wconf 81' lang='lat' dir='ltr'><em>BERNARDUS</em></span> <span class='ocrx_word' id='word_1_475' title='bbox 1472 2525 1603 2564; x_wconf 88' lang='lat' dir='ltr'><em>Abbas</em></span> <span class='ocrx_word' id='word_1_476' title='bbox 1622 2523 1870 2563; x_wconf 80' lang='lat' dir='ltr'><em>Bonaevallis</em></span> <span class='ocrx_word' id='word_1_477' title='bbox 1887 2555 1895 2573; x_wconf 95' lang='lat'><em>,</em></span> <span class='ocrx_word' id='word_1_478' title='bbox 1915 2524 1982 2573; x_wconf 91' lang='lat' dir='ltr'><em>qui</em></span> <span class='ocrx_word' id='word_1_479' title='bbox 1996 2523 2061 2561; x_wconf 91' lang='lat' dir='ltr'><em>Vi-</em></span> 
     </span>
     <span class='ocr_line' id='line_1_89' title="bbox 1106 2584 2057 2627; baseline -0.006 0"><span class='ocrx_word' id='word_1_480' title='bbox 1106 2594 1188 2627; x_wconf 87' lang='lat' dir='ltr'><em>tam</em></span> <span class='ocrx_word' id='word_1_481' title='bbox 1212 2589 1250 2626; x_wconf 93' lang='lat' dir='ltr'><em>S.</em></span> <span class='ocrx_word' id='word_1_482' title='bbox 1278 2586 1465 2626; x_wconf 90' lang='lat' dir='ltr'><em>Bernardi</em></span> <span class='ocrx_word' id='word_1_483' title='bbox 1503 2586 1831 2625; x_wconf 87' lang='lat' dir='ltr'><em>Claraevallensis</em></span> <span class='ocrx_word' id='word_1_484' title='bbox 1867 2584 2057 2627; x_wconf 74' lang='lat' dir='ltr'><em>traditur,</em></span> 
     </span>
     <span class='ocr_line' id='line_1_90' title="bbox 1107 2647 2058 2701; baseline -0.007 -11"><span class='ocrx_word' id='word_1_485' title='bbox 1107 2663 1129 2690; x_wconf 90' lang='lat' dir='ltr'><em>a</em></span> <span class='ocrx_word' id='word_1_486' title='bbox 1158 2649 1396 2701; x_wconf 83' lang='lat' dir='ltr'><em>quibusdam</em></span> <span class='ocrx_word' id='word_1_487' title='bbox 1433 2648 1718 2698; x_wconf 88' lang='lat' dir='ltr'><em>composuisse,</em></span> <span class='ocrx_word' id='word_1_488' title='bbox 1749 2658 1826 2684; x_wconf 90' lang='lat' dir='ltr'><em>non</em></span> <span class='ocrx_word' id='word_1_489' title='bbox 1865 2647 1965 2685; x_wconf 89' lang='lat' dir='ltr'><em>alius</em></span> <span class='ocrx_word' id='word_1_490' title='bbox 1997 2651 2058 2683; x_wconf 90' lang='lat' dir='ltr'><em>est</em></span> 
     </span>
     <span class='ocr_line' id='line_1_91' title="bbox 1107 2707 2060 2754; baseline -0.007 -2"><span class='ocrx_word' id='word_1_491' title='bbox 1107 2713 1156 2752; x_wconf 89' lang='lat' dir='ltr'><em>ab</em></span> <span class='ocrx_word' id='word_1_492' title='bbox 1174 2709 1424 2754; x_wconf 68' lang='lat' dir='ltr'>ERNALDQ</span> <span class='ocrx_word' id='word_1_493' title='bbox 1446 2710 1530 2747; x_wconf 88' lang='lat' dir='ltr'><em>sive</em></span> <span class='ocrx_word' id='word_1_494' title='bbox 1548 2707 1778 2746; x_wconf 81' lang='lat' dir='ltr'><strong>ARNOLDO</strong></span> <span class='ocrx_word' id='word_1_495' title='bbox 1795 2736 1803 2754; x_wconf 93' lang='lat'><em>,</em></span> <span class='ocrx_word' id='word_1_496' title='bbox 1824 2707 1972 2746; x_wconf 89' lang='lat' dir='ltr'><em>Abbate</em></span> <span class='ocrx_word' id='word_1_497' title='bbox 1988 2709 2060 2746; x_wconf 94' lang='lat' dir='ltr'><em>Bo-</em></span> 
     </span>
     <span class='ocr_line' id='line_1_92' title="bbox 1111 2769 2057 2819; baseline -0.006 -7"><span class='ocrx_word' id='word_1_498' title='bbox 1111 2773 1298 2813; x_wconf 86' lang='lat' dir='ltr'><em>naevallis</em></span> <span class='ocrx_word' id='word_1_499' title='bbox 1321 2772 1552 2810; x_wconf 83' lang='lat' dir='ltr'><em>Carnotensi</em></span> <span class='ocrx_word' id='word_1_500' title='bbox 1571 2769 1642 2816; x_wconf 91' lang='lat' dir='ltr'><em>,de</em></span> <span class='ocrx_word' id='word_1_501' title='bbox 1666 2780 1743 2819; x_wconf 87' lang='lat' dir='ltr'><em>quo</em></span> <span class='ocrx_word' id='word_1_502' title='bbox 1767 2779 1885 2819; x_wconf 86' lang='lat' dir='ltr'><em>supra</em></span> <span class='ocrx_word' id='word_1_503' title='bbox 1907 2780 1943 2819; x_wconf 89' lang='lat' dir='ltr'><em>p.</em></span> <span class='ocrx_word' id='word_1_504' title='bbox 1970 2769 2057 2808; x_wconf 88' lang='grc'><strong>434.</strong></span> 
     </span>
    </p>

    <p class='ocr_par' dir='ltr' id='par_1_9' title="bbox 1109 2830 2061 3133">
     <span class='ocr_line' id='line_1_93' title="bbox 1161 2830 2059 2873; baseline -0.006 0"><span class='ocrx_word' id='word_1_505' title='bbox 1161 2836 1182 2858; x_wconf 68' lang='lat'><em>³*</em></span> <span class='ocrx_word' id='word_1_506' title='bbox 1212 2832 1509 2873; x_wconf 79' lang='lat' dir='ltr'><em>BERNARDUS</em></span> <span class='ocrx_word' id='word_1_507' title='bbox 1537 2833 1730 2870; x_wconf 84' lang='lat' dir='ltr'><em>Bottonus</em></span> <span class='ocrx_word' id='word_1_508' title='bbox 1758 2832 1981 2869; x_wconf 86' lang='lat' dir='ltr'><em>Parmensis</em></span> <span class='ocrx_word' id='word_1_509' title='bbox 2011 2830 2059 2868; x_wconf 89' lang='lat' dir='ltr'><em>de</em></span> 
     </span>
     <span class='ocr_line' id='line_1_94' title="bbox 1109 2893 2061 2948; baseline -0.005 -12"><span class='ocrx_word' id='word_1_510' title='bbox 1109 2908 1185 2948; x_wconf 88' lang='lat' dir='ltr'><em>quo</em></span> <span class='ocrx_word' id='word_1_511' title='bbox 1214 2895 1440 2935; x_wconf 86' lang='lat' dir='ltr'><em>Pancirolus</em></span> <span class='ocrx_word' id='word_1_512' title='bbox 1470 2893 1521 2932; x_wconf 84' lang='lat' dir='ltr'><em>lib</em></span> <span class='ocrx_word' id='word_1_513' title='bbox 1565 2893 1598 2930; x_wconf 89' lang='lat'><em>3.</em></span> <span class='ocrx_word' id='word_1_514' title='bbox 1629 2904 1664 2931; x_wconf 88' lang='lat' dir='ltr'><em>c.</em></span> <span class='ocrx_word' id='word_1_515' title='bbox 1696 2893 1731 2930; x_wconf 87' lang='lat'><em>8.</em></span> <span class='ocrx_word' id='word_1_516' title='bbox 1761 2896 1917 2944; x_wconf 61' lang='lat' dir='ltr'><em>praet-nr</em></span> <span class='ocrx_word' id='word_1_517' title='bbox 1943 2903 2061 2943; x_wconf 86' lang='lat' dir='ltr'><em>appa-</em></span> 
     </span>
     <span class='ocr_line' id='line_1_95' title="bbox 1109 2954 2060 3007; baseline -0.006 -10"><span class='ocrx_word' id='word_1_518' title='bbox 1109 2963 1238 2997; x_wconf 88' lang='lat' dir='ltr'><em>ratum</em></span> <span class='ocrx_word' id='word_1_519' title='bbox 1264 2968 1382 3007; x_wconf 81' lang='lat' dir='ltr'><em>super</em></span> <span class='ocrx_word' id='word_1_520' title='bbox 1402 2955 1626 2994; x_wconf 84' lang='lat' dir='ltr'><em>Decretalcs</em></span> <span class='ocrx_word' id='word_1_521' title='bbox 1650 2954 1823 3005; x_wconf 83' lang='lat' dir='ltr'><em>Gregorii</em></span> <span class='ocrx_word' id='word_1_522' title='bbox 1849 2955 1913 2994; x_wconf 82' lang='lat' dir='ltr'><em>IX.</em></span> <span class='ocrx_word' id='word_1_523' title='bbox 1939 2956 2060 3005; x_wconf 90' lang='lat' dir='ltr'><em>scrip-</em></span> 
     </span>
     <span class='ocr_line' id='line_1_96' title="bbox 1109 3017 2060 3068; baseline -0.005 -10"><span class='ocrx_word' id='word_1_524' title='bbox 1109 3022 1160 3059; x_wconf 88' lang='lat' dir='ltr'><em>sit</em></span> <span class='ocrx_word' id='word_1_525' title='bbox 1178 3021 1296 3058; x_wconf 75' lang='lat' dir='ltr'><em>ctium</em></span> <span class='ocrx_word' id='word_1_526' title='bbox 1325 3029 1442 3056; x_wconf 86' lang='lat' dir='ltr'><em>casus</em></span> <span class='ocrx_word' id='word_1_527' title='bbox 1471 3028 1590 3068; x_wconf 66' lang='lat' dir='ltr'><em>super</em></span> <span class='ocrx_word' id='word_1_528' title='bbox 1620 3017 1928 3065; x_wconf 73' lang='lat' dir='ltr'><em>eosdcn13unde</em></span> <span class='ocrx_word' id='word_1_529' title='bbox 1948 3017 2060 3054; x_wconf 88' lang='lat' dir='ltr'><em>Inno-</em></span> 
     </span>
     <span class='ocr_line' id='line_1_97' title="bbox 1113 3077 2059 3133; baseline -0.004 -13"><span class='ocrx_word' id='word_1_530' title='bbox 1113 3081 1263 3121; x_wconf 80' lang='lat' dir='ltr'><em>centius</em></span> <span class='ocrx_word' id='word_1_531' title='bbox 1284 3080 1339 3119; x_wconf 93' lang='lat' dir='ltr'><em>IV</em></span> <span class='ocrx_word' id='word_1_532' title='bbox 1358 3079 1437 3133; x_wconf 83' lang='lat' dir='ltr'><em>suit</em></span> <span class='ocrx_word' id='word_1_533' title='bbox 1458 3083 1806 3131; x_wconf 84' lang='lat' dir='ltr'><em>contemporaneus</em></span> <span class='ocrx_word' id='word_1_534' title='bbox 1830 3082 1867 3117; x_wconf 88' lang='lat' dir='ltr'><em>et</em></span> <span class='ocrx_word' id='word_1_535' title='bbox 1879 3077 1951 3117; x_wconf 88' lang='lat' dir='ltr'><em>sub</em></span> <span class='ocrx_word' id='word_1_536' title='bbox 1977 3079 2059 3130; x_wconf 84' lang='lat' dir='ltr'><em>ipso</em></span> 
     </span>
    </p>
   </div>
   <div class='ocr_carea' id='block_1_4' title="bbox 1107 3229 2064 3370">
    <p class='ocr_par' dir='ltr' id='par_1_10' title="bbox 1107 3229 2064 3370">
     <span class='ocr_line' id='line_1_98' title="bbox 1168 3229 2064 3262; baseline -0.001 0"><span class='ocrx_word' id='word_1_537' title='bbox 1168 3231 1181 3244; x_wconf 89' lang='grc'><em>·</em></span> <span class='ocrx_word' id='word_1_538' title='bbox 1205 3233 1252 3262; x_wconf 79' lang='lat' dir='ltr'><em>ita</em></span> <span class='ocrx_word' id='word_1_539' title='bbox 1269 3234 1357 3262; x_wconf 76' lang='lat' dir='ltr'><em>recte</em></span> <span class='ocrx_word' id='word_1_540' title='bbox 1382 3232 1514 3262; x_wconf 81' lang='lat' dir='ltr'><em>vossius</em></span> <span class='ocrx_word' id='word_1_541' title='bbox 1531 3238 1569 3262; x_wconf 81' lang='lat' dir='ltr'><em>ex</em></span> <span class='ocrx_word' id='word_1_542' title='bbox 1587 3231 1745 3261; x_wconf 75' lang='lat' dir='ltr'><em>Antonini</em></span> <span class='ocrx_word' id='word_1_543' title='bbox 1766 3229 1949 3261; x_wconf 81' lang='lat' dir='ltr'><em>Florentini</em></span> <span class='ocrx_word' id='word_1_544' title='bbox 1968 3231 2064 3261; x_wconf 81' lang='lat' dir='ltr'><em>Parte</em></span> 
     </span>
     <span class='ocr_line' id='line_1_99' title="bbox 1107 3278 2063 3324; baseline -0.001 -12"><span class='ocrx_word' id='word_1_545' title='bbox 1107 3283 1150 3312; x_wconf 86' lang='grc'><em>111</em></span> <span class='ocrx_word' id='word_1_546' title='bbox 1175 3283 1295 3312; x_wconf 77' lang='lat' dir='ltr'><em>Histor.</em></span> <span class='ocrx_word' id='word_1_547' title='bbox 1312 3282 1376 3311; x_wconf 80' lang='lat' dir='ltr'><em>Tit.</em></span> <span class='ocrx_word' id='word_1_548' title='bbox 1393 3279 1434 3311; x_wconf 73' lang='lat'><em>⁶24</em></span> <span class='ocrx_word' id='word_1_549' title='bbox 1450 3288 1522 3320; x_wconf 84' lang='lat' dir='ltr'><em>cap.</em></span> <span class='ocrx_word' id='word_1_550' title='bbox 1540 3280 1560 3310; x_wconf 82' lang='lat'><strong>9</strong></span> <span class='ocrx_word' id='word_1_551' title='bbox 1575 3278 1623 3319; x_wconf 77' lang='grc'><em>54</em></span> <span class='ocrx_word' id='word_1_552' title='bbox 1642 3288 1714 3320; x_wconf 83' lang='lat' dir='ltr'><em>pag.</em></span> <span class='ocrx_word' id='word_1_553' title='bbox 1733 3279 1795 3310; x_wconf 77' lang='lat'><em>778</em></span> <span class='ocrx_word' id='word_1_554' title='bbox 1813 3279 1888 3310; x_wconf 83' lang='lat' dir='ltr'><em>licet</em></span> <span class='ocrx_word' id='word_1_555' title='bbox 1911 3279 2063 3324; x_wconf 73' lang='lat' dir='ltr'><em>Waddin·</em></span> 
     </span>
     <span class='ocr_line' id='line_1_100' title="bbox 1107 3328 1942 3370; baseline -0.001 -7"><span class='ocrx_word' id='word_1_556' title='bbox 1107 3340 1166 3370; x_wconf 82' lang='lat' dir='ltr'><em>gus</em></span> <span class='ocrx_word' id='word_1_557' title='bbox 1184 3339 1259 3370; x_wconf 79' lang='lat' dir='ltr'><em>pag.</em></span> <span class='ocrx_word' id='word_1_558' title='bbox 1276 3329 1316 3360; x_wconf 81' lang='lat'><em>59</em></span> <span class='ocrx_word' id='word_1_559' title='bbox 1334 3334 1366 3363; x_wconf 83' lang='lat' dir='ltr'><em>et</em></span> <span class='ocrx_word' id='word_1_560' title='bbox 1380 3329 1452 3362; x_wconf 68' lang='lat'><em>525.</em></span> <span class='ocrx_word' id='word_1_561' title='bbox 1474 3330 1632 3362; x_wconf 75' lang='lat' dir='ltr'><em>&#39;rhomam</em></span> <span class='ocrx_word' id='word_1_562' title='bbox 1652 3329 1748 3361; x_wconf 80' lang='lat' dir='ltr'><em>habet</em></span> <span class='ocrx_word' id='word_1_563' title='bbox 1764 3328 1942 3362; x_wconf 78' lang='lat' dir='ltr'><em>cellarium.</em></span> 
     </span>
    </p>
   </div>
  </div>
 </body>
</html>
