2500 4009
378 260 491 300 hodie
526 261 563 299 in
594 262 709 311 Regia
732 261 847 299 Paris.
874 257 1145 311 Praefationes
1158 263 1331 312 quatuor

376 323 425 361 ad
460 323 728 362 Alexandrum
758 323 817 360 lv.
855 320 1001 372 Papam
1019 351 1029 369 ,
1058 321 1107 361 ad
1136 322 1328 362 Thomam

377 385 613 435 Episcopum
630 382 977 430 Betlilemitanum,
993 382 1241 434 Apostolicae
1261 385 1329 424 Se-

376 445 436 483 dis
468 448 677 493 Legatum,
716 443 765 482 ad
793 445 1032 484 Guilelmum
1064 447 1328 486 patriarcham

377 507 774 558 llierosob'niit-anuni
803 512 843 545 et
871 507 919 545 ad
957 508 1004 546 G.
1037 509 1209 547 Priorem
1237 510 1330 548 Fra-

376 574 480 606 trum
506 566 821 607 Praedicator-um
850 569 1212 620 Montispessulani,
1235 581 1327 610 cum

374 629 546 679 Epistola
562 630 606 666 G.
626 630 920 669 Lemoviccnsis
937 632 1117 683 Episcopi
1134 662 1142 682 ,
1157 643 1234 682 qua
1258 634 1330 671 Be-

375 690 528 728 nedicto
551 692 696 741 gratias
725 693 820 742 agit,
844 693 1063 744 publicatae
1092 698 1186 732 sunt
1206 705 1229 732 a
1257 695 1329 732 Ba-

374 753 475 790 luzio
496 757 589 790 tom.
609 754 655 792 vl
672 754 884 793 Miscellan.
904 766 990 805 pag.
1008 755 1083 793 349
1105 766 1187 806 seq.
1207 767 1326 806 quem

372 814 461 852 vide
491 816 546 852 sis
575 816 693 854 otiam
724 827 810 867 pag.
836 818 911 856 565
940 829 1022 867 seq.
1047 818 1158 868 plura
1182 817 1230 856 de
1254 818 1325 856 hoc

371 876 581 915 Benedicto
601 877 754 916 erudite
779 883 1019 917 monentem.
1040 879 1255 931 Epistola-m
1274 879 1328 918 ad

372 938 637 977 Innocentimn
670 940 732 978 IV.
757 941 909 990 Papam
931 939 977 978 (Ic
1003 939 1125 980 rebus
1144 942 1266 992 qestis
1286 941 1326 980 in

371 1006 478 1040 terra
500 1004 636 1038 sancta
657 1032 665 1050 ,
685 1012 805 1051 quam
826 1002 885 1040 bis
901 1002 1128 1041 Anno1236
1157 1008 1197 1041 et
1223 1004 1323 1042 ⁴253

367 1063 459 1102 adiit
478 1095 485 1103 .
502 1063 662 1110 vulgata
683 1074 704 1100 a
730 1063 917 1102 Daclierio
937 1069 1031 1102 tom.
1050 1065 1115 1103 Vll
1137 1065 1323 1115 spicilegii

367 1138 453 1177 pau.
484 1126 559 1163 2255
588 1130 628 1163 et
657 1130 750 1163 tom.
776 1126 826 1163 111
853 1136 978 1163 novae
1007 1125 1100 1163 edit.
1130 1137 1216 1176 pag.
1247 1126 1324 1164 628

369 1188 431 1226 ubi
455 1193 615 1226 notante
637 1189 719 1238 ipso
742 1187 901 1226 Baluzio
917 1187 1019 1225 male
1041 1188 1078 1225 in
1103 1188 1217 1226 titulo
1233 1188 1324 1239 Epi-

367 1251 490 1288 stol-ae
507 1250 583 1287 edit
592 1262 657 1287 um
676 1251 722 1287 ll.
738 1248 925 1300 Episcopi
935 1248 1213 1297 Massiliensis,
1230 1261 1322 1288 cuin

367 1311 576 1361 legendum
603 1313 654 1349 sit
674 1313 714 1350 B.
739 1316 859 1362 atque
898 1311 1135 1350 Benedictus
1160 1313 1232 1350 istc
1256 1310 1322 1350 de-

367 1379 535 1411 notetur.

416 1436 733 1474 BENEDICTL'S
748 1434 880 1474 Abbas
896 1433 1210 1484 Mediolanensis,
1226 1436 1320 1480 Ord,

364 1497 624 1543 Bmwdictini,
645 1497 736 1536 vide
756 1498 1021 1536 Mabillonium
1042 1497 1256 1548 appendice
1271 1497 1318 1535 ad

363 1559 575 1597 Saeculum
601 1559 665 1598 lV.
687 1559 932 1598 Benedictin.

414 1622 731 1661 BENEDICTL'S
767 1620 814 1660 (lc
864 1621 1186 1673 Montefiascone,
1225 1621 1318 1660 Ord.

364 1682 498 1721 l’racd.
525 1685 627 1721 circa
667 1683 740 1721 An.
772 1685 874 1722 1318
903 1685 1060 1734 scripsit
1099 1683 1319 1723 Chronicon

363 1743 535 1784 coenobi
554 1745 721 1784 Romani
737 1744 965 1783 monialium
981 1748 1019 1784 S.
1041 1745 1155 1784 Salvii
1169 1745 1217 1783 ab
1241 1746 1316 1784 An.

362 1808 463 1845 ⁴22«)
489 1807 536 1844 ad
562 1818 634 1845 sua
658 1811 834 1856 tempora
854 1837 861 1856 ,
881 1806 1011 1845 adhuc
1036 1805 1244 1854 ineditum,
1267 1818 1316 1846 ex

357 1880 436 1918 quo
469 1869 687 1917 fragmenta
722 1868 826 1919 apud
866 1869 1120 1907 Franciscum
1156 1869 1315 1907 Mariam

358 1930 578 1975 Tarsi-„vium
596 1931 632 1968 in
651 1930 1152 1982 historiaimaginisMariae
1162 1931 1198 1968 in
1218 1935 1319 1969 tem-

360 1993 426 2042 plo
444 1992 547 2030 illius
562 1994 802 2040 Monasterii,
819 1993 924 2031 edita
941 1993 1073 2031 ltalice
1087 1994 1184 2030 Rom
1216 1993 1310 2032 1641

363 2056 384 2092 4
403 2066 486 2104 pag.
509 2056 559 2092 35
581 2055 630 2093 39
647 2055 693 2091 40
713 2055 772 2092 41.
791 2066 873 2103 seq.
895 2059 934 2091 et
953 2053 1056 2104 apud
1073 2055 1154 2092 Jac.
1171 2054 1320 2092 Echar-

361 2115 455 2153 duni
472 2120 565 2152 tom.
582 2116 594 2152 1
612 2114 660 2152 de
676 2115 932 2164 scriptoribus
947 2116 1210 2153 Dominicanis
1219 2126 1255 2164 p.
1266 2115 1316 2152 83

361 2182 402 2213 et
426 2178 500 2214 536
521 2188 603 2225 seq.
627 2176 691 2214 ubi
716 2180 887 2214 testatur
911 2177 1175 2214 instrumenta
1194 2176 1318 2226 plera-

363 2249 440 2288 que
463 2239 610 2287 integra
633 2239 669 2275 in
690 2238 752 2275 illo
770 2238 897 2275 afferri
920 2242 1004 2276 tum
1022 2238 1315 2287 privilegiorum

360 2311 638 2338 concessorum
668 2311 688 2337 a
724 2300 1001 2347 l’ontilicibus,
1030 2304 1114 2338 tum
1145 2299 1318 2338 donatio-

364 2374 458 2401 num
488 2367 528 2400 ct
556 2362 721 2401 aliarum
750 2361 1004 2412 adoptionum
1034 2373 1055 2400 a
1085 2361 1318 2401 monialibus

364 2429 582 2475 partarum.

418 2486 734 2525 BENEDICTL’S
764 2484 981 2525 Morandus
1015 2485 1160 2524 Nobilis
1195 2486 1319 2523 Bono-

369 2549 516 2587 niensis
533 2578 541 2597 ,
561 2547 677 2598 cujus
703 2547 838 2586 Oratio
857 2547 903 2586 (le
919 2546 1104 2585 laudibus
1123 2545 1318 2585 Bononiae

361 2613 369 2651 1
386 2615 519 2648 contra
550 2610 749 2647 Senenses
765 2638 771 2657 ,
818 2610 1031 2661 posthuma
1071 2608 1212 2660 prodiit
1249 2610 1320 2647 Bo-

361 2674 499 2710 noniae
526 2672 618 2711 1481
663 2672 696 2709 4.
722 2673 833 2710 Rom.
864 2672 976 2711 1589.
1004 2671 1169 2720 mutila,
1198 2674 1317 2721 atque

364 2735 505 2772 iterum
527 2735 721 2772 Bononiae
747 2735 860 2773 1640.
882 2733 976 2772 Vide
996 2734 1170 2772 Diarium
1190 2732 1320 2772 erudi-

365 2801 491 2834 torum
524 2796 656 2834 ltaliae
686 2800 765 2834 tom
812 2797 887 2843 xl,
919 2807 1003 2846 pag.
1035 2796 1111 2833 325
1140 2806 1222 2844 seq.
1253 2794 1318 2833 ubi

365 2860 482 2896 ctiam
511 2857 559 2895 de
590 2856 743 2896 duabus
766 2856 853 2907 ejus
885 2859 920 2895 in
954 2860 1137 2896 Laurent.
1165 2856 1317 2895 N'allam

363 2921 590 2966 invectivis,
609 2919 754 2969 quibus
778 2919 979 2970 respondit
1003 2920 1110 2959 Valla
1134 2931 1219 2970 pag.
1241 2919 1316 2958 445

365 2992 444 3030 seq.
470 2983 661 3031 Operum.

417 3043 727 3082 BliNliDlC'sL‘S
741 3055 787 3080 ex
807 3044 935 3082 Priore
950 3045 1224 3083 Cantuariensi
1239 3042 1316 3081 Ab-

364 3103 432 3140 bas
455 3103 793 3154 Petroburqensis,
811 3106 945 3144 Ordin.
963 3106 1203 3144 Benedictini
1221 3105 1316 3143 scri-

367 3171 438 3215 psit
448 3194 455 3201 .
467 3165 682 3204 Chronicon
697 3167 743 3206 de
754 3167 873 3219 [sestis
890 3167 1114 3207 llenricill.
1126 3167 1313 3219 *Angliae

421 3307 431 3316 ·
460 3303 548 3343 vide,
561 3314 643 3345 quac
660 3316 757 3348 supra
781 3311 815 3342 in
841 3310 1031 3343 Benedicta
1047 3310 1176 3344 Abbaee
1191 3319 1224 3351 p.
1237 3308 1311 3343 540.

1141 187 1622 231 BENEDICTUS

1403 264 1535 314 Regis,
1559 266 1626 316 qui
1649 265 1880 305 Hiberniam
1901 263 2106 314 conjunxit
2123 275 2215 304 cum
2228 263 2384 315 Anglia.

1401 329 1441 364 et
1460 325 1639 365 Richardi
1661 327 1746 378 (qui
1767 325 1881 365 Anno
1904 327 2006 367 1189
2026 328 2192 366 llenrico
2217 327 2249 366 11
2275 338 2366 366 suc-

1400 388 1544 436 cessit)
1574 388 1621 427 ab
1649 387 1724 426 An.
1759 389 1860 428 1170
1889 388 1939 427 ad
1975 387 2156 427 Richardi
2195 392 2364 427 mortem

1401 448 1477 488 An.
1495 450 1593 489 1199
1610 450 1686 488 MS.
1705 450 1744 488 in
1760 449 2006 488 Cottoniana.
2027 449 2152 489 Vitam
2176 448 2360 500 Tliomae,

1401 511 1698 550 Cantuariensis
1713 510 1893 562 Archiep.
1911 512 2122 562 separatim
2139 513 2359 563 scripsisse,

1399 578 1557 624 praeter
1580 584 1624 611 ea
1653 585 1754 623 quae
1778 572 1826 611 de
1849 584 1894 611 eo
1925 574 1961 610 in
1991 574 2115 622 gestis
2145 574 2300 612 Ilenrici
2325 574 2359 612 ΙΙ

1401 636 1650 681 memoravit,
1671 639 1711 672 et
1730 633 1776 672 (Ic
1799 634 1885 685 ejus
1894 636 1987 684 post
2002 637 2170 672 mortem
2187 633 2363 673 miracu-

1402 695 1474 744 lis,
1499 697 1653 735 l'itseus
1677 707 1764 746 pag.
1787 696 1855 735 271
1883 698 2020 733 auctor
2042 699 2124 745 est,
2147 699 2252 734 teste
2276 696 2362 736 lau-

1401 757 1492 796 dato
1508 757 1702 796 Guilelmo
1721 756 1946 807 Stephanio.
1963 756 2199 808 Elegantem
2215 757 2359 798 librum

1399 824 1514 857 vocat
1543 818 1739 857 Lelandus
1766 830 1851 869 cap.
1881 818 1970 857 189.
1998 817 2113 870 Apud
2143 821 2355 860 Baronium

1399 886 1532 920 autem
1552 879 1599 918 ad
1622 879 1782 918 Annum
1804 880 1906 919 1162
1928 891 2005 919 non
2027 881 2190 920 invenio
2210 892 2299 922 eam
2320 883 2357 920 in

1399 944 1585 982 Vaticana
1603 944 1752 981 MStam
1772 946 1948 992 exstare,
1967 953 2189 994 vereorque
2212 955 2262 982 ne
2279 955 2361 983 mc-

1401 1005 1520 1043 moria
1541 1004 1716 1043 fefellerit
1736 1002 1937 1042 Oudinum
1956 1007 2053 1042 tom.
2070 1004 2125 1054 11,
2144 1015 2231 1055 pag.
2252 1005 2358 1044 1515

1401 1068 1532 1117 illique
1555 1067 1791 1105 obversatus
1817 1066 1869 1103 sit
1893 1077 1999 1105 unus
2026 1076 2076 1104 ex
2099 1065 2360 1117 scriptoribus

1399 1131 1504 1168 vitae
1534 1128 1653 1179 liujus
1690 1128 1862 1167 Thomae
1890 1127 1939 1166 de
1968 1127 2114 1178 quibus
2147 1138 2290 1179 supra,
2320 1129 2360 1167 in

1400 1193 1524 1232 Alano
1548 1192 1706 1231 Albreto
1734 1202 1822 1242 pag.
1842 1191 1892 1229 35
1915 1194 1956 1230 et
1979 1200 2080 1241 quos
2103 1190 2142 1228 in
2165 1191 2358 1230 Vaticana

1397 1254 1744 1302 obvioS‚Bar0nius
1759 1253 1877 1291 refert
1886 1252 1935 1292 ad
1959 1251 2034 1291 An.
2049 1251 2152 1292 1162
2165 1263 2274 1291 num.
2288 1252 2353 1292 21.

1451 1317 1467 1338 *
1483 1316 1795 1356 BENEDICTUS
1816 1314 1882 1365 (Dc
1897 1313 2055 1363 Barzis)
2071 1312 2118 1353 de
2133 1311 2353 1352 Plumbino.

1396 1380 1493 1417 liius
1511 1378 1688 1428 quaestio
1708 1377 1906 1427 disputata
1930 1376 2127 1415 Bononiae
2165 1375 2214 1415 de
2250 1386 2356 1414 anno

1397 1441 1497 1479 1386
1520 1441 1555 1477 in
1573 1450 1690 1478 causa
1716 1438 1921 1477 divisionis
1949 1437 2204 1477 haereditatis
2227 1442 2356 1489 pater-

1395 1515 1469 1541 nae
1494 1503 1595 1540 inter
1619 1502 1717 1540 lilios
1752 1511 1902 1540 excusa
1938 1504 2001 1540 est
2039 1500 2219 1539 vetustis
2247 1501 2356 1551 typis

1395 1565 1476 1602 loco
1505 1568 1545 1601 et
1574 1574 1676 1601 anno
1706 1563 1866 1600 incerto.

1445 1626 1762 1665 BENEDlCTUS
1771 1622 2040 1675 Raymundus,
2052 1622 2264 1674 Raphaelis
2279 1623 2352 1664 Co-

1392 1689 1541 1726 mensis
1565 1689 1605 1725 F.
1630 1688 1731 1724 inter
1751 1687 1870 1725 JCtos
1893 1683 2072 1725 Doctoris
2100 1683 2256 1724 subtilis
2280 1697 2349 1725 no-

1392 1761 1482 1788 men
1511 1752 1776 1797 consecutus,
1800 1747 1950 1786 Patavii
1986 1747 2025 1784 in
2063 1747 2190 1797 patria
2218 1745 2353 1786 docuit

1390 1822 1460 1861 per
1482 1820 1607 1848 annos
1631 1809 1802 1859 amplius
1823 1809 2002 1859 triginta,
2026 1807 2158 1847 clarus
2186 1806 2349 1848 Annum

1392 1873 1505 1912 1440.
1528 1871 1623 1910 Vide
1647 1872 1821 1910 Marcum
1842 1871 2046 1910 Mantuam
2071 1870 2121 1910 de
2139 1870 2249 1911 JCtis
2263 1881 2352 1923 pag.

1396 1935 1484 1974 454.

1444 1996 1695 2035 BENEDICT
1706 1996 1766 2034 US
1789 1996 1933 2034 Romae
1959 1995 2161 2034 Ecclesiae
2184 1995 2225 2035 S.
2248 1995 2351 2034 Petri

1391 2058 1633 2104 Canonicus,
1659 2058 1822 2107 scripsit
1839 2061 1878 2095 et.
1901 2056 2071 2095 Gvidoni
2094 2055 2143 2095 de
2163 2055 2350 2105 Castello,

1390 2119 1587 2157 Cardinali
1611 2119 1651 2157 S.
1680 2118 1794 2156 Marci
1824 2116 2099 2168 (postmodum
2127 2115 2203 2155 An.
2233 2117 2352 2159 1143.

1389 2183 1513 2231 Papae
1544 2180 1768 2218 Caelestino
1787 2180 1841 2226 11)
1865 2179 2011 2218 dicavit
2034 2179 2177 2218 librum
2200 2177 2247 2217 de
2270 2178 2347 2218 Ec-

1391 2242 1610 2281 clesiastico
1638 2241 1782 2280 Ordine
1802 2241 1919 2280 totius
1937 2240 2057 2290 anni,
2078 2243 2116 2280 et
2131 2240 2349 2294 praecipue

1389 2303 1630 2356 Apostolicac
1645 2302 1845 2354 diynitatis
1861 2306 1899 2341 et
1911 2302 2028 2342 totius
2044 2301 2207 2351 Curiae,
2224 2314 2344 2354 quem

1389 2367 1492 2404 inter
1511 2366 1607 2404 alios
1631 2366 1748 2404 libros
1771 2365 1819 2404 dc
1844 2365 1984 2404 ritibus
2012 2365 2213 2404 Ecclesiae
2232 2366 2344 2404 Rom.

1391 2427 1569 2478 vulgavit
1591 2428 1650 2465 Jo.
1669 2426 1917 2466 Mabillonius
1933 2431 2027 2465 tom.
2052 2427 2098 2465 11.
2120 2427 2246 2466 Musei
2265 2427 2343 2466 lta-

1392 2490 1479 2538 lici,
1504 2490 1625 2528 Paris.
1651 2489 1774 2539 1689,
1801 2489 1822 2527 4
1846 2500 1933 2540 pag.
1959 2488 2154 2528 118-164.

1443 2551 1760 2591 BENEDICTUS
1774 2549 1884 2599 Sala,
1899 2551 2022 2590 JCtus
2036 2550 2251 2590 patavinus
2265 2561 2348 2590 me-

1391 2614 1453 2653 dio
1477 2614 1634 2653 sacculo
1654 2613 1806 2652 decimo
1829 2613 1987 2664 quinto,
2008 2611 2148 2652 eodem
2171 2623 2248 2663 quo
2269 2613 2346 2652 Be-

1392 2677 1573 2715 nedictus
1600 2675 1861 2727 Raymundus
1889 2679 2082 2726 tempore,
2105 2685 2156 2714 ex
2183 2685 2263 2725 qua
2291 2674 2347 2713 fa-

1392 2739 1497 2777 milia
1519 2739 1654 2790 pluros
1678 2738 1826 2776 Patavii
1848 2736 2025 2776 celebres
2045 2747 2123 2775 non
2147 2735 2263 2775 modo
2279 2737 2349 2776 Ju-

1392 2801 1628 2849 risconsulti,
1645 2800 1715 2839 sed
1730 2799 1865 2839 Medici
1875 2809 2033 2850 quoque
2047 2797 2347 2838 enituere.Vide

1391 2863 1472 2901 Nic.
1483 2864 1672 2902 Comneni
1685 2862 1949 2912 Gymnasium
1959 2861 2195 2900 Patavinum
2210 2860 2345 2910 tom.1‚

1391 2936 1475 2976 pag.
1499 2925 1573 2964 154
1597 2929 1638 2963 ct
1662 2925 1753 2962 364.
2238 2932 2243 2938 ·

1442 2986 1758 3026 BENEDICTUS
1780 2983 1943 3029 Stendal
1957 2984 2008 3024 de
2032 2985 2176 3033 llallis,
2200 2984 2344 3022 Doctor

1390 3050 1427 3088 S
1454 3049 1678 3100 Scripturae
1701 3051 1740 3085 et
1769 3047 1994 3086 Canonicus
2017 3047 2061 3089 B.
2089 3038 2229 3084 Mariae
2258 3044 2345 3083 Vir-

1388 3112 1489 3161 ginis
1509 3109 1623 3160 cujus
1641 3109 1748 3148 MSta
1767 3111 1928 3146 exstant
1948 3107 1986 3144 in
2006 3105 2343 3145 Bibl.Erfurtensi

1387 3173 1587 3218 volumina
1601 3172 1776 3222 quinque
1791 3169 1913 3207 forma
1929 3168 2038 3218 parvi
2060 3167 2153 3215 folii,
2170 3167 2343 3205 Lectura

1386 3234 1426 3273 in
1450 3233 1628 3284 Genesin,
1648 3232 1720 3272 An.
1740 3231 1838 3271 1454
1864 3229 1903 3267 in
1916 3228 2120 3277 Exedunt,
2141 3227 2215 3267 Αῐι.
2236 3228 2338 3267 1460

1386 3295 1425 3335 in
1449 3295 1674 3345 Leva'ci'cum,
1696 3293 1740 3333 A.
1766 3290 1865 3333 1167
1883 3290 1922 3330 in
1940 3289 2152 3341 Numeros,
2171 3287 2217 3329 A.
2239 3290 2342 3330 1468
