2500 3841
847 180 1362 220 ETHELNOTL'S

95 261 136 296 et
150 257 323 307 primum
340 253 692 303 Archiepiscopum
711 252 1058 291 Cantuariensem·

94 320 150 357 De
178 317 411 357 Ethelberto
440 314 514 353 hoc
538 315 732 354 Baronius
755 320 796 354 et
830 315 929 354 Acta
964 316 1063 354 San-

97 384 254 420 ctorum
279 379 329 418 24
354 377 568 416 Februarii.
588 377 645 416 De
669 376 896 428 Augustino
922 379 985 417 illo
1011 377 1058 416 ad

91 442 142 481 26
167 441 273 490 Maji.

142 500 491 548 ETHELNOTUS,
507 501 594 539 aliis
618 504 663 540 ut
682 500 878 540 Guilelmo
900 502 1062 539 Malmc-

90 564 288 603 sburiensi
305 574 392 614 pag.
409 562 460 601 76
478 563 583 601 idem
603 563 690 602 aliis
705 562 1056 612 ACHELNOTOE,

89 626 138 665 de
161 637 241 676 quo
265 636 388 676 supra
412 629 508 663 tom.
534 627 571 664 4.
595 637 682 676 pag.
725 626 766 663 6.

140 688 504 733 ETHELREDUS‚
545 688 631 726 sive
674 689 1026 728 AETHELREDUS
1052 718 1060 735 ,

89 749 254 802 Angliae
289 750 338 789 ab
362 750 439 789 An.
471 747 548 788 979
586 749 635 788 ad
663 751 779 790 4046.
809 751 918 798 Rex,
943 749 1061 800 cujus

88 813 199 864 leges
235 813 274 851 in
303 812 470 852 Joannis
493 813 725 863 Bromptoni
749 812 945 852 Chronico
971 824 1058 863 pag.

89 876 265 915 893-903
287 879 328 914 et
352 876 391 914 in
414 875 602 914 Guilelmi
627 874 838 914 Lambardi
862 874 1061 913 Archaeo-

87 939 233 986 nomia‚
252 949 326 977 nec
345 949 424 976 non
450 937 711 988 Privilegium
727 937 931 976 Ecclesiae
959 938 1061 976 Can—

88 1001 282 1040 tuariensi
320 1010 560 1039 concessum
598 1003 638 1037 et
662 999 887 1039 Concilium
911 998 1062 1038 AEnha-

87 1073 228 1100 mense
270 1061 456 1112 generale
496 1061 572 1100 sub
605 1061 821 1100 Ethelredo
850 1061 1059 1109 habitum,

88 1125 295 1175 Legesque
318 1123 652 1173 Ecclesiasticae‚
677 1127 773 1162 toni.
800 1125 834 1162 4.
866 1123 1059 1163 Concilio-

84 1197 175 1225 rum
200 1185 367 1236 Angliae
387 1186 547 1224 Henrici
571 1185 830 1236 Speelmanni
854 1196 940 1235 pag.
980 1185 1056 1223 504

87 1249 191 1297 540,
216 1259 301 1298 seq.
336 1247 511 1287 530-532
535 1251 657 1297 atque
681 1247 773 1286 inde
797 1248 836 1285 in
867 1247 1059 1286 Concilio-

86 1322 175 1350 rum
193 1311 325 1351 tomis.
339 1309 439 1349 Vide
453 1310 576 1349 etiam
591 1320 714 1360 supra
723 1310 839 1349 EITE
847 1309 1055 1358 LREDUS,

83 1384 172 1424 pag.
198 1374 290 1412 504.

136 1434 472 1474 ETHELREDUS
495 1465 507 1483 ,
547 1433 682 1473 Abbas
726 1432 1054 1473 Rhienvallensis.

83 1496 212 1549 Supra
225 1495 496 1537 EALREDUS
511 1507 597 1547 pag.
618 1496 693 1534 486
709 1501 750 1534 et
767 1496 1054 1535 ADILREDUS

84 1565 179 1599 tom.
205 1562 240 1599 4.
265 1571 353 1611 pag.
380 1561 442 1599 44.

135 1623 499 1672 ETHELREDUS,
523 1623 609 1661 sive
633 1622 947 1669 EDILREDUS,
971 1622 1055 1659 An-

82 1685 185 1737 glus‚
193 1683 327 1724 Abbas
347 1683 597 1733 Wardensis,
607 1684 743 1723 Ordin.
754 1685 920 1724 Cisterc.
932 1695 1052 1733 quem

83 1749 188 1786 circa
210 1746 373 1786 Annum
402 1746 502 1786 4220
522 1747 719 1785 claruisse
743 1746 882 1785 scribit
906 1746 1051 1784 Baleus

84 1811 164 1857 Ill⁷
189 1810 239 1848 80
266 1819 343 1847 non
369 1813 415 1847 ut
438 1810 597 1847 Pitseus
620 1821 657 1860 p.
692 1809 771 1858 205
795 1819 970 1857 eumque
994 1819 1055 1845 se-

81 1874 203 1910 cutus
217 1871 408 1922 Gangius‚
427 1869 491 1908 illo
513 1881 618 1908 anno
638 1869 747 1908 obiit.
774 1870 928 1920 Scripta
947 1879 1051 1918 quae

82 1932 132 1971 ad
161 1943 254 1972 eum
285 1933 534 1980 referuntur,
565 1936 662 1970 sunt
691 1929 889 1970 Homiliae
914 1930 954 1968 in
977 1930 1054 1968 Lu-

86 2006 199 2043 cam,
223 1999 264 2033 et
287 1993 501 2046 Speculum
515 2026 525 2044 ,
543 1993 755 2032 charitatis
779 1995 864 2032 sive
886 1993 984 2031 liber
1007 1991 1053 2030 de

80 2056 238 2097 vinculo
276 2055 535 2109 perfectionis
550 2088 561 2105 ‚
604 2057 788 2106 aliusque
829 2054 876 2093 de
921 2052 1052 2092 tribus

82 2117 305 2158 hominibus
323 2150 334 2168 ,
356 2123 444 2158 tum
476 2117 703 2170 Epistolae,
741 2119 974 2167 Sermones,
1010 2120 1051 2154 et

79 2181 253 2221 locorum
280 2183 308 2221 S
345 2180 582 2233 Scripturae
606 2178 911 2231 eaeplicationes.

131 2242 513 2292 ETHELSTANUS‚
531 2240 931 2289 AETHELSTANUS,
959 2241 1046 2278 sivo

78 2305 435 2353 ADELSTANUS,
468 2304 645 2344 Eduardi
674 2305 717 2342 F.
757 2303 924 2354 Angliae
964 2303 1048 2340 Rex

79 2368 129 2408 ab
152 2367 234 2407 An.-
251 2368 328 2407 923
352 2367 402 2406 ad
425 2368 515 2407 944.
546 2367 595 2405 de
627 2378 706 2417 quo
737 2366 834 2405 haec
875 2366 1049 2403 Joannes

85 2428 288 2469 Lelandus
307 2440 394 2480 cap.
421 2430 508 2468 424.
531 2428 680 2467 Paucis
699 2426 844 2466 abhinc
863 2425 980 2464 annis
989 2425 1055 2477 fui

82 2492 123 2531 in
145 2492 377 2532 Badunonsi
404 2489 650 2529 Bibliotheca
671 2520 680 2539 ⁷
703 2488 777 2528 ubi
792 2487 958 2539 repperi
976 2486 1052 2525 ali-

81 2557 176 2605 quot
199 2565 277 2592 non
294 2552 466 2592 indoctos
482 2549 869 2601 libros,veneranclae
882 2551 1054 2587 vetusta-

82 2619 132 2655 tis
153 2614 376 2666 thesauros,
396 2612 449 2652 ab
471 2613 556 2665 ipso
575 2613 828 2655 Ethelstan0‚
852 2613 899 2649 ut
913 2621 968 2648 eae
993 2609 1051 2647 in-

80 2672 361 2727 scriptionibus
420 2672 615 2725 apparuit
642 2703 650 2722 ‚
693 2669 898 2710 monachis
951 2668 1048 2707 dono

82 2736 206 2775 (latos.
228 2735 299 2774 Ea>
319 2734 398 2774 illis
422 2747 546 2773 unum
565 2766 575 2784 7
598 2737 737 2786 captus
763 2745 850 2771 eum
879 2730 1050 2782 antiqui-

86 2802 164 2848 tate
188 2801 271 2837 tum
293 2798 499 2849 majestate
519 2796 661 2848 operis,
683 2799 770 2833 erat
789 2793 891 2832 enim
911 2793 958 2831 de
976 2794 1050 2842 Sy-

83 2861 196 2899 nodis
218 2860 445 2908 pontificiis,
462 2859 503 2898 in
520 2857 746 2911 palatinam
765 2855 1047 2895 Bibliothecam

81 2920 288 2961 illustriss.
305 2921 420 2973 Reyis
442 2921 599 2961 Henrici
623 2920 752 2958 octavi
771 2916 961 2956 transtuli
981 2948 988 2961 ‚
1006 2919 1050 2954 at

76 2984 197 3036 prius
217 2982 286 3022 hoc
308 2983 542 3023 heaeasticho
563 2980 824 3032 inscriptum:

11 3048 15 3055 '
74 3055 353 3085 ETHELSTANUS
370 3057 441 3085 erat
459 3056 591 3084 nostrae
608 3060 684 3091 pars
701 3052 845 3082 maxima
863 3057 965 3082 curae

120 3105 221 3145 cujus
245 3107 324 3135 nota
343 3103 427 3134 mihi
446 3102 652 3133 Bibliotheca
675 3101 748 3132 suit.

77 3152 136 3186 llio
154 3153 285 3186 subiato
300 3177 310 3192 ,
327 3156 499 3185 sexcentos
517 3151 662 3191 amplius
679 3158 787 3181 annos

123 3203 266 3235 Pulvere
287 3203 403 3235 delitui
422 3201 594 3242 squalidus
614 3205 713 3240 atque
731 3201 799 3231 situ
816 3224 823 3231 .

80 3255 194 3286 Donec
207 3261 260 3285 me
275 3254 382 3293 pietas
398 3253 509 3292 Magni
530 3252 701 3282 remcavit
718 3249 758 3281 ad
777 3258 875 3280 auras

123 3304 286 3335 nENRiCl
304 3325 314 3341 ,
338 3302 441 3342 digno
468 3302 689 3340 restituitque
714 3300 798 3332 1000.

2028 184 2102 223 521

1137 254 1231 291 Rem
1255 251 1498 290 litterariam
1538 252 1706 291 coluisse
1743 253 1778 289 E
1781 252 2016 291 thelstanum
2057 258 2109 293 te-

1137 318 1296 353 stantur
1323 315 1441 353 etiam
1479 314 1520 352 hi
1550 313 1759 366 cujusdam
1803 327 1876 353 non
1917 315 2109 355 ineruditi

1137 375 1362 415 laudatoris
1384 378 1469 428 ejzis
1489 378 1520 426 a]
1543 375 1737 415 versiculi
1750 391 1760 414 .·

1129 461 1176 493 Ad
1196 464 1298 501 patris
1318 462 1464 494 edictum
1482 462 1578 494 datus
1597 465 1630 495 in
1650 465 1851 496 documenta
1870 466 2071 499 'scholarum

1172 513 1337 543 Extimuit
1352 512 1477 551 rigidos
1496 537 1505 549 ‚
1522 513 1626 544 serula
1646 515 1831 553 crepitante
1847 539 1855 552 ‚
1875 517 2052 555 magistros
2067 541 2077 555 ‚

1168 562 1210 590 Et
1228 565 1346 599 potans
1366 560 1472 592 avidis
1489 560 1663 593 doctrinae
1688 563 1787 594 mella
1804 564 1959 596 medullis

1176 611 1331 641 Decurrit
1348 614 1479 642 teneros
1500 635 1510 648 ,
1528 611 1585 642 sed
1603 620 1669 643 non
1697 614 1871 652 pueriliter
1885 639 1896 652 ‚
1915 623 2034 646 annos.

1135 694 1303 745 .·itquae
1325 694 1544 734 Guilelmus
1563 695 1845 737 illeildunensis
1855 697 2000 750 adfert,
2020 699 2100 738 lon-

1133 768 1181 807 9e
1197 756 1372 795 certiora
1391 760 1506 805 sunt,
1532 756 1672 795 scribit
1694 759 1796 796 enim
1825 759 2102 800 Ethelstanum

1135 829 1253 856 usum
1272 817 1397 870 fuisse
1421 817 1574 856 calamo
1595 851 1606 868 7
1627 823 1747 870 atque
1766 820 1863 859 adeo
1894 834 1935 861 se
1957 823 2105 863 vidisse

1137 878 1284 919 librum
1321 878 1373 918 ab
1417 892 1459 919 eo
1498 881 1719 932 scriptum,
1746 885 1929 933 quamvis
1962 885 2003 923 in
2040 885 2104 924 illo

1136 941 1299 980 Latinae
1338 941 1496 993 linyuae
1514 943 1735 995 puritatem
1769 944 1976 984 desideret.
2002 948 2104 986 llaec

1138 1004 1363 1053 lelandus,
1395 1017 1516 1056 quem
1559 1017 1636 1044 non
1675 1006 1812 1046 dubito
1847 1019 1869 1046 a
1906 1010 2105 1048 sententia

1135 1066 1319 1105 Guilelmi
1341 1067 1560 1106 aberrasse.
1582 1070 1644 1108 En
1669 1069 1739 1107 tibi
1767 1068 1855 1119 ejus
1879 1070 2001 1109 verba
2021 1084 2028 1108 ς
2049 1072 2106 1108 De

1133 1127 1380 1167 AEtlzelstcmo
1405 1131 1506 1180 Resse
1526 1141 1603 1168 non
1622 1130 1802 1170 invalida
1825 1131 1935 1184 apud
1952 1131 2100 1183 singvlos

1130 1189 1243 1241 fama
1266 1190 1443 1238 seritur⁷
1467 1191 1573 1242 quod
1594 1204 1705 1231 nemo
1729 1192 1896 1245 leyalius
1919 1193 1983 1233 vel
2002 1194 2102 1233 litte-

1131 1252 1262 1290 ratius
1297 1255 1429 1304 Remp.
1465 1253 1825 1294 administraverit.
1862 1257 2103 1308 Quanquam

1132 1311 1284 1352 litteras
1314 1314 1428 1353 illum
1463 1316 1586 1355 scisse
1602 1348 1612 1365 ,
1632 1317 1760 1368 pauci
1778 1317 1993 1356 admodum
2016 1317 2100 1356 dies

1131 1379 1224 1414 sunt
1243 1377 1348 1428 quod
1366 1376 1573 1416 didicerim
1594 1410 1602 1428 ,
1627 1379 1668 1417 in
1684 1379 1855 1430 quodam
1878 1392 1974 1420 sane
1991 1379 2102 1419 volu-

1129 1439 1232 1477 mine
1259 1443 1442 1489 vetusto,
1478 1440 1518 1478 in
1546 1452 1622 1492 quo
1660 1442 1834 1493 scriptor
1873 1444 1962 1492 (non
2004 1454 2101 1481 sane

1131 1502 1414 1541 AEtlielstanus
1440 1504 1534 1553 ipse,
1556 1503 1625 1541 sed
1651 1504 1766 1554 alius7
1791 1515 1855 1543 res
1878 1504 2100 1543 traditurus

1128 1563 1373 1602 AEthelstani
1396 1569 1436 1602 et
1467 1564 1616 1613 laudes)
1642 1577 1731 1604 cum
1761 1565 1991 1619 difficultate
2012 1578 2097 1605 ma-

1129 1625 1253 1665 teriae
1292 1625 1541 1675 luctabatur,
1564 1626 1766 1679 judicium
1788 1628 1915 1666 animi
1934 1629 2003 1667 sui
2021 1641 2098 1668 non

1126 1687 1263 1727 valens
1293 1701 1370 1741 pro
1399 1693 1486 1728 voto
1505 1689 1707 1741 proferre.
1730 1690 1858 1742 Cujus
1883 1690 1944 1729 hic
1966 1690 2093 1730 verba

1120 1763 1197 1802 pro
1226 1751 1450 1802 compendio
1475 1751 1739 1803 subjicerem,
1779 1752 1860 1791 nisi
1895 1752 2001 1804 quod
2037 1752 2098 1791 ul-

1129 1817 1195 1851 tra
1233 1814 1451 1865 opinionem
1489 1814 1528 1852 in
1566 1813 1752 1853 laudibus
1786 1815 1986 1866 Principis
2015 1816 2094 1865 (ΧΕ-

1128 1876 1330 1924 thelstani)
1367 1879 1544 1926 vayatur
1580 1888 1621 1914 eo
1645 1875 1802 1914 dicendi
1819 1888 1964 1927 yenere
1988 1877 2096 1928 quod

1129 1938 1337 1977 suffultum
1361 1949 1442 1976 reac
1463 1936 1678 1989 facundiae
1702 1940 1900 1978 Romanae
1945 1938 2093 1977 Tullius

1130 2000 1169 2038 in
1208 1999 1428 2039 Rhetoricis
1463 1999 1649 2052 appellat.
1671 2000 1885 2051 Eloquium
1923 2005 2096 2040 eoecusat

1126 2062 1365 2101 consuetudo
1392 2061 1500 2101 illius
1520 2062 1705 2114 temporis
1722 2076 1731 2100 :
1752 2062 1935 2101 Lauda-m
1957 2063 2093 2101 nimie-

1128 2127 1243 2162 tatem
1273 2124 1490 2163 adornavit
1526 2123 1648 2176 favor
1682 2124 1925 2164 AEtlielstani
1959 2125 2092 2164 adhuc

1124 2177 1302 2217 viventis.
1336 2179 1478 2217 Mirum
1502 2190 1661 2229 quoque
1686 2184 1748 2217 est
1774 2179 1878 2217 unde
1910 2179 2090 2218 hauserit

1123 2241 1267 2280 Baleus
1305 2240 1411 2291 quod
1436 2242 1495 2288 II⁷
1521 2239 1585 2279 27.
1621 2241 1818 2280 Guilelmo
1852 2241 2091 2280 Malmesbu-

1125 2304 1245 2341 riensi
1282 2307 1386 2342 teste
1426 2303 1585 2342 laudato
1623 2303 1760 2341 scribit
1792 2302 2092 2342 AEthelstanum

1123 2364 1362 2416 Scripturas
1385 2364 1552 2404 Divinas
1574 2365 1680 2404 verti
1699 2364 1840 2417 fecisse
1879 2364 1919 2402 in
1951 2363 2093 2415 Anylo-

1125 2426 1373 2465 Saocmzicum
1394 2426 1540 2465 idioma
1560 2438 1616 2465 eu:
1632 2426 1868 2478 purissimis
1884 2425 2086 2464 Hebraeo-

1125 2499 1218 2525 rum
1248 2487 1423 2539 fontibus
1458 2500 1534 2539 per
1575 2488 1767 2539 quosdam
1805 2487 2008 2526 Hebraeos
2036 2487 2091 2525 ad

1127 2549 1477 2589 Christianismum
1507 2554 1553 2589 ut
1578 2549 1739 2589 credere
1764 2561 1844 2602 par
1877 2553 1934 2589 est
1957 2550 1997 2587 in
2018 2560 2090 2588 suo

1123 2622 1243 2662 reyno
1261 2623 1482 2651 conversos.
1507 2612 1583 2650 Sed
1600 2611 1738 2650 eodem
1777 2612 1893 2650 Baleo
1929 2616 2091 2651 notante

1121 2673 1402 2712 AEthelstanus
1419 2674 1540 2724 Leyes
1562 2674 1750 2722 antiquas
1787 2673 1984 2720 correxit,
2021 2684 2089 2712 no·

1120 2746 1273 2785 vasque
1293 2736 1413 2773 utiles
1432 2734 1790 2784 condiditquarum
1816 2735 1985 2772 initium:
2006 2735 2087 2785 Eyo

1121 2796 1397 2835 Ethelestanus
1412 2796 1572 2835 consilio
1589 2798 1683 2836 Rus.
1707 2797 1895 2836 Edictum
1920 2796 1975 2834 ad
1996 2795 2088 2834 sub-

1122 2858 1221 2897 ditos
1231 2859 1337 2909 quod
1362 2861 1499 2910 incipit
1517 2873 1523 2897 z
1546 2857 1803 2898 Ethelstanus
1824 2861 1914 2898 Rea:
1934 2860 2086 2910 notifico

1120 2918 1241 2959 vobis.
1251 2922 1457 2960 Praeterea
1479 2920 1783 2960 Constitutiones
1794 2920 1896 2959 cleri
1903 2920 1977 2959 etsi
1986 2925 2087 2960 stro·
2096 2934 2105 2941 ·

1122 2980 1288 3032 loyicum
1314 2983 1433 3033 Opus.
1452 2984 1559 3022 Inter
1583 2983 1691 3033 leges
1716 2983 2023 3021 Ecclesiasticas
2043 2988 2083 3021 et

1124 3045 1160 3081 in
1207 3045 1380 3082 Concilio
1414 3046 1674 3093 Gratcleano,
1707 3046 1812 3095 Rege
1851 3044 2085 3084 Athelstano

1125 3107 1298 3144 sancitas
1318 3107 1422 3157 apud
1447 3108 1758 3158 Speelmannum
1796 3112 1892 3145 toni.
1918 3108 1958 3157 1,
1983 3108 2085 3147 Con-

1123 3166 1185 3205 cil.
1201 3165 1417 3217 Anglorum
1441 3181 1524 3219 pag.
1553 3169 1627 3207 403
1649 3174 1688 3207 ct
1713 3169 1801 3214 396,
1828 3181 1909 3219 seq.
1937 3181 2085 3208 memo-

1183 3297 1318 3337 aJApud
1328 3297 1529 3330 Guilclinuin
1539 3299 1866 3332 malmesburiensem
1885 3301 1940 3333 lib.
1953 3302 1973 3332 2
1992 3312 2023 3342 p.
2034 3303 2085 3334 40.

1738 3370 1789 3407 oo
