2500 4009
449 149 527 190 mc
1190 141 1684 184 BERTRANnus

450 225 552 271 ginis
577 232 644 273 pro
668 210 859 258 contraria
883 214 1081 254 sententia
1108 215 1300 272 opposuit.
1329 215 1399 254 Pa-

451 285 650 322 schasium
692 280 906 329 respiciunt
950 276 1071 315 verba
1112 277 1314 315 llatramni
1359 278 1396 314 in

450 347 701 398 praefatione:
729 338 896 379 Obsecro
918 338 1182 377 reverentiam
1211 341 1330 386 tuam,
1355 342 1400 376 ut

451 406 504 444 ml
519 403 798 455 suwesti'onem
814 400 1031 452 parvitatis
1054 404 1212 439 nostrae
1230 411 1398 453 respon«—

450 468 541 506 dere.
562 477 636 502 uon
655 463 851 516 yraveris.
873 464 927 502 De
943 464 1219 502 Controversia
1230 463 1292 502 illa
1307 462 1397 502 vide

449 532 488 568 B.
514 526 685 577 litigium
710 526 758 564 de
779 525 1028 564 Bibliothecis
1045 526 1201 565 Patrum
1218 536 1303 576 pag.
1323 526 1395 564 169

449 595 488 627 ct
507 600 606 639 quos
626 588 761 627 laudat
784 587 1047 627 Mabillonium
1065 588 1150 625 Sec..
1168 587 1215 625 IV
1237 586 1399 625 Benedi-

448 653 542 689 ctin.
562 652 674 690 Parte
694 651 717 689 2
738 650 900 689 Praesat.
925 661 1008 700 cap.
1035 649 1057 687 3
1082 654 1121 687 et
1137 654 1230 688 tom.
1261 650 1294 688 ll
1318 648 1398 688 An-

451 713 598 752 nalium
614 711 854 751 Benedictin.
873 710 920 750 ad
942 711 1101 750 Annum
1119 710 1194 749 8144
1218 721 1304 762 pag.
1321 711 1397 749 65¹2

449 785 560 825 seqq.
581 779 621 813 et
644 774 818 813 Natalem
830 772 1096 812 Alexandrum
1115 774 1200 812 Sec.
1221 774 1273 812 lx
1293 777 1333 811 et
1348 773 1396 811 X.

448 839 562 877 Parte
587 838 631 875 ll.
657 837 861 875 Dissertat.
888 836 948 875 13.

499 897 678 950 Epistola
706 898 754 937 ad
778 897 1022 937 Rimbertum
1043 896 1323 947 Presbyterum
1353 894 1399 934 de

452 959 750 1013 Cynocephali's,
774 960 877 1010 quod
898 971 975 998 non
1001 961 1080 998 sint
1102 958 1210 998 Adae
1232 959 1400 1009 posteris

450 1023 676 1075 deputandi.
694 1022 808 1061 Edita
817 1034 865 1061 ex
883 1021 1023 1061 Codice
1032 1020 1291 1059 Bibliothecae
1306 1022 1402 1059 l’au-

454 1086 554 1124 linae
579 1085 808 1135 Lipsiensis,
833 1083 881 1122 ab
917 1082 1069 1122 erudito
1106 1082 1196 1120 Viro
1224 1081 1401 1120 Gabriele

455 1149 627 1186 Dumont
651 1148 688 1183 in
714 1145 990 1185 dissertatione
1027 1143 1076 1182 de
1116 1143 1401 1194 cynocephalis

455 1211 603 1247 inserta
639 1212 745 1246 tomo
774 1212 886 1246 sexto
910 1207 1101 1246 Historiae
1124 1206 1289 1245 Criticae
1316 1205 1403 1243 Rei-

452 1271 629 1321 publicae
649 1266 1297 1316 Litterario-Massonianae,editae
1315 1267 1405 1305 Gal-

453 1332 526 1370 lice
548 1331 830 1371 Amstelodami
857 1330 1039 1378 1714,12
1062 1340 1147 1380 pag.
1173 1328 1363 1368 188-196.

509 1394 622 1432 Liber
641 1393 687 1432 (le
702 1393 853 1441 anima,
868 1392 971 1444 quod
989 1403 1065 1430 non
1082 1392 1257 1429 omnium
1282 1390 1405 1429 homi-

458 1467 554 1498 num
578 1467 656 1495 una
679 1458 730 1494 sit
748 1457 899 1503 anima,
920 1459 964 1494 ut
985 1455 1181 1494 Marianus
1201 1453 1342 1492 Scotus
1357 1465 1403 1492 ex

458 1518 542 1557 loco
564 1517 732 1568 quodam
762 1517 972 1569 Augustini
1001 1516 1049 1554 de
1077 1516 1296 1566 quantitate
1324 1515 1406 1552 ani-

457 1590 557 1625 mae,
573 1580 848 1618 affirmaverat.
872 1580 940 1618 Hic
964 1579 1077 1626 liber,
1106 1588 1224 1628 quem
1245 1576 1404 1627 habuit,

455 1641 652 1692 edereque
678 1642 802 1680 voluit
833 1641 1092 1688 Mabillonius,
1116 1643 1247 1678 exstat
1289 1639 1407 1677 etiam

455 1704 533 1742 MS.
559 1705 596 1741 in
620 1705 740 1742 variis
761 1703 922 1753 Angliae
946 1701 1205 1741 Bibliothecis.

507 1766 567 1806 Ex
609 1766 803 1804 Hincmari
824 1765 919 1803 libro
939 1764 986 1802 de
1012 1775 1089 1803 una
1124 1767 1164 1801 et
1199 1773 1277 1800 non
1300 1763 1402 1802 trina

457 1828 607 1865 Deitate
633 1833 724 1865 tom.
742 1828 755 1865 Ι
773 1828 943 1878 Operum
965 1837 1050 1876 pag.
1074 1826 1148 1865 413
1169 1829 1209 1863 et
1225 1825 1299 1863 438
1313 1835 1405 1863 con-

456 1895 537 1928 stat
552 1891 807 1928 llatramnum
823 1900 913 1928 cum
930 1887 1194 1926 Godeschaleo
1210 1886 1407 1925 defendis-

459 1963 523 2000 se,
548 1957 587 1990 et
611 1953 740 1991 liilarii
764 1956 883 2001 atque
908 1950 1118 2001 Augustini
1134 1949 1248 1987 dictis
1266 1949 1406 1987 confir-

460 2024 591 2051 masse
613 2013 734 2051 veilm
757 2013 904 2050 veteris
923 2012 1085 2061 hymni:
1112 2010 1158 2048 Te
1181 2010 1290 2047 trina
1316 2009 1406 2047 Dei-

459 2076 522 2111 tas
547 2084 702 2124 unaque
721 2072 937 2123 poscimus,
974 2083 1042 2122 pro
1071 2082 1148 2121 quo
1171 2072 1404 2109 Hincmarus

462 2135 599 2173 maluit
627 2135 673 2172 Te
696 2145 850 2172 summa
863 2133 1008 2172 Deitas.
1026 2133 1138 2171 Liber
1159 2136 1308 2179 autem,
1328 2142 1404 2182 quo

461 2195 496 2232 id
514 2207 535 2233 a
552 2197 760 2233 llatramno
779 2196 936 2243 sactum,
954 2194 999 2233 ad
1025 2205 1097 2232 nos
1120 2205 1195 2232 non
1211 2194 1402 2244 pervenit.

515 2257 838 2295 BliliTuANDUS
869 2255 1056 2306 slyerius,
1084 2256 1287 2303 Minorita,
1314 2254 1407 2305 Epi-

462 2330 605 2370 scopus
624 2318 853 2368 Adjaccnsis
882 2319 918 2355 in
949 2318 1103 2357 Corsica
1128 2317 1285 2364 Insula,
1316 2316 1404 2354 inde

460 2380 754 2428 GlandatensiS,
778 2384 817 2418 et
839 2379 887 2418 ab
909 2379 982 2417 An.
1011 2379 1103 2417 1371
1125 2378 1172 2417 ad
1193 2378 1291 2416 1392
1315 2378 1406 2416 Car-

462 2443 602 2481 dinalis
621 2443 813 2482 Clementi
843 2442 1010 2492 septimo
1035 2442 1072 2478 in
1097 2440 1310 2478 schismate
1339 2437 1405 2477 ad-

461 2515 605 2543 versus
622 2504 820 2543 Urbanum
841 2504 887 2542 Vl
906 2504 1067 2541 amicuS.
1084 2502 1179 2541 Vide
1196 2500 1404 2551 Waddingi

462 2567 636 2606 Annales
654 2565 702 2604 ad
725 2566 885 2604 Annum
906 2565 998 2605 1371
1031 2576 1068 2603 n.
1090 2566 1149 2604 11.
1175 2564 1407 2614 Scripsitte-

464 2634 524 2667 stc
559 2629 694 2667 eodem
723 2627 941 2679 Waddingo
969 2630 1106 2666 contra
1134 2625 1314 2665 haereses
1342 2624 1409 2664 sui

466 2691 660 2742 temporis.

518 2755 629 2793 Alius
674 2751 1004 2792 BERTRANDUS
1032 2750 1078 2789 de
1109 2750 1232 2788 Turre
1259 2747 1403 2798 nobili,

467 2828 584 2865 quem
609 2827 699 2854 cum
724 2817 921 2866 superiore
947 2813 1104 2864 quidam
1133 2811 1404 2860 confundunt,

466 2879 568 2916 inter
590 2878 786 2916 Minoritas
802 2877 885 2914 sive
901 2876 1178 2914 Franciscanos
1192 2874 1333 2912 Doctor
1345 2872 1406 2925 fa-

465 2951 608 2989 mosus,
624 2944 741 2990 atque
764 2939 812 2978 ab
831 2938 943 2977 Anno
961 2938 1059 2977 1319
1079 2936 1405 2988 Archieplscopus

469 3003 761 3049 SalernitanuS,
800 3005 839 3039 et
872 3000 920 3039 ab
954 2998 1066 3038 Anno
1096 2998 1196 3039 1320
1224 2997 1273 3037 ad
1303 2998 1402 3037 1334

467 3064 693 3103 Cardinalis.
714 3063 877 3113 Scripsit
900 3062 940 3100 in
958 3063 1013 3101 IV
1032 3060 1152 3100 libros
1190 3059 1404 3100 Sententia-

468 3137 570 3163 rum.
583 3128 785 3165 Sermones
796 3124 1047 3176 Epistolarcs,
1059 3126 1141 3163 sive
1157 3125 1193 3162 in
1211 3123 1404 3174 Epistolas

469 3189 644 3236 missalis,
669 3199 836 3227 excusos
859 3185 1094 3237 Argentinae
1113 3185 1158 3224 A.
1176 3187 1292 3225 4504.
1314 3185 1405 3224 Ser—

470 3259 595 3288 mones
620 3250 657 3288 in
679 3249 910 3299 Ευαηῃεῐία,
931 3248 976 3287 de
999 3252 1179 3300 tempore,
1197 3249 1405 3298 etSermo-

1468 227 1534 255 nes
1552 215 1597 255 de
1616 215 1770 256 Sanctis
1784 247 1794 266 ,
1815 227 1863 255 ac
1881 214 2264 268 Quadrayesimales.
2289 217 2415 258 Colla-

1469 278 1589 318 tiones
1610 277 1863 330 Theoloye‘cas.
1880 281 2107 318 Tractatum
2124 279 2172 318 de
2182 283 2417 332 paupertate

1470 341 1679 382 CHRISTI
1692 346 1729 380 et
1742 341 2026 392 Apostolorum,
2044 342 2140 381 Vide
2155 341 2415 381 Trithemium

1467 415 1550 455 cap.
1588 405 1675 443 548.
1717 403 1924 454 Waddingi
1947 404 2122 442 Annales
2143 406 2338 444 Minorum
2366 403 2416 443 ad

1468 466 1628 506 Annum
1656 466 1757 506 1317
1782 475 1891 503 num.
1916 466 1941 504 2
1964 476 2046 516 seq.
2079 467 2179 506 1319
2204 478 2314 506 num.
2343 466 2416 511 13.

1470 529 1688 568 132011ωη.
1708 529 1748 574 5,
1768 529 1780 566 1
1793 527 1868 566 328
1886 537 1994 565 num.
2013 527 2061 566 18
2076 531 2115 566 et
2134 528 2414 567 Bibliothecam

1468 602 1552 642 pag.
1579 591 1639 628 60.
1669 590 1885 628 Sermones
1900 587 2020 638 hujus
2035 588 2239 627 Bertrandi
2255 589 2344 640 plus
2359 599 2419 628 se-

1467 653 1543 691 mel
1568 651 1693 690 editos
1715 650 1962 701 Argentorati
1977 660 2022 688 ac
2037 651 2193 688 Parisiis
2218 654 2259 688 et
2277 650 2315 688 in
2332 650 2418 701 plu-

1469 714 1576 752 ribus
1596 712 1844 751 Bibliothecis
1867 712 1998 750 MStos
2024 715 2134 750 notat
2152 710 2393 751 Pelhestrius
2407 741 2416 758 .

1470 785 1698 825 remarqucs
1721 774 1898 823 Critique
1930 783 1999 812 sur
2018 773 2078 812 les
2101 773 2240 813 Essais
2268 772 2318 812 de
2340 774 2419 812 Lit-

1469 841 1641 875 terature
1665 837 1772 875 Paris
1796 834 1916 884 1703,
1946 835 1996 874 12
2017 846 2103 886 pag.
2135 834 2177 875 ’71
2213 845 2296 886 seq.
2320 833 2417 875 Vide

1469 903 1509 937 et
1530 897 1777 948 Raynaldum
1799 895 1847 935 ad
1866 895 2025 936 Annum
2049 896 2156 937 43⁴7·
2171 909 2211 937 n.
2232 897 2296 937 32.

1522 960 1542 982 ⁴⁸
1566 960 1690 999 Huius
1705 959 1779 997 viri
1793 961 1986 997 tractatus
1998 957 2048 997 de
2059 963 2290 1010 paupertate
2305 959 2418 998 Chri-

1471 1023 1547 1070 sti,
1576 1025 1616 1060 et
1651 1019 1929 1072 Apostolorum
1951 1019 2047 1058 nihil
2088 1019 2186 1058 forte
2219 1024 2283 1059 est
2309 1020 2415 1060 aliud

1469 1093 1588 1135 quain
1616 1083 1751 1121 brevis
1775 1081 1987 1132 disputatio
2015 1080 2180 1132 legenda
2213 1081 2254 1120 in
2281 1082 2414 1122 codice

1470 1145 1640 1196 quodam
1680 1145 1760 1183 MS.
1794 1142 2055 1182 Bibliothecae
2092 1142 2215 1182 Felini
2252 1144 2292 1182 in
2321 1143 2416 1183 Bibl.

1473 1208 1700 1248 Canonicor.
1723 1207 1852 1246 Maior.
1889 1205 2090 1244 Ecclesiae
2123 1205 2325 1244 Lucensis.
2348 1207 2422 1246 Est

1474 1275 1605 1309 autem
1618 1268 1749 1308 Codex
1773 1267 1966 1307 haedinus
1986 1267 2175 1307 Saec.xv
2184 1268 2368 1319 scriptus,
2381 1269 2421 1307 in

1475 1343 1553 1383 quo
1573 1331 1792 1381 disquisitio
1827 1330 1893 1369 illa
1925 1329 2030 1368 hunc
2053 1329 2213 1369 titulum
2239 1330 2420 1381 praefert.

1475 1393 1658 1443 Quaestio
1673 1392 1887 1446 disputata,
1902 1395 1946 1431 ul
1958 1390 2085 1441 eredo,
2095 1400 2172 1444 per
2179 1392 2227 1431 F.
2234 1393 2424 1432 Bertran-

1474 1455 1567 1494 dam
1586 1455 1633 1494 de
1656 1454 1740 1494 ord.
1763 1454 1856 1494 min.
1880 1453 2026 1494 Divina
2048 1453 2299 1494 Providentia
2322 1454 2423 1495 Car-

1474 1516 1660 1567 dinalem,
1685 1522 1723 1556 et
1744 1517 1981 1569 Episcopum
2005 1515 2267 1556 Tusculanum
2288 1527 2422 1562 coram

1475 1581 1586 1631 Papa
1625 1581 1783 1631 Incipit:
1823 1579 2020 1632 supposito
2059 1577 2163 1631 quod
2199 1582 2422 1631 paupertas

1474 1641 1708 1693 evanyeliea.

1524 1702 1713 1742 Antonius
1735 1702 2061 1743 BERTRANDUS
2078 1702 2098 1740 J
2103 1703 2202 1742 Ctus
2222 1701 2325 1740 circa
2342 1701 2422 1742 An-

1473 1777 1567 1805 num
1595 1765 1709 1805 1467.

1527 1827 1858 1868 BERTRANDUS
1873 1823 2301 1874 CasaeDeiMonachus,
2321 1825 2423 1864 Scri-

1473 1884 1670 1942 ptor'libri
1693 1889 1876 1940 tripertiti
1899 1887 1948 1927 de
1970 1887 2059 1927 Vita
2077 1889 2120 1927 B.
2143 1887 2311 1934 Roberti,
2333 1887 2420 1926 fun-

1474 1952 1620 1992 datoris
1643 1956 1683 1989 et
1705 1950 1867 1989 Abbatis
1890 1950 2012 1989 Casae
2035 1950 2124 1998 Dei,
2145 1948 2320 1988 defuncti
2342 1948 2422 1988 An-

1474 2024 1524 2051 no
1549 2014 1650 2052 1168
1669 2012 1689 2035 *
1712 2013 1778 2062 qui
1798 2015 1930 2049 exstat
1952 2012 1990 2048 in
2015 2010 2156 2049 Labbei
2185 2009 2422 2049 Bibliotheca

1476 2086 1577 2112 nova
1599 2074 1705 2112 MSS.
1729 2077 1822 2110 tom.
1848 2073 1880 2110 ll
1904 2083 1990 2122 pag.
2021 2071 2097 2110 637
2132 2076 2172 2110 et
2200 2082 2292 2111 cum
2321 2073 2423 2111 Hen-

1476 2135 1623 2173 schenii
1663 2135 1790 2180 notis,
1822 2134 1860 2171 in
1888 2132 1998 2172 Actis
2028 2133 2203 2172 Sanctor.
2245 2134 2295 2173 24
2327 2133 2419 2185 Apr.

1477 2200 1569 2234 tom.
1595 2197 1646 2235 111
1670 2208 1707 2247 p.
1731 2195 1819 2234 3026.

1528 2256 1856 2297 BERTRANDUS
1869 2255 1915 2295 de
1925 2256 2085 2302 Deucio‚
2101 2257 2296 2296 Uticensis
2311 2258 2423 2297 Dioe-

1477 2321 1597 2367 cesis,
1634 2324 1675 2357 et
1701 2318 1938 2365 Cardinalis,
1976 2317 2188 2357 defunctus
2214 2318 2287 2358 An.
2321 2320 2420 2359 1353

1476 2381 1654 2420 Octobris
1676 2382 1738 2420 21.
1759 2381 1827 2419 Hic
1847 2381 1975 2419 Vitam
1995 2384 2035 2418 et
2057 2381 2423 2420 PassionemCHri-

1477 2445 1528 2482 sti
1548 2443 1761 2483 Salvatoris
1785 2442 1920 2481 Latino
1943 2443 2124 2481 Carmine
2144 2442 2336 2494 Sapphico
2356 2454 2419 2483 ce-

1476 2507 1589 2554 cinit,
1605 2507 1708 2544 sicut
1726 2503 2053 2544 BERTRANDUS
2065 2502 2093 2543 A
2096 2503 2285 2555 poherius
2308 2505 2419 2544 Sote-

1478 2569 1683 2619 rologium,
1703 2568 1786 2606 sive
1808 2567 1937 2606 Vitam
1954 2567 2174 2606 servatoris
2194 2567 2318 2605 nostri
2332 2578 2422 2606 ver.-

1478 2630 1587 2669 sibus
1610 2629 1816 2680 descripsit
1842 2628 2048 2679 elegiacis,
2072 2640 2190 2679 quam
2219 2628 2420 2668 Gesnerus

1479 2696 1669 2731 memorat
1688 2691 1832 2730 editam
1854 2691 1972 2730 Paris,
1994 2691 2032 2728 in
2057 2691 2091 2729 4.

1531 2753 1860 2794 BERTRANDUS
1898 2750 2220 2802 Mediolanensis,
2261 2751 2418 2791 Ordinis

1477 2817 1667 2855 Minorum
1684 2845 1692 2864 ,
1717 2814 1934 2854 Cardinalis
1950 2818 1989 2853 et
2009 2815 2090 2865 ipse
2103 2815 2205 2853 circa
2219 2812 2291 2853 An.
2317 2813 2418 2853 1325

1476 2877 1697 2917 Videndum
1723 2879 1824 2916 sitne
1848 2877 1909 2915 hic
1931 2875 2144 2915 Trithemio
2163 2874 2344 2914 laudatus
2362 2874 2419 2913 di-

1476 2950 1618 2978 versus
1640 2950 1661 2977 a
1684 2938 1896 2977 Bertrando
1919 2938 1966 2977 de
1990 2939 2129 2983 Turre,
2158 2937 2206 2976 de
2234 2946 2310 2988 quo
2335 2934 2416 2986 jam

1476 3001 1640 3050 dictum,
1665 3012 1755 3039 nam
1777 3005 1817 3038 et
1840 3005 1997 3051 tempus
2016 3004 2056 3038 et
2077 2998 2221 3048 Religio
2240 3000 2280 3036 ct
2293 2996 2418 3049 ‹ligni-

1475 3068 1537 3103 tas
1559 3062 1760 3114 congruit,
1781 3066 1821 3099 et
1840 3061 1901 3099 hic
1919 3071 2076 3111 quoque
2103 3058 2270 3098 traditur
2298 3060 2419 3110 scrip-

1477 3127 1578 3165 sisse
1601 3126 1810 3165 Sermones
1840 3123 1876 3160 in
1905 3121 2100 3173 Epistolas
2135 3124 2176 3159 et
2202 3120 2416 3173 Evangelia

1532 3259 1545 3273 ⁸
1568 3257 1712 3301 Labheus
1735 3259 1759 3288 t.
1783 3257 1809 3288 11
1833 3253 2053 3288 Bibliothecae
2071 3261 2174 3289 novae
2191 3256 2271 3288 MSS.
2295 3262 2327 3294 p.
2342 3252 2414 3286 650.
