2500 4009
453 219 530 258 602

452 290 655 341 pravitatis
681 287 955 334 inquisitorem
983 283 1078 320 infra
1105 287 1200 319 ‘octo
1232 280 1384 320 dierum

452 352 620 401 spatium
659 347 733 385 sub
757 356 879 396 poena
903 342 1322 382 excommunicationis
1350 346 1391 380 et

452 413 701 450 florenorum
732 408 781 445 X.
819 407 921 453 auri,
951 410 995 444 ut
1024 405 1193 443 {lammis
1230 404 1392 444 deman-

449 475 617 516 dentur,
648 471 749 507 sieut
777 469 942 506 cremari
973 467 1089 517 digna
1117 472 1236 514 sunt,
1266 472 1307 505 et
1339 467 1392 504 ita

450 546 494 572 ea
522 530 733 571 cremanda
756 531 1031 580 pronunciavit
1058 545 1089 568 ».

501 592 745 632 FRANCISC
753 592 812 631 US
830 591 971 641 N1'9er,
991 584 1202 642 Presbyter
1217 592 1393 630 Venetus

449 659 550 695 cirea
566 654 724 693 Annum
753 655 866 693 4480.
883 654 998 704 eujus
1024 653 1335 692 Grammaticam
1355 657 1391 691 et

453 715 645 769 Epe'stolas
668 717 800 756 laudat
824 716 1067 755 'frithemius
1090 728 1174 767 cap.
1200 717 1290 754 848.
1318 717 1395 755 Ex-

451 786 529 819 stat
552 781 672 819 etiam
697 779 784 829 ejus
801 780 955 819 libellus
970 778 1142 825 democle
1163 783 1207 818 ut
1224 780 1307 829 ipse
1331 789 1398 817 vo-

449 848 512 881 cat
536 841 780 894 epi'stolancli.

508 909 523 925 ‘
546 907 669 944 liuius
685 906 727 943 P.
753 903 962 942 Francisei
984 903 1114 942 Veneti
1127 907 1189 941 est
1208 904 1400 953 epigram-

454 980 514 1007 ma
540 968 748 1018 legendum
775 968 812 1004 in
839 967 914 1004 line
938 967 1068 1016 operis
1104 963 1290 1002 leeorica
1319 963 1401 1002 Pla-

449 1036 628 1069 nciarum
649 1029 810 1068 (lerardi
833 1028 1114 1067 Cremonensis
1140 1027 1208 1074 (sic
1231 1026 1290 1074 ibi)
1307 1025 1399 1063 editi

454 1094 646 1131 Bononiae
676 1093 713 1129 in
755 1092 795 1137 4,
821 1102 884 1128 an.
923 1090 1024 1128 4489
1049 1101 1119 1140 per
1149 1089 1397 1126 Dominicum

454 1157 624 1194 Fuscum
651 1154 941 1192 Ariminensem
970 1152 1043 1190 En.
1072 1150 1178 1189 illud.

507 1216 661 1254 Syilereos
684 1213 766 1244 coeli
790 1216 919 1249 motus,
943 1214 1165 1251 nutantiaque
1187 1215 1276 1242 astra
1297 1234 1307 1247 ‚

546 1267 585 1295 Et
604 1263 811 1304 planetarum
829 1261 978 1302 perlege,
1002 1262 1122 1299 lector,
1142 1270 1244 1301 equos

509 1316 659 1354 impressi
678 1312 809 1344 ruerant
826 1320 936 1351 reges,
955 1313 1184 1351 impressaque
1203 1312 1288 1343 bella

553 1368 643 1401 Quae
663 1370 792 1401 gessere
810 1365 919 1401 patres
934 1384 943 1398 ,
967 1362 1103 1399 auspice
1121 1362 1219 1400 digna
1238 1365 1328 1393 Jove.

507 1415 567 1444 Sed
584 1414 641 1452 qui
661 1411 747 1443 bella
764 1413 868 1450 regit,
887 1413 978 1450 pacis
997 1413 1053 1450 qui
1073 1410 1202 1443 foedera
1217 1413 1330 1452 jungit

549 1463 717 1503 Juppiter‚
735 1466 767 1493 et
783 1460 924 1493 Mundus
945 1463 1019 1502 jure
1038 1460 1197 1501 legendus
1216 1465 1300 1494 erat.

507 1513 751 1565 Opusculum
770 1513 857 1550 eius
879 1511 928 1549 de
952 1515 1037 1549 arte
1062 1512 1297 1561 epistolandi
1318 1523 1404 1562 pro-

456 1577 526 1614 diit
568 1587 630 1614 an.
663 1574 777 1613 4490.
804 1584 905 1623 quae
947 1578 1080 1612 tamen
1119 1573 1238 1611 editio
1274 1585 1323 1612 an
1353 1576 1404 1612 sit

457 1639 560 1689 prior
584 1638 730 1687 ignoro.
759 1636 860 1674 Eius
886 1633 1019 1674 brevis
1056 1635 1328 1674 Grammatico.
1356 1635 1404 1674 ad

454 1698 820 1751 splendidissimum
846 1700 1024 1747 equitem
1049 1698 1296 1736 Leonardum
1316 1700 1405 1736 Bot-

457 1767 536 1801 tam
558 1762 677 1800 Ducis
692 1760 896 1799 Mediolani
921 1760 970 1798 ad
995 1761 1187 1799 Senatum
1206 1761 1403 1799 Venetum

457 1829 649 1863 oratorem
666 1823 792 1861 lucem
809 1824 964 1873 aspexit
984 1823 1122 1861 Venet.
1146 1834 1207 1861 an.
1237 1823 1350 1870 4480,
1370 1823 1402 1859 4.

511 1886 625 1924 Plura
675 1885 723 1923 de
772 1886 964 1935 scriptore
1007 1886 1082 1923 isto
1126 1885 1326 1935 congessit
1366 1886 1404 1923 P.

459 1945 566 1995 liegii
596 1945 790 1996 Agostini.
813 1946 964 1984 Notizie
998 1944 1099 1995 degli
1127 1944 1305 1983 Scrittori
1335 1944 1406 1982 Ve-

463 2009 613 2046 neziani
639 2013 666 2045 t.
693 2008 736 2057 2,
754 2019 790 2058 p.
817 2007 904 2046 473.
930 2018 1007 2056 quo
1031 2006 1195 2045 docente
1219 2006 1327 2044 disco
1346 2007 1407 2045 Ni-

459 2081 571 2120 grum
612 2070 715 2107 circa
743 2080 806 2107 an.
840 2070 952 2107 4543.
986 2068 1141 2106 obiisse.
1174 2069 1270 2106 Eius
1313 2078 1408 2105 vero

460 2142 560 2181 opus
583 2130 630 2168 dc
654 2135 736 2168 arte
761 2130 997 2180 epistolandi
1024 2129 1214 2180 prodiisse
1237 2129 1407 2179 primum

462 2194 638 2231 venetiis
674 2203 735 2230 an.
767 2193 867 2229 4488
909 2193 946 2229 in
988 2192 1022 2229 4.
1049 2192 1174 2237 Quam
1217 2201 1310 2228 vero
1339 2201 1409 2239 ego

464 2255 526 2292 liic
565 2253 763 2302 indicavi,
801 2253 1015 2290 editionem
1059 2254 1151 2291 anni
1194 2253 1295 2291 4496
1326 2252 1410 2289 sine

467 2318 548 2354 10‹-0
579 2315 680 2353 idem
706 2316 765 2352 vir
790 2315 931 2353 doctus
957 2326 1032 2352 non
1061 2315 1184 2360 vidit,
1209 2314 1279 2352 sed
1306 2314 1408 2352 illam

467 2388 589 2428 penes
627 2389 689 2415 ine
727 2388 815 2415 esse
858 2381 996 2414 sancte
1022 2376 1218 2427 profiteor.
1249 2376 1410 2426 Reliqua

468 2442 540 2478 viri
585 2440 701 2478 liuius
747 2439 847 2477 docti
898 2450 1013 2488 opera
1069 2438 1170 2488 apud
1227 2437 1410 2476 eumdem

470 2504 700 2552 scriptorem
732 2501 940 2551 diligenter
971 2501 1164 2538 recensita
1194 2500 1412 2550 reperies*

523 2564 832 2602 FRANCffiCL's
879 2564 1101 2601 Parmensis
1143 2563 1266 2601 JCtus
1313 2564 1413 2600 circa

470 2625 627 2664 Annum
655 2626 768 2664 4226.
790 2626 1001 2663 Ferrariae.

525 2688 830 2727 FRANCISCL'S
855 2685 1153 2734 Passave‘ensi's,
1184 2687 1268 2724 sive
1299 2688 1417 2724 Pata-

471 2749 613 2788 viensis
631 2779 637 2795 ,
663 2749 778 2798 cujus
805 2749 1032 2788 Orationem
1051 2747 1097 2787 de
1118 2751 1158 2787 S.
1177 2747 1364 2799 Leopolclo
1381 2749 1413 2795 a)

471 2813 545 2849 An.
576 2811 684 2850 4487.
726 2812 894 2849 habitam
912 2843 922 2859 ‚
949 2816 1037 2861 post
1079 2815 1257 2849 veterem
1283 2810 1418 2848 editio-

475 2886 564 2911 nem
590 2874 763 2919 initalia,
787 2878 826 2910 ‹·t
842 2875 1001 2911 Surium
1022 2874 1083 2912 425.
1107 2871 1317 2910 Novembr.
1338 2872 1419 2910 edi-

473 2936 530 2972 dit
564 2936 824 2984 Hieronymus
846 2937 918 2973 l'cz
944 2937 979 2972 in
1006 2934 1262 2984 scriptoribus
1285 2945 1416 2972 rerum

475 2999 768 3035 Austriaearum
795 3002 888 3035 toni.
914 3000 927 3037 4
963 3010 997 3048 p.
1023 2996 1112 3035 2577.

530 3058 858 3105 1·'1z.chiSCUS.
898 3060 1089 3098 Patricius
1119 3059 1323 3108 Venetus,
1352 3060 1416 3109 qui

482 3122 522 3157 A.
552 3120 661 3159 i-tzit.
686 3122 789 3158 obiit.
816 3121 910 3159 Vide
949 3132 1066 3172 supra
1093 3126 1119 3160 t.
1153 3123 1167 3159 4
1199 3133 1234 3171 p.
1261 3121 1347 3159 460.
1380 3122 1416 3158 in

483 3182 689 3220 [franc-iseo
716 3183 960 3221 BARBARO.

536 3319 568 3340 a»
594 3312 669 3341 'ade
695 3315 839 3344 Vossinin
865 3324 937 3353 pag.
961 3315 1036 3346 012.

1194 211 1664 251 FRANCISCUS

1514 282 1532 304 *
1552 280 1859 322 FRANCISCUS
1883 281 2080 320 Patricius
2108 281 2232 320 Senas
2262 280 2396 321 habuit

1462 343 1654 392 patriam,
1688 347 1773 381 tum
1803 354 1897 382 vero
1931 345 2161 383 Caletanum
2191 342 2401 394 Episcopa-

1464 410 1548 443 tum
1578 404 1773 452 obtinuit,
1802 408 1842 442 et
1870 416 1932 442 an.
1961 405 2121 443 tandem
2152 404 2253 443 4494
2295 404 2400 443 obiit.

1464 467 1621 516 scripsit
1644 476 1744 516 opus
1766 465 1822 503 De
1844 466 1971 516 Reyno
1995 471 2035 504 et
2055 465 2168 518 Reyz's
2196 464 2404 504 institutio-

1400 539 1412 553 ·
1468 539 1540 575 ne,
1570 527 1672 578 quod
1704 538 1781 566 una
1805 538 1895 565 cum
1927 527 2086 567 scholiis
2109 529 2271 568 loannis
2294 528 2406 568 Savi-

1466 590 1578 637 gnaei
1608 589 1751 640 prodiit
1779 599 1842 628 an.
1873 589 1974 628 4549
2005 589 2042 627 in
2067 589 2131 629 fol.
2152 590 2267 630 Dedit
2285 590 2415 629 etiam,

1467 651 1522 688 De
1550 650 1787 690 institutione
1809 648 2059 701 Reipublicae
2092 650 2210 690 libros
2244 653 2314 692 IX.
2343 663 2405 691 an.

1470 713 1571 751 4494
1597 713 1679 751 loeo
1720 714 1870 751 incerto
1893 721 2064 750 excusos
2086 715 2127 751 et
2148 713 2303 753 Parisiis
2333 724 2410 753 una

1470 785 1558 813 cum
1612 774 1779 813 Sclioliis
1819 775 1981 812 Joannis
2025 773 2231 824 Savignaei
2272 776 2412 827 prodiit

1471 848 1532 874 an.
1564 838 1678 875 4548.
1722 838 1971 875 Postremum
2001 835 2075 875 hoc
2117 846 2217 886 opus
2253 847 2411 878 versum

1472 898 1604 936 ltalice
1645 910 1666 937 a
1705 900 1856 937 Joanne
1892 898 2046 937 Fabrini
2090 897 2312 937 Florentino
2355 900 2414 939 lu·
2478 914 2500 950 ,ς

1472 970 1558 998 cem
1576 961 1731 1010 aspexit
1755 961 1930 1000 Venetiis
1953 971 2018 999 an.
2043 959 2143 999 4549
2170 960 2209 999 in
2238 960 2274 998 8.
2304 961 2416 1000 Prius

1475 1033 1572 1059 vei-o
1605 1022 1697 1062 illud
1722 1021 1859 1062 eodem
1884 1023 2099 1073 interprete
2117 1022 2293 1061 Venetiis
2313 1022 2417 1062 4547
2498 1056 2500 1059 ,

1478 1085 1513 1121 in
1547 1085 1581 1122 4.
1615 1084 1704 1128 (447
1735 1085 1859 1123 Immo
1889 1085 2008 1123 etiam
2038 1085 2076 1122 in
2106 1085 2293 1132 Venezia‚
2321 1083 2420 1123 Aldo
2480 1081 2500 1116 ’ἶ

1477 1146 1579 1185 4545
1604 1148 1640 1184 in
1666 1148 1702 1184 8.
1732 1148 1782 1185 Et
1811 1157 1910 1197 opus
1930 1147 2101 1197 primum
2120 1159 2128 1185 ε
2148 1145 2184 1185 Il
2205 1146 2328 1186 Sacro
2351 1147 2421 1186 Re-

1474 1218 1550 1257 {1⁷²⁰
1572 1207 1710 1246 eodem
1736 1208 1915 1247 Fabrinio
1940 1209 2165 1259 interprete.
2189 1208 2284 1248 lbid.
2307 1209 2419 1248 ⁴553.

1484 1271 1520 1307 in
1565 1270 1615 1317 8.)
1660 1270 1800 1309 Itidem
1846 1271 2063 1310 orationem
2093 1269 2229 1315 habuit
2265 1272 2423 1310 nomine

1480 1332 1714 1371 Ferdinandi
1758 1332 1876 1383 Regis
1921 1331 1970 1371 ad
2015 1333 2292 1372 Innocentium
2337 1333 2423 1372 V111

1479 1406 1626 1434 novum
1656 1394 1884 1434 Pontificem
1914 1405 2102 1434 excusam
2133 1395 2220 1433 sine
2247 1405 2361 1434 anno.

1529 1457 1839 1497 FRANCISCUS
1858 1455 1905 1496 de
1925 1457 2027 1506 Paz,
2049 1457 2134 1496 sive.
2151 1455 2198 1496 de
2218 1457 2338 1505 Pace,
2362 1458 2424 1497 Hi-

1477 1530 1652 1570 spanus,
1675 1519 2003 1558 Mercenariorum
2025 1519 2207 1558 instituto
2231 1518 2426 1568 addictus,

1477 1580 1593 1631 cujus
1618 1581 1761 1620 librum
1784 1580 1831 1619 de
1866 1580 1989 1632 Reyia
2011 1583 2224 1632 potestate,
2247 1585 2288 1621 et
2311 1582 2426 1621 Com-

1480 1645 1694 1682 mentarios
1718 1643 1759 1682 in
1779 1641 1902 1683 libros
1938 1644 2086 1693 Reyum
2106 1646 2297 1682 memorat
2318 1643 2428 1682 Nico-

1479 1707 1564 1745 laus
1586 1705 1785 1744 Antonius
1812 1709 1906 1744 tom.
1941 1705 1966 1744 2
1989 1704 2252 1744 Bibliothecae
2279 1705 2427 1744 veteris

1480 1769 1672 1818 Hispanae
1691 1779 1727 1818 p.
1752 1768 1843 1807 263.

1531 1828 1844 1869 ΡΒΛΜΙΙΞΟΗΞ
1888 1827 2122 1868 Petrarcha.
2169 1829 2299 1878 Infra,
2350 1829 2435 1869 PE-

1481 1890 1728 1930 TRARCHA.
2194 1925 2199 1929 ,

1531 1953 1776 1994 FRANClSC
1785 1954 1845 1993 US
1865 1952 2077 2006 Philelfus,
2099 1954 2215 2003 infra,
2235 1954 2429 1995 PHILEL-

1481 2017 1618 2054 PHUS.

1536 2077 1844 2117 FRANCISCUS
1867 2077 2032 2129 Pipinus
2053 2079 2314 2118 Bononiensis
2331 2107 2339 2126 ‚
2359 2078 2430 2116 Or—

1482 2139 1585 2176 dinis
1609 2139 1925 2179 Praedicatorum
1940 2171 1952 2189 ,
1976 2141 2109 2179 clarus
2132 2141 2234 2179 circa
2263 2141 2425 2179 Annum

1483 2202 1597 2239 4345.
1622 2212 1697 2239 non
1717 2201 1830 2239 modo
1850 2202 1982 2240 Marci
1997 2200 2117 2240 Pauli
2133 2202 2271 2241 Veneti
2293 2201 2328 2251 b)
2352 2202 2430 2240 Iter

1481 2263 1678 2301 Orientale
1701 2263 1750 2301 ab
1772 2262 1887 2302 Anno
1925 2264 2039 2303 4250.
2077 2262 2127 2302 ad
2166 2263 2282 2302 4268.
2321 2267 2361 2302 et
2383 2263 2431 2302 ab

1483 2322 1596 2362 Anno
1621 2324 1735 2363 4269.
1758 2324 1804 2363 ad
1832 2326 1946 2364 4295.
1973 2325 2109 2363 LatIne
2133 2325 2255 2363 vertit
2278 2335 2327 2362 ex
2357 2325 2434 2363 Ita-

1484 2385 1582 2433 lico,
1619 2385 1687 2423 sed
1713 2390 1754 2424 et
1791 2387 1873 2437 ipse
1897 2388 2056 2438 scripsit
2078 2386 2125 2426 de
2159 2385 2252 2426 locis
2287 2387 2432 2426 Terrae

1486 2449 1655 2487 Sanctae
1683 2460 1709 2486 α
1745 2458 1787 2486 se
1809 2447 1982 2488 visitatis
2011 2448 2058 2488 A.
2089 2449 2204 2489 4320.
2241 2449 2309 2489 Hic
2337 2449 2433 2488 liber

1485 2510 1618 2548 MStus
1641 2514 1884 2550 memoratur
1918 2510 1966 2550 ab
1993 2510 2165 2550 Antonio
2188 2510 2364 2551 Sandero
2393 2512 2430 2549 in

1485 2571 1725 2610 Bibliotheca
1766 2573 1920 2619 Belgica
1962 2573 2070 2612 MSta
2105 2585 2193 2624 pag.
2231 2573 2321 2613 284,
2356 2584 2434 2612 una

1487 2644 1578 2672 cum
1601 2634 1732 2673 Marci
1752 2633 1872 2672 Pauli
1904 2635 1953 2674 de
1977 2634 2242 2684 mirabilibus,
2266 2635 2351 2674 sive
2384 2633 2434 2674 de

1486 2694 1777 2736 conditionibus
1802 2701 1841 2735 et
1863 2696 2220 2737 consuetudinibus
2257 2695 2436 2736 Orienta-

1488 2757 1583 2795 lium
1607 2758 1836 2808 Regionum,
1853 2770 1954 2809 quae
1976 2759 2059 2809 ipsa
2082 2763 2145 2798 est
2166 2758 2295 2797 versio
2315 2759 2434 2797 Fran—

1489 2821 1606 2866 cisci⁷
1631 2820 1699 2858 sed
1726 2820 1920 2860 hactenus
1940 2820 2086 2860 inedita
2102 2820 2290 2860 librorum
2313 2820 2434 2860 trium

1488 2882 1602 2920 Marci
1626 2882 1730 2920 Pauli
1756 2882 1894 2920 Veneti
1918 2882 1967 2921 de
1989 2883 2226 2932 Regionibus
2255 2882 2435 2922 Orienta-

1491 2943 1621 2991 libus,
1645 2945 1751 2981 MSta
1776 2943 1904 2983 adhuc
1941 2949 2146 2996 superstes
2179 2947 2216 2983 in
2255 2935 2434 2997 pluribus

1490 3005 1761 3055 Bibliothecis‚
1792 3010 1835 3045 ut
1855 3006 1970 3046 docet
1991 3007 2163 3047 ,lacobus
2186 3007 2322 3054 Quetif
2339 3010 2430 3045 tom.

1493 3069 1506 3106 4
1535 3067 1584 3105 de
1617 3069 1776 3119 scriptis
1796 3069 2142 3109 Dominicanorum
2159 3081 2196 3121 p.
2221 3069 2320 3117 539,
2350 3078 2433 3118 seq.

1492 3129 1705 3179 Prologum
1736 3135 1777 3169 et
1807 3131 1947 3170 intium
1977 3143 2026 3170 ex
2054 3132 2161 3172 MSto
2194 3129 2434 3170 Berolinensi

1547 3268 1583 3307 b)
1606 3269 1731 3301 Nicolai
1750 3269 1842 3301 Pauli
1863 3271 1970 3301 Patris
1987 3277 2062 3302 cum
2078 3268 2180 3300 Marco
2201 3267 2300 3301 tratre
2315 3282 2324 3302 ι
2337 3274 2369 3302 et
2385 3270 2442 3302 de-

1489 3317 1564 3348 inde
1588 3318 1710 3351 Nicolai
1734 3319 1882 3358 ejusdem
1905 3328 1980 3351 curn
2003 3321 2111 3350 Marco
2133 3318 2256 3357 Paulo,
2278 3319 2358 3352 filio.
