2500 3841
813 211 1317 253 CUTHBERTUS

67 284 191 335 gestis
230 282 460 329 volumina,
497 285 591 318 tom.
622 281 682 329 II,
713 293 799 332 pag.
831 282 1018 324 472-482.

71 347 174 396 Lips.
202 343 331 392 4596,
358 343 393 380 4.

119 406 444 446 Commentarius
467 405 504 442 in
531 405 684 444 SEXTI
707 407 823 445 RUFI
848 406 1025 446 libellum

67 469 116 507 de
134 468 280 518 Regia,
304 467 528 515 Consulari,
555 468 834 518 Imperialique.
859 468 1028 518 dignita-

67 535 132 578 te,
157 540 203 568 ac
225 528 275 567 de
304 530 536 567 accessione
559 530 725 568 Romani
756 531 928 580 Imperii.
956 531 1029 569 Ba-

67 591 188 630 sileae
227 590 329 629 4553
368 590 401 637 a)
434 590 495 628 fol.
534 602 627 630 cum
665 592 908 642 praefatione
945 592 1026 630 Nic.

65 652 235 693 Gerbelii
275 652 325 691 ad
369 654 427 690 Jo.
458 653 650 692 Iacobum
689 654 943 704 Fuggerum,
986 658 1026 692 et

69 715 250 755 Francof.
277 716 374 754 4604
406 744 414 764 ,
440 715 502 753 fol.

116 777 442 817 Commentarius
467 777 504 815 in
531 777 781 822 Chronicon,
808 778 894 817 sive
925 779 1027 819 Con-

66 840 176 879 sules
189 839 348 879 MAGNI
366 839 572 879 AURELII
590 839 1027 892 CASSIODOR1,prae-

65 904 191 941 missa
214 901 398 953 ejusdem
423 903 506 941 vita
529 914 599 953 per
623 902 915 953 Cuspinianum
945 904 1025 942 col-

66 965 181 1004 lecta.
208 964 298 1003 ibid.
323 976 410 1015 pag.
434 964 596 1002 70-578.
620 965 718 1003 Huic
738 966 1025 1003 commentario

60 1027 176 1077 eique
201 1025 439 1076 subjunctae
465 1026 651 1065 Austriae
676 1027 796 1064 etiam
818 1037 869 1065 ex
886 1026 1027 1076 Cuspi—

67 1089 173 1127 niani
214 1088 378 1127 consilio
427 1099 514 1139 pag.
557 1087 760 1136 667-7407
798 1087 1025 1138 subjectum

65 1149 291 1189 Chronicon
307 1149 527 1190 ALBERTI
542 1149 863 1201 Argentinensis⁷
881 1149 930 1188 de
947 1161 1026 1201 quo

66 1223 200 1262 supra.

117 1274 451 1314 CUTHBERTUS
473 1275 698 1324 Mayesetus
714 1305 725 1322 ,
761 1272 1028 1326 Hereforden-

64 1336 120 1374 sis
144 1337 317 1387 primum
334 1338 571 1387 Episcopus,
587 1335 732 1374 deinde
752 1334 1029 1386 Archiepisco-

64 1409 141 1448 pus
167 1397 475 1438 Cantuariensis
491 1429 501 1446 ,
527 1398 576 1437 de
599 1409 678 1449 quo
707 1398 823 1448 plura
861 1397 1029 1435 Wilhel-

66 1471 158 1498 mus
184 1460 566 1508 Malmesburiensis,
596 1460 665 1510 qui
694 1464 735 1498 et
764 1470 912 1498 versus
941 1457 1029 1509 ejus

66 1521 262 1572 quosdam
296 1521 411 1560 affert
435 1521 532 1559 libro
557 1522 607 1560 IV
650 1521 699 1560 de
722 1522 848 1572 gestis
869 1520 1029 1559 Pontifi-

64 1581 390 1633 cumAnglorum
400 1594 488 1634 pag.
507 1583 599 1630 285,
614 1584 751 1634 plures
769 1585 890 1622 etiam
907 1594 1029 1633 quam

64 1644 265 1684 Lelandus
289 1655 374 1696 cap.
402 1645 490 1684 404.
517 1644 737 1699 Synodalz‘a
759 1646 930 1684 Decreta
967 1646 1027 1684 sui

60 1708 251 1758 temporis
290 1711 330 1746 et
371 1706 568 1746 Carmina
616 1719 695 1746 non
732 1707 1030 1747 contemnenda

62 1770 275 1819 scripsisse
306 1774 495 1809 testatus.
536 1770 644 1809 Obiit
681 1770 745 1809 hic
783 1770 1032 1811 Cuthbertus

67 1830 115 1869 A.
139 1831 181 1870 C.
207 1829 299 1870 758.

118 1891 176 1931 De
212 1893 552 1942 CUTHBERTO,
590 1894 788 1945 Episcopo
812 1892 1031 1945 Ilaqustal-

65 1954 181 1993 densi
201 1959 243 1993 et
267 1955 316 1994 ab
332 1955 406 1994 An.
426 1954 503 1994 676
522 1955 570 1994 ad
590 1955 680 1994 687.
698 1955 925 2004 Farnensi,
944 1957 1030 1994 sivc

62 2015 410 2069 Lindisfarnensi,
436 2015 554 2067 cujus
578 2018 705 2056 vitam
731 2028 753 2056 a
784 2017 892 2056 Beda
921 2028 1031 2055 com-

0 2104 1 2108 =
64 2079 236 2129 positam
266 2078 483 2128 habemus,
507 2077 660 2117 dictum
686 2090 806 2130 supra
825 2090 912 2129 pag.
939 2078 1028 2117 504.

64 2141 165 2180 Huic
194 2139 472 2180 Ordinationes
510 2139 714 2180 Ecclesiae
751 2151 850 2180 suae
889 2140 1029 2179 tribuit

0 2235 1 2242 ,
70 2203 229 2242 Pitseus
265 2213 352 2254 pag.
380 2204 456 2243 4⁴2
480 2215 530 2242 ex
553 2203 672 2242 Baleo
698 2204 862 2243 Centur.
888 2203 916 2241 Ι.
942 2213 1028 2253 cap.

70 2266 112 2305 84
136 2269 176 2304 et
194 2265 338 2304 librum
357 2264 404 2304 de
423 2268 508 2304 vita
530 2264 773 2315 Monastica,
791 2277 895 2316 quae
906 2276 1029 2317 prae—

0 2351 1 2363 2
69 2330 179 2378 cepta
201 2326 307 2366 vitae
325 2325 529 2378 reyularis
552 2327 697 2366 Baleus
717 2327 903 2378 appellat.

122 2388 459 2428 CUTHBERTUS
472 2389 691 2429 Monachus
699 2389 805 2428 Gerv
812 2388 929 2438 icius,
943 2390 1029 2427 sive

69 2450 358 2499 Girovicensis,
398 2450 447 2489 de
474 2450 632 2500 Bedae,
657 2451 776 2501 cujus
806 2450 1029 2501 discipulus

0 2550 2 2557 ,
70 2513 144 2552 fuit
160 2542 168 2562 ,
183 2511 268 2550 vita
282 2515 323 2551 et
340 2510 448 2550 obitu
463 2512 639 2551 libellum
658 2513 819 2563 scripsit
835 2511 884 2550 ad
901 2511 1030 2550 Cuth-

68 2575 209 2612 vinum
231 2573 472 2612 Monachum
488 2603 500 2622 ,
526 2584 644 2624 quem
669 2572 846 2612 libellum
864 2604 875 2622 ,
900 2573 1030 2622 inquit

68 2634 270 2674 Lelandus
286 2644 370 2685 cap.
388 2634 437 2672 90
465 2645 555 2672 cum
578 2646 708 2685 nuper
728 2633 969 2685 reperissem
989 2633 1030 2671 in

63 2695 250 2747 palatina
274 2694 542 2734 illustrissimi
561 2695 732 2734 Henrici
755 2695 862 2734 VIII.
887 2693 1030 2745 Anyto-

69 2769 166 2797 rum
194 2756 310 2809 Reyis
325 2788 336 2806 ,
361 2755 630 2807 Bibliotheca,
654 2756 772 2796 avide
796 2755 917 2796 semel
940 2755 1027 2806 leyi,

70 2825 109 2860 et
133 2819 282 2873 majori
302 2818 500 2870 voluptate
518 2818 665 2870 releqi:
691 2818 858 2857 multum
881 2817 1029 2869 diuque

71 2894 223 2923 mecum
245 2880 502 2921 considerans
526 2884 700 2932 quantus
732 2885 769 2919 et
795 2891 918 2932 quam
956 2891 1032 2918 non

71 2944 150 2984 ullo
174 2947 276 2983 esset
297 2942 461 2983 virtutis
485 2942 596 2981 titulo
620 2941 729 2981 Beda
748 2954 838 2981 cum
866 2945 1029 2980 nostrae

71 3006 213 3046 aetatis
235 3004 438 3045 monachis
469 3003 745 3057 conferendus.
781 3003 918 3044 Edidit
954 3004 1033 3041 Ma-

71 3069 257 3108 billonius
281 3073 376 3106 tom.
403 3067 469 3106 lII.
496 3067 736 3106 Sanctorum
769 3064 930 3103 Ordinis
958 3065 1033 3102 Be—

74 3130 218 3170 nedicti
243 3142 331 3182 pag.
358 3130 446 3170 534.
474 3130 605 3168 Etiam
628 3139 746 3179 opera
763 3125 892 3166 Bedae
915 3124 1033 3163 colle-

130 3278 163 3316 a)
185 3286 220 3310 in
242 3278 449 3313 Bibliotheca
470 3282 508 3310 D.
532 3278 692 3310 Johannis
725 3275 872 3306 Fabricii
904 3273 1041 3305 Helmst.

69 3331 148 3360 tom.
168 3329 224 3368 iii,
241 3336 317 3370 pag.
337 3328 389 3363 76.
406 3333 561 3370 typorum
579 3329 663 3361 vitio
680 3325 930 3365 excusus2num.
949 3323 1042 3358 1555.

1981 212 2058 252 409

1104 286 1210 335 gisse
1249 286 1356 325 hunc
1380 284 1647 326 Cuthbertum
1672 287 1793 334 atque
1815 284 1854 320 in
1879 282 2058 322 ordinem

1103 348 1321 400 digessisse
1342 348 1397 387 ait
1414 347 1560 386 Baleus
1579 345 1746 385 Centur.
1765 345 1813 396 ΙΙ,
1836 355 1872 384 c.
1897 345 1933 384 7.
1956 343 2062 383 Obiit

1103 410 1210 450 Beda
1234 410 1280 450 A.
1306 411 1351 450 C.
1378 409 1468 449 735.

1153 473 1209 510 De
1233 473 1395 511 Juniore
1426 471 1731 510 CUTIIBERTO
1770 470 1978 509 Tunstallo
2010 482 2061 509 ex

1102 533 1342 572 Londinensi
1361 534 1556 584 Episcopo
1571 533 1644 571 An.
1662 533 2063 581 4530.Dunelmensi,

1103 595 1194 635 vide
1234 597 1389 635 Henrici
1431 594 1642 633 Warthoni
1679 594 1864 646 Angliam
1909 605 2063 634 sacram

1103 662 1197 696 tom.
1221 658 1235 696 1
1277 669 1364 707 pag.
1392 656 1482 694 783.

1154 721 1195 759 S.
1217 718 1410 757 Thascius
1431 717 1632 757 Caecilius
1647 718 1948 768 CYPRffiNUS,
1972 720 2066 770 Epi-

1101 792 1246 833 scopus
1263 780 1623 829 Carthaginiensis,
1648 780 1827 820 doctrina
1851 785 1891 819 et
1914 783 2064 821 virtute

1101 843 1373 891 venerabilis,
1407 842 1474 891 qui
1512 842 1550 879 in
1589 843 1869 892 persecutione
1892 845 2064 882 Deciana

1099 906 1282 944 alacriter
1314 915 1382 955 pro
1412 903 1628 943 CHRISTO
1667 903 1790 942 subiit
1824 906 2060 955 Martyrium

1101 967 1174 1005 An.
1199 966 1303 1014 258,
1330 966 1392 1005 44.
1420 964 1681 1016 Septembris.
1705 966 1762 1004 De
1784 964 1872 1016 ejus
1896 967 2058 1017 scriptis

1103 1030 1287 1078 vitaeque
1326 1028 1588 1079 scriptoribus
1611 1057 1619 1074 ,
1658 1027 1898 1066 editionibus
1937 1033 2057 1078 atquc

1101 1090 1389 1141 interpretibus
1415 1101 1493 1128 non
1518 1094 1698 1141 repetam
1721 1090 1770 1128 ab
1793 1091 1880 1129 aliis
1904 1089 2010 1129 dicta
2025 1095 2066 1128 et

1100 1157 1255 1202 partem
1286 1155 1422 1190 notata
1444 1163 1466 1191 a
1491 1163 1555 1191 me
1584 1151 1633 1191 ad
1659 1152 1888 1202 Hieronymi
1909 1152 2064 1192 Catalo-

1099 1225 1195 1264 gum
1220 1215 1388 1264 LXVII,
1413 1218 1534 1265 atque
1559 1215 1792 1265 diligentius
1830 1218 1868 1252 in
1907 1213 2066 1253 delectu

1101 1281 1430 1326 argumentorum
1460 1288 1506 1315 ac
1536 1277 1690 1327 syllabo
1728 1278 1977 1328 Scriptorum
2017 1276 2066 1315 de

1101 1339 1272 1377 veritate
1301 1339 1518 1390 Religionis
1550 1339 1800 1380 Christianae
1843 1350 1930 1390 pag.
1956 1337 2064 1386 247,

1102 1411 1212 1450 seqq.
1237 1401 1411 1440 Tantum
1434 1401 1578 1440 addam
1603 1403 1823 1440 novissime
1847 1401 1980 1441 lucem
2001 1402 2060 1439 vi-

1103 1462 1210 1501 disse
1234 1463 1484 1513 splendidam
1509 1468 1550 1502 ct
1573 1469 1801 1503 accuratam
1820 1464 1996 1514 Operum
2019 1463 2059 1502 S.

1101 1525 1287 1575 Martyris
1310 1524 1552 1576 editionem,
1583 1537 1705 1576 quam
1735 1525 1888 1564 collatis
1925 1525 2063 1564 editio-

1104 1587 1222 1625 nibus
1245 1591 1286 1626 et
1301 1586 1513 1627 Codicibus
1528 1587 1635 1626 MSS.
1653 1588 1744 1637 plus
1759 1599 1880 1638 quam
1900 1588 2063 1638 triginta

1104 1651 1380 1698 adornaverat,
1403 1651 1589 1700 notisque
1613 1651 1852 1688 instructam
1869 1649 1918 1688 ad
1935 1650 2066 1700 praela

1103 1716 1315 1762 paraverat
1337 1712 1568 1762 praeclarus
1591 1712 1660 1751 Vir
1683 1710 1909 1764 Stephanus
1945 1709 2068 1749 Balu—

1103 1773 1206 1823 zius,
1227 1778 1268 1812 et
1291 1778 1382 1824 post
1406 1772 1585 1812 eumAn.
1610 1773 1726 1822 4748,
1754 1773 1889 1813 28Jul.
1915 1775 2069 1812 exstin-

1105 1840 1229 1883 ctum,
1248 1836 1287 1872 in
1301 1835 1432 1873 lucem
1449 1835 1595 1874 extulit
1610 1835 1851 1874 Prudentius
1867 1837 2065 1884 Maranus,

1104 1896 1322 1936 Monachus
1336 1896 1623 1947 Benedictinus
1642 1927 1649 1946 ,
1667 1898 1901 1948 praemissis
1918 1896 1966 1935 de
1984 1898 2066 1936 vita

1104 1963 1144 1997 et
1167 1959 1348 1998 doctrina
1369 1960 1408 1998 S.
1434 1959 1625 2010 Cypriani
1645 1959 1937 2009 prolegomenis
1952 1989 1962 2006 ‚
1994 1960 2066 1997 Pa-

1104 2022 1210 2060 risiis
1227 2020 1356 2069 4727,
1383 2022 1448 2060 fol.
1471 2020 1623 2060 Eadem
1648 2020 1767 2059 editio
1792 2021 1961 2071 repetita
1988 2021 2065 2059 Ve-

1106 2084 1224 2122 netiis
1263 2082 1393 2133 4728,
1424 2083 1487 2121 fol.
1518 2083 1648 2129 Quam
1671 2094 1768 2122 vero
1792 2094 1881 2134 pag.
1905 2083 1982 2122 345
2012 2094 2063 2121 ex

1103 2145 1260 2184 duobus
1284 2145 1360 2184 sub
1384 2145 1574 2196 Cypriani
1594 2146 1755 2183 nomine
1780 2144 1834 2183 ad
1853 2144 2067 2184 Turasium

1103 2207 1389 2258 Presbyterum
1408 2207 1591 2258 vulgavit
1615 2207 1805 2246 Baluzius
1823 2236 1831 2253 ,
1853 2206 1992 2246 eadem
2013 2206 2069 2245 le-

1104 2271 1212 2322 gitur
1237 2272 1340 2309 inter
1364 2271 1598 2320 Hieronymi
1622 2269 1753 2320 Opera
1776 2274 1873 2307 tom.
1897 2269 1942 2308 V.
1967 2271 2069 2309 Mar-

1103 2334 1254 2372 cianaei
1282 2344 1369 2383 pag.
1403 2332 1479 2372 405
1495 2337 1536 2371 et
1553 2331 1803 2371 emendatior
1819 2330 1982 2381 quidem
2000 2342 2070 2370 va-

1104 2396 1172 2433 riis
1201 2395 1326 2444 locis,
1357 2406 1590 2445 quanquam
1623 2395 1661 2431 in
1692 2395 1779 2432 aliis
1803 2398 1914 2432 recta
1937 2394 2062 2443 magis

1102 2461 1143 2495 et
1166 2458 1356 2508 integrior
1381 2461 1445 2495 est
1469 2457 1685 2495 Baluziana
1714 2456 1846 2494 editio.
1877 2457 2068 2494 Caeteras

1103 2517 1205 2557 duas
1227 2518 1428 2568 Epistolas
1452 2519 1628 2568 primum
1660 2517 1789 2556 editas
1818 2529 1839 2556 a
1878 2517 2065 2566 Baluzio,

1102 2580 1194 2630 quia
1216 2579 1363 2618 breves
1392 2583 1490 2618 sunt
1512 2584 1552 2617 et
1577 2581 1616 2616 in
1646 2579 1834 2618 omnibus
1859 2579 1946 2616 aliis
1985 2579 2063 2628 Cy-

1102 2642 1229 2691 priani
1251 2640 1492 2679 editionibus
1529 2640 1835 2687 desiderantur,
1866 2640 1939 2677 hoc
1979 2639 2062 2678 loco

1104 2703 1245 2741 offerre
1270 2703 1425 2740 Lectori
1450 2712 1539 2740 meo
1564 2701 1687 2740 volui.

1157 2763 1392 2804 CORNELII
1418 2764 1451 2813 a)
1476 2764 1603 2814 Papae
1628 2762 1676 2802 ad
1701 2764 1962 2814 Cyprianum.

1102 2824 1329 2864 Dilectionis
1353 2827 1444 2862 tuae
1473 2836 1549 2863 non
1581 2823 1830 2864 delectabilia
1859 2829 1897 2864 et
1919 2829 2052 2863 contro

1099 2886 1196 2939 fidei
1228 2885 1409 2937 requiam
1438 2885 1592 2938 scripta
1621 2887 1800 2939 suscepi,
1833 2888 1873 2925 in
1913 2885 2056 2939 quibus

1105 2960 1278 2988 nauseas
1295 2949 1556 2999 recoynoviet
1578 2960 1729 2988 venena
1749 2961 1976 2988 sermonum
1997 2949 2061 2988 ad-

1161 3073 1194 3112 a)
1228 3074 1446 3113 supposititia
1478 3072 1609 3104 videtur
1644 3072 1724 3105 haec
1755 3074 1902 3113 Epistola
1937 3076 2073 3106 Murano

1105 3126 1137 3154 in
1162 3123 1408 3162 prolegomenis
1440 3131 1515 3163 pag.
1540 3124 1633 3154 xcii.
1658 3125 1741 3154 Sane
1763 3123 1941 3162 Stephano
1958 3147 1967 3162 ,
1990 3126 2071 3164 Epi·

1102 3181 1202 3211 scopo
1236 3174 1407 3210 Romam,
1432 3175 1540 3212 magis
1564 3173 1698 3203 videtur
1722 3175 1914 3203 convenire.
1938 3175 1983 3204 De
2004 3178 2073 3206 tota

1102 3227 1214 3253 autern
1252 3221 1306 3252 illa
1344 3223 1573 3253 controversia
1609 3220 1762 3252 consulas
1803 3220 2072 3255 dissertationem

1103 3273 1326 3311 dogmaticam
1342 3272 1381 3303 de
1400 3272 1564 3310 baptismo
1588 3270 1835 3303 haereticorum
1853 3272 1976 3303 editam
2006 3274 2071 3305 Pa-

1105 3323 1194 3354 risiis
1221 3320 1299 3353 4724
1317 3345 1326 3360 ,
1350 3326 1381 3352 et
1408 3320 1575 3361 vulgatam
1599 3320 1722 3352 Gallice
1750 3320 1829 3352 1727
1854 3323 1887 3353 in
1913 3321 1963 3353 152.

1557 3389 1608 3428 52
