2500 4009
353 272 432 312 294

354 346 486 387 Legati
510 356 531 382 a
546 341 700 381 Nicolao
717 339 746 377 V
764 340 956 375 tractatus
979 334 1025 373 cle
1046 333 1309 374 translatione

354 386 520 459 Disperii
543 406 675 453 utique
710 411 777 451 pro
820 398 973 437 Nicolao
994 398 1025 436 V
1067 397 1279 448 legendum
1298 410 1307 446 ς

355 468 528 518 Enqem‘o
553 466 613 503 IV.
640 473 767 511 neque
787 461 892 498 enim
913 460 1033 498 alium
1058 459 1133 498 sub
1151 461 1308 499 Nicolao

351 531 383 567 V
407 511 649 567 castistatem
667 524 867 561 Julianum
892 523 1082 573 reperias,
1104 526 1144 561 ct
1165 523 1309 561 Caesa-

352 593 460 628 rinus
478 588 558 637 jam
585 588 622 623 in
646 586 751 622 vivis
775 595 864 623 esse
889 584 1073 631 desierat,
1097 576 1188 623 curn
1208 585 1308 622 Pon-

351 652 442 689 tifex
464 650 510 688 A.
542 647 640 687 1-1-17
662 651 914 698 cooptaretur
936 646 1118 685 Nicolaus
1141 646 1186 685 V.

405 713 590 750 ‘Praeter
615 721 662 748 ea
685 710 813 748 omnia
833 720 934 760 quae
958 708 1006 747 do
1029 708 1309 760 scriptionibus

347 776 432 814 cius
447 777 555 811 notat
570 772 961 819 Fabricitis,veriiunt
976 772 1095 809 etiam
1113 772 1149 809 in
1171 782 1312 809 nume-

347 849 433 875 ruin
451 837 648 874 orationes
667 835 847 885 geminae
863 834 910 872 ab
931 845 975 872 eo
995 833 1135 884 dictae,
1152 844 1222 873 seu
1243 844 1312 883 po-

346 901 424 937 tius
445 898 493 937 dc
522 898 668 948 scripto
702 896 868 935 traditae
897 897 1216 935 Basileacnsibus
1240 897 1308 935 PP.

344 972 513 1010 quarum
544 959 667 997 altera
699 959 847 997 factum
870 969 989 997 suum
1008 962 1187 1004 excusat,
1203 957 1308 1009 quod

345 1023 557 1060 invitatum
578 1022 614 1058 in
633 1020 842 1058 concilium
860 1030 902 1058 se
918 1020 1170 1069 continuerit,
1188 1031 1309 1070 quam

343 1095 414 1134 ego
425 1085 640 1122 orationem
656 1093 704 1120 ex
715 1080 1030 1120 Vindoboneusis
1046 1082 1308 1122 Bibliothecae

343 1145 722 1196 Coddepromptam
750 1145 787 1181 in
813 1155 901 1182 nico
925 1145 1130 1183 Concilior.
1152 1144 1311 1195 supple-

344 1214 479 1247 mento
491 1207 692 1255 evulgavi:
705 1206 869 1245 alteram
885 1217 932 1244 cx
946 1205 1312 1245 RecanatensiCod.

340 1269 421 1320 jani
445 1269 607 1308 dederat
633 1269 797 1307 Colctus
815 1269 851 1306 in
867 1267 960 1307 edit.
986 1268 1136 1308 Veneta
1153 1268 1309 1317 Labbei,

342 1344 414 1382 ego
444 1343 538 1370 vero
561 1343 609 1369 ex
634 1330 773 1370 eodem
802 1330 1098 1370 vindobonensi
1123 1330 1216 1370 Cod.
1238 1331 1308 1369 ite-

343 1406 430 1433 rum
462 1394 665 1444 descripsi.

391 1457 451 1504 (539
470 1455 669 1508 Epe'stolae
693 1455 796 1495 (luae
821 1457 859 1495 in
883 1454 1020 1495 Ambr.
1051 1456 1309 1496 Traversctrit‘

346 1518 496 1570 Epz'pst.
529 1518 638 1556 Flor.
671 1519 811 1567 4759.)

394 1580 659 1620 CAESARIUS
678 1580 813 1620 Abbas
831 1582 1062 1629 Lirinensis,
1085 1582 1244 1621 Ordinis
1261 1583 1299 1621 S.

340 1643 558 1690 Benedicti.
575 1642 842 1681 Ilorttz'liarttm
857 1647 994 1681 auctor
1017 1644 1119 1682 circa
1138 1643 1300 1683 Annum

340 1705 414 1742 670
439 1707 586 1743 vixisse
603 1710 642 1743 et
658 1705 705 1743 ab
722 1706 914 1756 Episcopo
930 1704 1151 1743 Arelatensi
1171 1705 1302 1744 diver-

339 1777 408 1804 sus
434 1767 595 1815 lingitur
618 1779 638 1805 a
663 1769 878 1805 Possevino
895 1772 934 1805 et
959 1767 1060 1805 aliis:
1083 1766 1160 1805 Sed
1178 1767 1302 1805 liben—

338 1833 398 1866 ter
421 1830 616 1867 assentior
641 1829 857 1867 rationibus
882 1840 1018 1867 corum
1036 1860 1045 1877 ,
1072 1830 1139 1879 qui
1165 1830 1202 1867 S.
1229 1831 1301 1868 Be-

338 1890 480 1928 nedicti
508 1891 733 1941 aequalem,
756 1902 832 1928 non
858 1889 1160 1929 Benedictinum
1183 1902 1302 1942 agno-

336 1958 451 1991 scunt
483 1953 587 1991 hunc
606 1984 613 1993 .
635 1953 683 1991 de
713 1965 789 2003 quo
822 1963 912 1992 mox
943 1954 1173 1992 Caesarium
1203 1966 1302 1993 eun-

335 2015 425 2053 dem
451 2017 516 2065 qui
555 2027 604 2053 ex
635 2015 785 2053 Abbate
817 2016 1012 2053 Lirinensi
1043 2015 1194 2054 invitus
1224 2015 1298 2054 An.

337 2078 412 2113 :302
437 2081 497 2113 est
523 2077 742 2127 Episcopus
763 2077 1010 2115 Arelatensis
1034 2081 1254 2126 cooptatus.

389 2136 651 2176 CEsAltlt's
674 2149 722 2175 ex
748 2138 897 2176 Abbatc
922 2138 1114 2175 Lirinensi
1139 2138 1302 2188 Episco-

339 2208 413 2248 pus
429 2198 476 2235 al)
497 2197 610 2235 Anno
632 2199 706 2236 5302
724 2198 770 2236 ad
793 2199 870 2237 5¹22
887 2197 1202 2246 .›1relalensis,de
1220 2211 1298 2249 quo

337 2263 453 2308 eaput
481 2260 529 2295 86
554 2259 758 2297 (zeiinadio
775 2259 973 2307 additum,
998 2264 1037 2297 et
1057 2261 1295 2310 Cyprianus,

342 2322 442 2364 (siw—
467 2321 727 2359 Tliolonensis
750 2321 990 2371 Episcopus,
1017 2323 1102 2359 sive
1125 2323 1226 2360 alius
1246 2334 1266 2361 a
1287 2324 1296 2372 )

339 2382 375 2417 in
402 2383 571 2420 Faesarii
597 2385 677 2421 vita
692 2384 715 2432 ,3
737 2383 841 2433 apud
861 2383 897 2431 h,
919 2384 1079 2422 Surium
1098 2383 1148 2421 '⁴27
1164 2384 1298 2434 Augu-

338 2444 401 2489 sti.
421 2448 459 2480 et
478 2445 727 2483 Vincentium
751 2446 936 2483 Barralim
963 2457 1050 2495 pag.
1068 2446 1157 2484 ΞΠ).
1174 2446 1298 2485 Chro-

339 2505 511 2554 nologiae
538 2507 767 2553 Lirinensis,
789 2507 1012 2546 Ludovicus
1031 2508 1200 2546 Jacobus
1220 2521 1239 2546 a
1257 2509 1296 2548 S.

338 2565 473 2602 (Iarolo
491 2567 526 2602 in
546 2566 680 2603 limine
697 2566 781 2604 libri
803 2565 850 2604 de
869 2567 1128 2617 scriptoribus
1144 2568 1296 2606 Cabilo-

337 2627 545 2665 nensihus.
571 2632 609 2665 et
635 2629 823 2679 singulari
848 2628 896 2666 de
921 2629 1102 2667 Caesario
1127 2628 1294 2680 ejusque

336 2689 492 2738 scriptis
523 2688 801 2728 dissertatione
831 2690 1014 2730 Oudinus
1043 2695 1137 2729 torn.
1170 2693 1292 2742 Ipag.

338 2750 438 2787 43:39
456 2761 537 2801 seq.
549 2752 752 2801 professus
768 2763 810 2789 se
828 2752 1062 2790 meditatum
1079 2753 1293 2791 editionem

337 2822 477 2850 novam
499 2823 661 2863 operum
679 2814 869 2862 Caesarii,
893 2813 1010 2864 cujus
1026 2815 1203 2853 ordinem
1225 2827 1295 2853 ex-

337 2875 455 2922 ponit.
482 2875 524 2912 ln
551 2875 612 2913 illa
638 2881 726 2925 post
753 2876 921 2926 Requlas
945 2876 1044 2915 duas
1070 2877 1294 2916 Sanctimo-

338 2936 503 2974 nialibus
518 2937 796 2976 etMouachisa
813 2939 1000 2977 Caesario
1015 2941 1293 2991 praescriptaS,

393 3065 410 3087 a
432 3058 511 3089 Vide
534 3060 687 3092 Carnium
713 3061 742 3093 le
775 3063 893 3093 cointe
914 3067 995 3095 tom.
1019 3065 1029 3093 I
1054 3065 1172 3096 Annal.
1195 3067 1302 3097 Fran·

333 3114 446 3137 corum
470 3117 541 3147 pag.
565 3111 638 3142 61)·2.

393 3156 427 3192 b)
451 3160 557 3189 Etiam
581 3159 701 3191 librum
718 3160 905 3192 secundum
922 3161 961 3194 de
983 3164 1153 3196 miraculis
1178 3165 1299 3197 Caesa-

335 3206 394 3239 rii,
426 3208 480 3243 qui
503 3209 587 3245 apud
611 3212 744 3240 Surium
769 3210 880 3241 nullus
904 3217 976 3249 est,
1002 3218 1132 3244 exstare
1157 3217 1214 3246 MS.
1235 3217 1299 3246 Pa-

334 3256 420 3284 ri—its
453 3257 484 3284 iu
512 3259 540 3287 8.
567 3260 697 3289 Martini
724 3261 906 3299 coenobio,
937 3265 1065 3294 notavit
1090 3266 1230 3295 §liraeus
1256 3263 1298 3295 ad

334 3305 494 3333 Gennadii
518 3314 546 3335 e.
569 3307 608 3334 >55
633 3312 895 3348 promiseratque
922 3313 1072 3342 oudinus
1092 3318 1172 3344 torn.
1193 3316 1201 3343 I
1222 3322 1298 3354 pag.

338 3352 416 3382 1345
431 3361 464 3383 se
486 3353 651 3385 editurum
675 3359 779 3388 Vitam
799 3360 941 3391 Caesarii
962 3361 1054 3392 libris
1070 3361 1199 3393 duobus
1214 3365 1299 3395 scri·

339 3406 427 3441 ptam
455 3410 471 3432 a
494 3403 656 3442 Cypriane
679 3408 748 3445 ejus
772 3408 955 3448 discipu'o,
983 3411 1144 3443 meslano
1162 3413 1299 3453 Presby-

1145 263 1545 304 CAESAIMUs

1383 337 1496 386 sequi
1527 335 1726 375 debebant
1758 336 1844 389 (qui
1870 337 2015 389 singuli
2038 338 2087 378 ab
2115 350 2162 378 eo
2185 351 2351 379 enume-

1383 399 1539 448 rantur)
1565 399 1774 438 Sermones
1814 399 1994 441 CCCIII.
2020 402 2119 440 Hiuc
2148 401 2349 454 Epistolae.

1381 458 1485 498 ditae
1500 459 1548 499 ad
1567 472 1743 499 sororem
1758 462 2248 503 Caesari-amAbbatissam
2265 463 2350 515 eju-

1383 532 1483 572 sque
1517 523 1894 574 Cougregationem,
1918 529 1959 563 et
1982 527 2098 564 tertia
2135 526 2350 565 hortatoria

1381 583 1431 621 ad
1447 584 1649 635 Virginem
1664 584 1767 624 DEO
1782 585 2081 638 dicatam,apud
2098 588 2349 628 Holstenium

1384 645 1421 682 in
1452 646 1670 697 appendice
1708 647 1866 687 Codicis
1889 650 2071 700 Regular.
2113 661 2201 702 pag.
2229 651 2279 688 63
2309 653 2350 688 et

1383 711 1464 746 tom
1490 710 1637 748 XXVII
1663 710 1928 749 Bibliothecae
1958 713 2120 750 Patrum
2154 723 2240 763 pag.
2271 710 2348 751 347

1385 772 1425 807 et
1447 774 1598 821 quarta
1617 770 1666 809 ad
1687 772 1891 810 Ruricium
1907 773 2235 812 Lemovicensem
2257 774 2350 824 Epi-

1385 841 1570 883 scopum,
1596 834 1699 871 inter
1727 834 1865 872 Fausti
1891 833 2128 884 Rhegiensis
2149 835 2350 886 Epistolas

1383 904 1405 932 a
1428 895 1586 934 Canisio
1604 899 1698 933 torn.
1719 895 1764 935 V.
1782 894 2052 946 Antiquarum
2074 897 2248 935 Lection.
2268 897 2350 937 edi-

1383 960 1444 994 tas
1465 957 1809 1009 duodevigesima,
1835 959 1964 997 tom.1
1989 958 2082 997 edit.
2109 970 2236 998 novae
2260 971 2351 1010 pag.

1384 1019 1460 1057 366
1483 1024 1523 1058 et
1545 1021 1691 1060 Ruricii
1712 1022 1917 1072 responsio
1940 1021 2006 1060 lib.
2030 1022 2053 1061 2
2078 1021 2205 1072 Epist.
2233 1022 2284 1062 32
2307 1026 2350 1061 et

1383 1081 1433 1119 35
1458 1081 1508 1120 id.
1531 1093 1617 1133 pag.
1643 1082 1733 1131 397,
1759 1083 1834 1121 399
1864 1087 1905 1121 et
1943 1083 1981 1121 in
2008 1083 2251 1122 Bibliotheca
2277 1085 2350 1123 Pa-

1385 1148 1491 1183 trum
1514 1148 1609 1183 torn.
1641 1146 1727 1185 VIII
1751 1157 1838 1196 pag.
1870 1145 1964 1194 558,
2005 1144 2100 1195 573,
2137 1145 2230 1185 574.
2273 1146 2350 1185 De-

1383 1207 1502 1256 nique
1537 1207 1824 1246 Testamentum
1848 1208 2043 1258 Caesarii,
2067 1207 2173 1259 quod
2201 1206 2347 1247 dedere

1385 1270 1577 1308 Baronius
1596 1269 1644 1308 ad
1660 1269 1706 1309 A.
1724 1271 1801 1309 508
1820 1282 1858 1308 n.
1877 1271 1940 1309 33.
1954 1271 2190 1310 Vincentius
2209 1271 2348 1309 Barra-

1383 1331 1430 1369 lis
1451 1333 1487 1369 in
1509 1332 1768 1383 Chronologia
1786 1331 2204 1372 AbbatiaeLirinensis
2219 1330 2343 1382 Lugd.

1386 1393 1502 1441 4643,
1531 1395 1564 1432 4.
1590 1395 1731 1433 Petrus
1751 1394 1896 1433 Saxius
1921 1395 1959 1433 in
1985 1393 2189 1433 Pontificio
2209 1393 2346 1433 Arela-

1379 1457 1483 1494 tensi
1504 1467 1589 1507 cap.
1607 1457 1734 1495 XXX.
1753 1456 1819 1495 ubi
1843 1455 1892 1495 de
1913 1457 2096 1497 Caesario
2112 1456 2186 1495 hoc
2203 1457 2342 1505 multa,

1378 1522 1472 1556 tom.
1516 1519 1529 1557 l
1572 1520 1810 1568 scriptorum
1847 1530 1982 1558 rerum
2014 1519 2343 1557 Germanicarum

1377 1580 1595 1620 Menckenii
1622 1570 1668 1619 r}
1686 1580 1882 1633 μακαρίτε
1915 1592 2002 1632 pag.
2029 1579 2118 1620 479.
2154 1581 2343 1620 Carolum

1377 1643 1412 1680 le
1436 1644 1575 1682 Cointe
1592 1643 1639 1682 ad
1660 1643 1823 1684 Annum
1849 1644 1925 1684 542
1950 1643 2077 1682 tom.³I
2095 1653 2181 1693 pag.
2203 1642 2280 1682 646
2300 1647 2342 1681 et

1375 1705 1623 1744 llolstenium
1649 1708 1762 1745 Parte
1787 1708 1838 1746 III
1864 1706 2020 1747 Codicis
2049 1704 2278 1756 regularum
2299 1716 2337 1755 p.

1374 1766 1424 1805 32
1450 1768 1487 1804 in
1511 1767 1628 1817 cujus
1649 1772 1759 1818 parte
1795 1767 1970 1807 secunda
1995 1778 2082 1818 pag.
2120 1767 2170 1805 54
2200 1770 2335 1805 exstat

1372 1829 1522 1878 Requla
1541 1828 1596 1868 ad
1616 1830 1826 1869 Monac-hos
1850 1830 1898 1868 ab
1921 1828 2074 1868 Abbate
2091 1829 2129 1868 S.
2153 1827 2338 1867 Tetradio

1373 1892 1611 1942 Presbytero
1647 1897 1687 1930 et
1723 1891 1894 1941 Abbate,
1920 1892 1958 1931 S.
1991 1892 2164 1931 Caesarii
2194 1895 2337 1942 nepot-e

1374 1955 1629 1993 transmissa:
1651 1958 1691 1993 et
1715 1955 1840 2005 partis
1865 1955 1886 1992 3
1908 1965 1995 2005 pag.
2022 1954 2071 1993 42
2108 1951 2259 2004 Βεῃαῖα
2281 1952 2338 1992 ad

1378 2015 1555 2065 Virqines
1580 2017 1617 2054 in
1642 2016 1838 2055 Coenobio
1862 2016 2095 2055 Massiliensi
2117 2016 2192 2056 sub
2206 2014 2336 2055 Abba—

1373 2079 1471 2116 tissa
1488 2079 1690 2128 Caesar-ia,
1709 2089 1854 2116 sorore.
1872 2079 2016 2117 Exstat
2031 2079 2150 2117 etiam
2167 2090 2206 2116 in
2221 2077 2334 2118 Actis

1375 2139 1552 2177 Sanctor.
1578 2143 1674 2177 tom.
1699 2141 1712 2177 1
1736 2139 1912 2178 ,Ianuarii
1932 2151 2019 2190 pag.
2037 2140 2112 2178 730
2129 2151 2212 2190 seq.
2233 2145 2273 2179 et
2292 2142 2332 2180 in

1372 2200 1611 2240 Bibliotheca
1636 2203 1795 2239 l’atrum
1816 2201 1909 2239 edit.
1928 2201 2050 2253 Lugd.
2069 2206 2164 2240 tom.
2185 2204 2272 2242 VIII
2292 2216 2330 2254 p.

1372 2263 1467 2310 866,
1493 2261 1569 2301 873
1593 2266 1633 2300 et
1655 2274 1747 2302 cum
1771 2264 1874 2301 notis
1898 2264 2097 2302 Francisci
2125 2265 2331 2316 Meynardi

1371 2324 1418 2362 ad
1436 2325 1586 2363 calcem
1602 2326 1708 2363 vitae
1729 2326 1766 2364 S.
1790 2325 2062 2378 Radegunffis,
2078 2326 2222 2366 edente
2243 2328 2332 2367 Ste-

1372 2386 1502 2437 phano
1522 2388 1686 2436 Piquoto
1711 2388 1797 2426 Soc.
1827 2388 1907 2426 Jcs.
1945 2389 2118 2426 Pictavis
2143 2389 2262 2439 4624,
2293 2391 2316 2427 8

1371 2449 1431 2487 Ex
1446 2447 1702 2488 Semonibus
1717 2449 1810 2488 editi
1825 2451 1983 2490 fucrant
1997 2451 2064 2490 XL
2084 2450 2104 2473 ³*
2117 2462 2139 2490 a
2156 2451 2330 2491 Gilberto

1370 2511 1563 2561 Cognato,
1586 2512 1702 2550 Basil.
1740 2513 1858 2563 4558,
1885 2513 1906 2550 4
1941 2516 1982 2551 et
2020 2513 2058 2550 in
2083 2512 2332 2553 Orthodoxo-

1369 2573 1527 2623 graphis
1542 2573 1617 2612 An.
1634 2575 1735 2613 4569
1761 2586 1847 2625 pag.
1868 2575 1983 2614 4861.
2001 2574 2097 2619 Inde
2114 2576 2329 2615 Sermones

1365 2636 1485 2674 XLVI
1511 2637 1547 2674 in
1570 2637 1810 2675 Bibliotheca
1833 2638 1994 2676 Patrum
2019 2641 2114 2676 tom.
2138 2639 2224 2678 VIII
2241 2650 2330 2690 pag.

1368 2696 1446 2736 817
1462 2700 1525 2747 (ex
1543 2698 1635 2737 edit.
1652 2699 1875 2739 Coloniensi
1892 2700 2171 2750 Quenteliana,
2191 2702 2228 2739 in
2251 2713 2331 2752 qua

1369 2760 1465 2798 salso
1491 2761 1763 2800 inscribuntur
1792 2761 2094 2801 Admonitiones
2131 2767 2171 2801 et
2210 2764 2331 2802 inter-

1366 2824 1608 2873 pretationes
1656 2824 1807 2874 aliquot
1844 2823 2064 2870 difficilium
2101 2824 2329 2875 Scripturae

1366 2885 1555 2935 locorum,
1568 2885 1888 2934 FOELICIARII,
1905 2884 2152 2924 Arelatensis
2167 2886 2331 2937 Episco-

1371 2948 1437 2998 pi.)
1457 2947 1530 2986 Alii
1548 2949 1637 2988 XIV
1655 2959 1756 3000 quos
1773 2950 1893 2987 Paris.
1912 2948 2034 2999 4669,
2051 2948 2075 2986 8
2095 2948 2330 2999 vulgaverat

1363 3062 1433 3093 tero
1451 3066 1483 3093 et
1500 3061 1667 3102 Stephano
1684 3062 1833 3093 Diacono
1849 3063 1890 3093 ad
1903 3065 2007 3094 MStos
2020 3062 2156 3094 Codices
2167 3062 2334 3093 collatam.

1424 3111 1437 3124 ⁴
1462 3113 1586 3143 norum
1599 3113 1781 3150 vigesimus
1804 3116 1853 3142 est
1876 3111 1918 3142 ad
1936 3108 2112 3143 monachos
2130 3113 2332 3143 Lirincuses.

1362 3160 1421 3191 Sed
1439 3163 1608 3201 juniorem
1631 3164 1764 3200 oportet
1787 3167 1856 3191 csse
1874 3165 2046 3192 auctorem
2076 3159 2334 3199 duodequadra-

1361 3212 1477 3249 gesimi
1496 3213 1658 3242 sermonis
1671 3233 1680 3247 ‚
1699 3209 1730 3240 in
1754 3218 1820 3249 quo
1839 3212 1872 3240 B.
1888 3211 2066 3249 Gregorius
2083 3209 2237 3240 laudatur
2256 3217 2333 3241 cum

1362 3262 1549 3299 Augustino
1573 3269 1648 3300 pag.
1672 3259 1753 3291 1952
1775 3259 2187 3298 orthodoxographorum.
2206 3260 2242 3289 In
2265 3258 2333 3291 alta

1361 3312 1508 3342 editione
1531 3311 1677 3351 eJ‘u-dem
1713 3310 1876 3342 sermonis
1908 3312 1989 3339 tom.
2011 3310 2082 3339 Vlll
2104 3307 2332 3340 Bibliothecae

1363 3363 1497 3391 Pau-um
1523 3360 1624 3399 Lugd.
1650 3368 1726 3401 pag·
1742 3358 1803 3390 858
1826 3359 1951 3390 citatur
1975 3366 2050 3391 curn
2070 3357 2137 3389 ailo
2151 3359 2330 3402 Augustini

1361 3409 1451 3442 dicto
1478 3409 1635 3442 Isidorus.
