2500 3841
1007 219 1199 258 hlJNs

99 285 182 324 lari
192 316 204 334 ,
229 297 330 336 quae
351 285 557 325 dicebatur
579 290 795 339 contigisse
820 293 947 342 priore
983 292 1058 330 An.

99 349 188 388 840.
212 347 346 387 Edidit
367 349 495 387 Lucas
512 349 732 390 Dacherius
753 357 847 392 tom.
873 357 922 393 X.
945 358 1062 407 spici-

97 411 186 460 legii
210 421 297 461 pag.
318 411 407 449 443.
435 410 632 461 (editionis
656 425 782 453 novae
802 421 895 455 tom.
919 419 954 465 3,
973 430 1059 469 pag.

99 472 188 512 324.
213 471 280 511 ubi
299 473 421 511 etiam
444 472 628 513 Ismaelis
652 477 833 516 Bullialdi
863 491 1059 528 censura,

23 534 31 540 '
96 535 264 585 repetita
285 546 336 574 ex
359 536 604 586 praefatione
629 541 725 578 tomi
750 540 893 580 decimi
923 543 1061 581 editio-

97 597 159 635 nis
181 597 348 647 prioris.)
374 597 483 637 Idem
508 609 558 637 an
588 601 690 639 alius
724 604 925 643 Diaconos
955 607 1061 645 Pari—

24 676 29 681 ·
95 661 240 698 siensis
250 661 355 700 circa
369 660 532 700 Annum
556 664 645 702 8028.
668 662 818 704 librum
834 671 1058 719 composuit

93 721 392 774 responsionum
428 722 627 765 adversus
663 727 882 767 CLAUDII
920 731 1060 770 Tauri-

93 784 226 823 nensis
262 785 337 832 (de
372 797 452 837 quo
483 798 604 838 supra
638 795 733 828 tom.
759 793 773 830 4
794 821 801 839 ,
826 805 912 844 pag.
939 795 1014 832 360
1047 803 1056 844 )

20 891 22 893 ,
93 846 307 887 sententias
331 848 480 888 cultam
518 850 737 901 imaqinum
759 853 1054 905 cle'ssvaclentes,

92 909 412 964 ad,Ludovicum
439 913 724 963 Imperatorem
756 921 796 954 et
826 919 1053 958 Lotharium

90 972 198 1012 filius
221 978 310 1024 ejus
330 972 573 1025 Augustum.
589 976 703 1015 Adde
720 979 905 1018 Carolum
931 981 965 1019 lc
982 982 1055 1021 Co-

89 1036 171 1074 inte
191 1040 286 1074 tom.
312 1036 413 1075 VlIl.
438 1036 654 1078 Annalium
690 1042 931 1081 Francorum
967 1056 1054 1095 pag.

20 1112 26 1119 ’
90 1098 155 1136 34.
177 1108 262 1148 seq.
287 1099 446 1137 Primus
469 1100 592 1138 edidit
617 1103 808 1153 Papyrius
831 1106 1052 1153 Massonus⁷

87 1160 248 1199 Parisiis
268 1160 384 1198 4608.
411 1162 447 1199 8.
474 1163 579 1201 unde
606 1165 781 1204 insertus
799 1166 1053 1206 Bibliothecis

89 1223 252 1261 Patrum
277 1222 437 1261 Parisiis
469 1224 585 1263 4624.
625 1230 722 1264 tom.
748 1229 809 1266 lV.
845 1230 881 1269 2.
915 1230 1050 1269 Colon.

90 1288 184 1323 tom.
205 1285 274 1323 lX.
298 1289 340 1323 et
358 1285 482 1337 Lugd.
509 1291 604 1326 tom.
630 1289 734 1328 XIV.
755 1302 843 1342 pag.
870 1293 958 1332 496.

27 1356 30 1359 ·
139 1347 312 1386 Joannes
333 1349 484 1396 DUNS,
511 1350 638 1400 infra,
663 1352 868 1393 SCOTUS.

139 1410 180 1449 S.
199 1409 528 1460 DUNSTANUS,
551 1413 777 1464 Episcopus
800 1415 1051 1467 Wigornien-

88 1471 146 1511 sis
168 1473 219 1512 ab
241 1473 358 1513 Anno
382 1474 470 1513 958.
484 1479 534 1513 et
553 1475 887 1529 Archiepiscopus
906 1480 955 1518 ab
973 1479 1048 1518 An.

30 1559 36 1561 >
88 1534 177 1574 960.
196 1535 247 1574 ad
266 1536 357 1574 988.
378 1536 701 1588 Cantuariensis,
723 1544 878 1591 septem
896 1543 1046 1594 Regum

87 1597 251 1648 Angliae
259 1599 519 1650 temporibus.
531 1600 628 1639 Vide
641 1602 848 1641 Warthoni
864 1604 894 1643 A
902 1606 1049 1656 ngliam

87 1670 242 1699 sacram
265 1663 398 1701 temni
425 1692 433 1712 ,
459 1673 546 1713 pag.
575 1663 664 1703 402.
690 1665 888 1705 Dunstani
926 1669 1050 1706 vitam

86 1721 285 1762 tradidere
307 1721 540 1773 Osburnus‚
561 1726 648 1764 sive
674 1726 877 1768 Osbernus
895 1759 902 1778 ,
922 1731 1054 1769 Mona-

21 1806 26 1823 :
86 1783 188 1823 chus
221 1789 262 1823 et
300 1787 537 1825 Praecentor
574 1788 897 1839 Cantuariensis7
941 1792 1052 1830 libris

89 1845 270 1896 duobus,
302 1859 423 1898 quam
449 1848 572 1887 habes
596 1851 634 1888 in
664 1851 776 1890 Actis
812 1854 1050 1893 Sanctorum

90 1908 138 1947 49
157 1907 244 1959 Maj.
265 1913 360 1948 tom.
382 1910 458 1959 IV,
479 1922 565 1962 pag.
589 1913 679 1951 359.
696 1924 788 1952 cum
807 1915 932 1954 altera
946 1915 1051 1954 Ano—

88 1972 198 2021 nymi
239 1972 466 2022 Presbyteri
502 1976 638 2013 coaevi
675 1986 762 2025 pag.
803 1977 891 2015 346.
932 1982 972 2016 et
1012 1979 1049 2016 in

87 2033 298 2072 Warthoni
321 2038 415 2072 tom.
438 2035 475 2074 2.
497 2035 664 2086 Angliae
694 2038 837 2076 Sacrae
856 2052 863 2076 :
882 2043 922 2077 et
941 2040 1051 2078 libris

87 2094 244 2134 duobus
259 2095 480 2135 Guilelmus
494 2096 778 2137 Meildunensis
788 2112 800 2147 ;
811 2101 897 2139 sive
913 2101 1053 2140 adleil-

87 2155 226 2210 dalphi
253 2157 392 2210 curia,
430 2171 480 2198 ex
513 2171 592 2210 quo
629 2162 820 2200 nonnulla
852 2163 1051 2203 Lelandus

87 2231 172 2271 cap.
193 2221 284 2261 423.
303 2221 403 2261 Vide
422 2225 464 2260 et
488 2223 586 2261 infra
604 2224 641 2261 in
659 2223 873 2263 Eadmero,
896 2226 1050 2276 Scripta

88 2284 297 2323 Dunstano
327 2284 454 2323 multa
474 2285 707 2324 tribuuntur
730 2298 751 2325 a
781 2289 896 2327 Balce
918 2290 964 2327 Π.
988 2290 1051 2328 38.

85 2350 126 2384 et
145 2346 277 2384 Pitseo
311 2357 399 2397 pag.
434 2346 524 2386 479.
553 2347 941 2389 Benediccionariwn
975 2350 1053 2389 Ar-

87 2406 373 2460 chiepiscopale
386 2440 398 2457 ‚
420 2410 506 2448 sive
520 2408 720 2462 formulae
734 2412 1051 2451 Benedictionum

89 2468 501 2523 Archiepzscopalium
525 2472 571 2511 ad
597 2472 872 2524 Alphiraldum
890 2507 901 2523 7
926 2477 1052 2526 Requ-

86 2531 167 2572 lam
188 2532 298 2573 vitae
317 2534 572 2585 monasticae,
590 2540 630 2574 et
654 2536 694 2574 in
712 2536 894 2588 requiam
919 2539 959 2577 S.
980 2539 1052 2576 Be-

84 2594 241 2635 nedicti.
265 2595 546 2636 Ordinationes
567 2597 686 2637 Cleri.
707 2600 764 2637 De
785 2598 936 2637 occulta
961 2599 1053 2638 Phi-

86 2656 272 2711 losophia.
306 2659 428 2710 Leyes
460 2658 720 2699 decimarum.
753 2662 902 2701 Contra
926 2661 1050 2701 malos

83 2721 317 2760 Sacerdotes
340 2720 396 2760 ad
410 2722 574 2773 Papam.
589 2722 812 2762 Solutiones
834 2723 1048 2762 dubiorum

34 2823 37 2830 κ
85 2781 132 2821 (Ie
160 2780 436 2821 Eucharistia.
459 2783 659 2835 Epz‘stolae
702 2784 757 2822 acl
795 2785 1020 2825 Edvvz'num
1035 2819 1046 2836 ,

26 2835 38 2887 ἵν’,
87 2846 126 2882 et
146 2842 202 2882 acl
225 2843 407 2884 diversos
430 2844 648 2895 Epistolae.
668 2856 680 2864 ‘

4 2932 5 2937 ,
140 2903 362 2955 Robertus‚
388 2907 422 2955 a)
461 2908 548 2945 sive
586 2906 818 2959 Radulplzus
848 2908 896 2948 de
929 2911 1049 2950 DUN-

38 2981 44 2986 ·
87 2968 296 3018 STABLE,
312 2969 398 3007 sive
419 2968 468 3007 de
489 2968 816 3020 DUNSTAPLIA⁷
833 2972 1048 3011 Monachus

88 3030 126 3069 S.
147 3029 288 3068 Albani
311 3059 321 3076 ,
345 3030 441 3068 obiit
464 3029 537 3069 An.
567 3032 661 3070 4454
695 3033 934 3082 scripsitque
960 3046 1049 3072 vcr-

31 3077 37 3086 ’
88 3091 200 3130 sibus
224 3091 413 3140 heroicis,
435 3097 480 3131 ut
503 3097 566 3131 est
589 3093 692 3144 apud
720 3094 937 3133 Lei-andum
963 3107 1047 3147 cap.

87 3153 177 3193 3⁴4.
201 3154 366 3192 Baleum
391 3155 424 3193 11
446 3184 454 3203 ,
480 3155 529 3193 84
554 3160 594 3194 et
628 3157 802 3195 pitseum
831 3168 917 3207 pag.
956 3159 1045 3197 243.

88 3217 159 3256 SS.
183 3215 334 3256 Albani
359 3222 398 3257 ec
417 3217 648 3270 Amphibali
668 3220 944 3273 sociorumque
989 3223 1047 3262 Vi-

145 3347 178 3387 a)
195 3348 347 3382 Oudinus
365 3355 447 3384 tom.
466 3350 487 3382 2
501 3374 510 3388 ,
531 3359 605 3391 pag.
630 3351 717 3382 iiio.

2021 229 2087 269 ἰ81

1137 294 1217 329 tam
1234 296 1269 330 ec
1287 292 1525 331 Passionem.
1546 295 1740 346 Elegiacis
1765 300 1952 340 versibus
1974 304 2100 343 fertur

1137 354 1214 393 MS.
1242 356 1278 392 in
1305 356 1544 396 Bibliotheca
1568 358 1805 400 Cottoniana
1840 374 1876 413 p.
1902 365 1926 402 8
1960 370 1999 403 et
2038 368 2098 406 45

1135 415 1275 465 Ejusd.
1304 429 1467 457 versum
1492 418 1538 457 cle
1579 422 1780 461 creatione
1820 423 2015 477 hominis,
2052 428 2099 467 cle

1129 478 1326 528 paradiso
1350 479 1522 532 aliisque
1545 483 1677 522 saeris
1701 488 1961 538 armamentis,
1985 502 2096 529 men—

1136 541 1189 578 tio
1213 553 1299 592 pag.
1322 543 1358 580 8.
1390 543 1466 582 Sed
1497 545 1677 584 Historia
1709 546 1942 590 Alexandri
1965 553 2102 604 Maym'

1136 603 1245 641 libris
1270 604 1311 642 V.
1336 605 1444 644 MSta
1477 607 1514 643 in
1551 608 1793 650 Bibliotheca
1820 614 2030 665 BodleJ'ana
2059 628 2097 655 n.

1135 665 1237 704 3832
1262 665 1447 705 idiomate
1473 669 1627 707 Scotico
1651 676 1870 723 composita
1893 681 1967 715 est.

1187 727 1585 768 DUNSTAPLENSE
1613 732 1861 783 Clzronicon‚
1889 740 1974 777 sive
2014 741 2092 779 An-

1134 789 1245 826 nales
1264 789 1466 828 Prioratus
1482 791 1530 829 de
1552 792 1770 846 Dunstaplc
1789 799 1824 835 in
1844 799 1995 849 Augila,
2016 815 2091 841 una

1130 862 1221 888 cum
1247 853 1448 902 excerptis
1472 864 1493 890 e
1518 854 1768 896 Chartulario
1791 860 1971 910 ejusdcm
1992 866 2002 902 4
2015 865 2091 903 734

1132 913 1260 951 &Nol
1275 914 1311 950 in
1330 915 1365 951 8.
1382 926 1403 953 a
1415 915 1505 953 Viro
1519 917 1740 958 clarissimo
1757 921 1907 961 Thema
1925 925 2089 965 Ileai'ne.

1182 975 1423 1015 DUODENA
1465 979 1605 1017 nobilis
1640 981 1811 1020 foemina
1849 984 2086 1034 Aqilis21rani

1129 1037 1233 1075 circa
1262 1036 1425 1077 Annum
1443 1041 1532 1080 842.
1558 1052 1606 1079 cx
1631 1043 1749 1093 cujus
1772 1046 1956 1085 Manuale?
1978 1049 2024 1086 ad
2053 1052 2095 1087 ii-

1125 1099 1221 1137 lium
1247 1100 1509 1141 wilhelmum
1536 1106 1725 1144 nonnulla
1755 1108 1875 1146 refert
1904 1110 2092 1149 Baluzius

1129 1162 1346 1212 appendice
1371 1163 1418 1201 ad
1435 1167 1605 1204 Marcam
1625 1168 1879 1219 Hispanicam
1897 1184 1984 1222 pag.
2000 1173 2090 1211 777.

1181 1224 1452 1265 ἨΠΒΛΝΒΕΞ
1472 1227 1518 1266 (le
1539 1229 1765 1280 Aureliam,
1793 1235 1878 1271 sive
1899 1235 2089 1275 DURAN-

1130 1288 1349 1335 DELLES,
1398 1289 1559 1329 Ordinis
1607 1293 1928 1334 Praedicatorum
1988 1299 2089 1336 circa

1126 1349 1288 1389 Annum
1330 1353 1428 1391 4330
1454 1356 1701 1403 oppugnavit
1726 1357 1988 1407 Durandum⁷
2023 1362 2090 1409 qui

1126 1413 1154 1449 T
1158 1411 1299 1451 homae
1324 1425 1365 1451 se
1392 1414 1677 1455 Adversarium
1717 1419 1920 1467 professus
1946 1421 2086 1460 fuerat.

1125 1473 1221 1511 Vide
1246 1475 1358 1520 infra,
1383 1476 1651 1516 DCRANDUS
1673 1478 1719 1516 cle
1743 1481 1783 1519 S,
1812 1481 2022 1530 Portz'ano,
2049 1488 2088 1522 et

1124 1535 1326 1575 Oudinum
1353 1542 1447 1576 torn.
1472 1540 1546 1584 111,
1573 1551 1658 1591 pag.
1682 1541 1771 1589 796,
1797 1555 1878 1594 seq.

1176 1599 1446 1639 DURANDUS
1473 1601 1703 1654 Campanas
1720 1636 1730 1654 ,
1752 1607 1890 1645 (juiius
1910 1639 1918 1654 ‚
1941 1620 1960 1646 a
1983 1609 2085 1647 Con—

1128 1660 1367 1701 fessionibus
1402 1665 1573 1714 Reginae
1603 1667 1791 1706 Franci-ae
1816 1673 1855 1706 et
1890 1670 2088 1709 Navarrae

1126 1725 1230 1762 circa
1250 1723 1413 1763 Annum
1440 1726 1538 1765 1340
1556 1738 1578 1765 a
1595 1729 1819 1781 Waddingo
1842 1744 1875 1782 p.
1904 1733 1992 1770 1¹05..
2011 1735 2088 1770 Mo-

1126 1785 1265 1824 nachis
1288 1786 1448 1826 Ordinis
1471 1790 1665 1828 Minorum
1683 1798 1921 1832 accensetur
1943 1825 1949 1838 ,
1971 1795 2092 1833 tradi-

1126 1853 1271 1898 turque
1283 1851 1493 1900 scripsisse
1508 1852 1712 1891 Summam
1725 1854 2088 1907 Confhssarioram,

1125 1913 1210 1950 sive
1234 1911 1503 1951 Directorium
1551 1915 1587 1951 in
1610 1921 1780 1965 quatuor
1796 1922 1930 1968 partes
1945 1919 2086 1957 distin-

1124 1978 1232 2013 ctum
1253 1987 1261 2012 ε
1286 1975 1391 2025 quod
1428 1977 1464 2012 in
1487 1977 1728 2017 Bibliotheca
1753 1980 1978 2020 Colbcrtina
2006 1983 2084 2021 MS.

1125 2038 1276 2075 servari
1298 2040 1452 2076 notavit
1476 2038 1659 2078 Oudinus
1698 2045 1791 2079 tsnn.
1825 2044 1860 2081 3.
1893 2054 1978 2093 pag.
2004 2045 2081 2083 956

1126 2109 1199 2135 nec
1221 2109 1297 2136 non
1319 2099 1358 2136 in
1381 2103 1574 2150 qusniam
1599 2102 1895 2141 Sententiczrvmz
1916 2106 1992 2144 MS.
2015 2107 2088 2144 Bo—

1125 2160 1266 2198 noniae
1286 2190 1293 2209 ,
1311 2172 1387 2199 non
1408 2193 1415 2211 ,
1443 2167 1485 2201 ut
1511 2163 1614 2201 idem
1639 2164 1834 2213 Oudinus7
1859 2166 1897 2204 in
1913 2171 2088 2218 quatuor

1127 2219 1263 2260 libros.

1152 2284 1424 2325 DURANDUS
1439 2287 1714 2327 Cancellarius
1725 2290 2089 2340 Imperatorisllen-

1126 2347 1194 2385 rici
1216 2348 1261 2395 ΙΙ,
1276 2352 1316 2386 ct
1333 2349 1564 2388 Leodiensis
1580 2351 1802 2401 Episcopus
1819 2353 1868 2391 ab
1888 2353 1917 2392 A
1927 2366 1964 2392 n.
1982 2355 2075 2394 4024

1125 2409 1303 2449 21114025
1334 2422 1453 2460 quem
1488 2410 1698 2450 Albericus
1733 2415 1770 2451 in
1813 2415 2007 2455 Chronico
2049 2418 2088 2455 ιἰι

1124 2474 1298 2522 utraque
1317 2471 1548 2511 litterarum
1569 2473 1734 2512 scientia
1758 2477 1882 2524 (sacra
1903 2482 1942 2515 et
1964 2480 2082 2528 civili)

1125 2532 1234 2584 lonsse
1254 2533 1354 2573 satis
1375 2534 1605 2585 eoepeditam
1624 2536 1850 2587 praedicat.
1866 2539 1942 2577 Sed
1965 2552 2086 2590 quam

1125 2607 1145 2634 a
1172 2596 1490 2635 Sammarthanis
1506 2600 1539 2645 a)
1564 2598 1735 2637 traditur
1759 2602 1968 2650 scripsisse
1993 2603 2086 2654 Epi-

1124 2656 1266 2695 stolam
1285 2657 1334 2696 ad
1358 2659 1572 2697 Henricum
1594 2661 1622 2698 I.
1644 2662 1884 2700 Francorum
1910 2664 2057 2715 Regem
2076 2697 2083 2714 ‚

1123 2722 1262 2757 contra
1284 2720 1524 2758 Brmzonem.
1552 2722 1794 2773 Episcopum
1817 2723 2085 2776 Andegaven-

1122 2792 1208 2819 sem
1225 2785 1264 2818 et
1282 2781 1571 2832 Berenyarium
1586 2784 1872 2833 Turonensom,
1887 2787 1950 2826 illa
1966 2789 2087 2829 1)Εο-

1122 2843 1259 2881 DUINI
1285 2848 1346 2881 est
1369 2873 1376 2891 7
1401 2843 1450 2882 de
1475 2856 1552 2894 quo
1573 2845 1725 2885 dictum
1752 2857 1824 2885 suo
1845 2848 1951 2887 loco:
1973 2851 2084 2901 Opus

1122 2916 1218 2943 vero
1241 2906 1433 2944 eximium
1456 2906 1505 2945 de
1531 2908 1790 2947 Sacramento
1820 2909 1987 2959 Altaris,
2024 2925 2085 2951 re-

1121 2967 1226 3004 ctius
1245 2966 1432 3007 tribuitur
1450 2969 1705 3019 DURANDO,
1734 2970 1782 3009 dc
1807 2983 1884 3021 quo
1911 2984 2002 3012 mox
2028 2976 2085 3013 in-

1123 3028 1203 3076 fra,
1238 3028 1494 3068 Troarnensi.

1176 3204 1209 3241 a)
1227 3207 1319 3236 Tom.
1336 3205 1367 3237 2.
1385 3205 1510 3237 Galliae
1529 3206 1740 3240 Christianae
1771 3219 1844 3251 ρος.
1862 3212 1935 3245 640.
1955 3214 1988 3246 b.
2008 3217 2089 3257 Epi-

1114 3254 1233 3286 sioiam
1251 3254 1341 3286 illam
1359 3255 1516 3287 Durando
1532 3257 1705 3290 Leodiensi
1738 3266 1870 3300 praeter
1896 3272 1966 3296 rem
1984 3267 2087 3299 tribui

1114 3306 1243 3335 notavit
1260 3304 1347 3336 Phil.
1364 3305 1513 3337 Labbeus
1533 3311 1615 3339 tom.
1638 3307 1663 3339 l.
1688 3310 1727 3341 ile
1754 3314 1785 3344 s.
1803 3313 1839 3344 E.
1871 3322 1946 3354 pag.
1967 3316 2039 3349 269.
2058 3322 2088 3348 et

1107 3355 1226 3393 pagius
1251 3353 1290 3384 aii
1312 3356 1443 3386 Annum
1469 3355 1561 3388 1055.
1582 3366 1616 3389 n.
1635 3358 1669 3389 5.

1696 3427 1741 3466 61
