2500 3841
923 232 1344 271 DOMINICUS

129 316 242 345 sinus
264 309 304 343 et
328 301 573 348 Cardinalis⁷
603 299 819 339 defunctus
860 301 934 339 An.
971 303 1085 341 1419.

127 367 262 408 Budae
287 365 391 405 Junii
416 364 464 402 X.
495 361 543 401 ad
568 373 689 412 quem
715 362 818 401 (lieni
844 364 1089 403 consulenda

129 429 232 469 Acta
261 430 525 472 Sanctorum,
550 424 614 463 ubi
643 426 724 462 vita
748 425 835 474 ejus
872 428 1091 477 composita

127 503 148 530 a
177 490 361 533 Iohanne
385 487 532 532 Caroli,
554 486 796 525 Florentino.
825 488 991 539 Scripsit
1014 489 1092 526 La-

126 551 259 592 culam
280 549 405 589 noctis
429 553 569 587 contra
609 548 769 587 Collutii
799 550 969 589 Salutati
989 552 1022 598 a)
1048 551 1092 588 li-

126 615 242 654 brum
263 613 313 652 do
338 613 496 650 fortuna
514 615 554 648 et
579 611 682 649 fato:
706 610 809 662 juris
829 610 989 661 jurandi
1016 612 1091 649 lide

126 680 302 716 testatus
323 686 366 713 se
391 676 428 711 in
457 673 566 711 nulla
590 674 757 711 scientia
786 674 994 713 Doctorem
1023 673 1092 711 ha-

126 739 274 778 buisse.
300 737 508 776 Lectiones
531 737 567 773 in
586 733 874 784 Εοοῖεείαειεη,
893 740 934 774 ct
957 734 1092 773 Eccle-

127 800 349 841 siasticum.
374 799 422 837 In
444 796 707 848 Evanyelium
735 797 930 837 Matthaei
963 808 1091 847 usquc

128 863 177 903 ad
202 867 322 914 caput
345 863 453 901 XIX.
481 860 521 899 in
544 859 761 912 Epistolam
784 859 838 898 acl
869 862 1088 906 Romanos,

128 930 168 964 et
188 924 243 963 ad
267 923 502 964 Corinthios.
525 922 786 961 Itinerarz'um
811 921 1026 962 devotionis
1052 920 1091 959 in

128 985 308 1026 Psalmos
329 989 367 1024 et
385 984 552 1025 Cantica
572 984 840 1024 Canticorum.
858 985 992 1035 Super
1007 983 1093 1021 Ma-

123 1048 298 1100 9m'ficat.
325 1045 706 1097 Quadraqesz’malz'a
722 1046 800 1085 duo
820 1077 828 1097 ,
849 1056 1018 1096 quorum
1037 1044 1093 1082 al-

126 1116 212 1150 tero
234 1110 423 1148 versiculi
453 1109 701 1148 Psalmorum
735 1110 804 1148 IX.
844 1110 1091 1159 primorum:

129 1173 254 1211 altero
287 1171 449 1222 regulae
481 1171 590 1209 Juris
625 1172 665 1208 in
703 1172 800 1210 libro
825 1171 964 1209 ultimo
989 1170 1092 1208 sexti

129 1233 400 1274 Decretalium
422 1232 675 1271 illustrantur
693 1262 700 1281 =
720 1233 881 1272 laudata
901 1233 950 1271 ab
970 1231 1094 1270 Anto-

129 1297 222 1334 nino
241 1295 468 1334 Florentino
506 1293 595 1345 ejus
632 1294 848 1345 discipulo:
875 1295 909 1343 b)
949 1296 1093 1332 Po'ema

129 1357 177 1396 dc
197 1356 282 1396 vita
321 1360 359 1395 et
394 1359 521 1394 morte
540 1356 583 1393 B.
618 1355 815 1407 Ve'ryinis,
842 1359 880 1394 et
905 1354 1095 1394 Ecclesiz's

133 1419 245 1472 apud
265 1417 514 1458 Florenttnos
535 1416 572 1457 ei
593 1417 808 1467 dedicatis,
834 1420 868 1467 c)
893 1418 1003 1456 libris
1032 1418 1094 1455 IV.

133 1483 197 1521 {98
214 1484 375 1527 Praeter
389 1493 473 1520 rem
493 1510 501 1528 ,
518 1485 563 1520 ut
595 1486 732 1519 monet
748 1480 953 1520 Mor-enias
978 1481 1014 1518 in
1031 1480 1098 1518 Βι-

130 1543 270 1596 hlioyr.
292 1544 616 1592 Toscana,immo
633 1544 826 1582 Dominici
847 1543 896 1581 de
917 1543 1095 1590 Corella.)

132 1608 342 1647 Sermones
362 1607 495 1646 varios
516 1610 556 1644 et
572 1605 784 1658 Epistolas.
801 1606 1032 1643 Tractatum
1051 1603 1097 1642 (Ie

135 1669 403 1721 Conceptione.
422 1669 584 1708 Librum
594 1668 640 1708 de
651 1666 983 1708 Possessi'om'bas.
996 1667 1098 1706 Ora-

134 1732 278 1770 tionem
302 1733 342 1770 in
359 1732 498 1771 funere
511 1730 703 1770 Ludovici'
715 1730 849 1768 Boniti
862 1730 1096 1770 Cardinalis.

127 1795 260 1832 Vitam
290 1796 333 1832 B.
375 1792 588 1833 Marcolini
622 1793 930 1831 Foroliviensis:
956 1796 996 1829 et
1021 1793 1098 1830 lta-

129 1857 203 1895 lice
223 1854 415 1907 Reqzclam
437 1855 620 1904 vivendi,
646 1856 723 1894 MS.
753 1854 857 1905 apud
891 1854 1099 1904 Magliabe-

110 1919 291 1973 Uchium,
315 1922 356 1956 et
380 1917 429 1956 de
458 1916 604 1956 Amore
630 1915 852 1956 Charitatis
873 1918 911 1954 in
939 1918 973 1955 1.
1009 1917 1096 1955 Cor.

132 1982 237 2020 XIII.
256 1982 318 2030 (99
340 1980 456 2019 Senis
482 1981 598 2028 1619,
617 1980 664 2028 4.)
682 1980 820 2017 Venet.
841 1980 956 2018 1664
981 1979 1096 2017 1686.

135 2047 177 2082 et
200 2044 361 2082 Florent
388 2042 504 2081 1696.

182 2104 390 2144 DOMINIC
398 2104 460 2143 US
473 2104 685 2142 Mancznas
704 2104 1094 2152 infi‘a,NIANCINUS.

186 2166 464 2207 DOMINICUS
492 2163 636 2213 Nardi,
654 2164 815 2203 Ordinis
831 2165 1095 2204 Praedicator.

132 2230 302 2280 scriptor
325 2229 562 2268 Sermonum
581 2257 589 2277 >
607 2227 736 2266 tribus
757 2228 857 2267 Voll.
880 2227 1098 2267 defunctus

132 2290 210 2330 An.
241 2290 357 2329 1386.

183 2352 460 2392 DOMIMCUS
489 2351 675 2390 Pantaleo
699 2353 786 2390 sive
811 2342 860 2391 de
888 2351 1097 2390 Pantaleo-

135 2412 279 2462 nibus,
318 2415 598 2463 Florentinus‚
636 2413 799 2452 Ordinis
831 2415 1096 2453 Praedicator.

135 2478 202 2527 qui
226 2475 302 2515 An.
333 2475 436 2514 1376
461 2476 581 2514 rebus
603 2476 792 2515 humanis
808 2477 1028 2525 valedixit,
1056 2481 1099 2515 ut

133 2537 404 2589 Waddingum
434 2541 602 2576 secutus
630 2543 738 2576 recte
770 2538 947 2588 Gangius
984 2543 1024 2576 et
1057 2540 1095 2575 in

129 2600 373 2640 Bibliotheca
400 2600 575 2638 Mariana
600 2600 843 2650 Hippolytus
867 2601 1097 2638 Maraccius:

139 2673 216 2701 non
242 2662 316 2701 An.
356 2662 459 2701 1262
499 2665 543 2699 ut
586 2671 679 2699 cum
718 2660 893 2699 Antonio
932 2662 1099 2700 Senensi

122 2721 382 2770 'Possevinus
411 2723 578 2773 aliique:
611 2734 742 2772 neque
772 2722 873 2760 1476
899 2728 942 2761 ut
970 2724 1099 2762 Julius

135 2787 254 2838 Niger
283 2796 370 2836 pag.
398 2785 474 2824 163
504 2784 691 2822 historiae
729 2785 969 2835 scriptorum
1014 2787 1101 2824 Flo-

135 2849 400 2886 rentinorum.
425 2845 522 2885 Vide
557 2845 748 2884 Jacobum
774 2846 912 2892 Ouetif
942 2852 1036 2886 tom.
1064 2851 1098 2887 1.

138 2921 214 2960 pag
239 2908 317 2947 675
341 2920 390 2947 ex
414 2919 494 2958 quo
519 2908 624 2946 sicut
650 2909 770 2946 etiam
809 2920 858 2946 ex
892 2908 1099 2948 Altamura

135 2983 224 3022 pag.
248 2971 323 3010 134
348 2974 509 3009 constat
533 2969 640 3008 bunc
675 2972 926 3010 Dominicum
962 2983 1101 3022 perpe-

138 3045 222 3073 ram
249 3045 271 3072 a
306 3032 532 3083 Waddingo
556 3036 595 3070 et
621 3033 769 3083 Cangio
794 3035 997 3072 accenseri
1029 3035 1101 3073 Or-

192 3164 225 3201 a)
246 3164 328 3196 Vide
344 3172 468 3204 supra,
496 3166 528 3194 in
554 3165 771 3202 COLLUTffl,
796 3169 877 3195 tom.
908 3163 919 3193 1
950 3174 983 3204 p.
1006 3164 1083 3195 569.

194 3215 231 3252 b)
259 3217 416 3247 Summae
442 3214 521 3245 hist.
547 3216 601 3246 tit.
618 3213 658 3245 23
683 3222 756 3254 cap.
782 3216 833 3246 xl.
861 3216 890 3254 S.
913 3215 946 3245 5.

192 3263 226 3302 c)
251 3263 358 3295 Julius
381 3265 480 3303 Niger
505 3262 545 3294 de
561 3264 781 3303 scriptoribus
808 3264 1008 3294 Florentinis
1028 3271 1103 3303 pag.

133 3313 209 3344 280.
232 3314 313 3346 Vide
330 3315 432 3345 etiam
457 3314 627 3345 oudinum
654 3319 733 3344 tom.
762 3314 780 3344 5
806 3322 879 3353 pag.
904 3313 984 3343 ‘2221
1010 3319 1040 3344 ct
1066 3316 1102 3343 G.

132 3362 266 3403 Joscphi
293 3365 380 3404 Eggs
404 3366 592 3403 purpuram
614 3363 746 3395 doctam
774 3369 853 3395 tom.
888 3364 895 3393 1
927 3372 999 3403 pag.
1032 3364 1102 3395 1033.

2048 232 2123 270 'inst

1162 303 1266 342 dinis
1291 304 1483 342 Minorum
1511 303 1726 350 fratribus,
1756 313 1926 352 quorum
1959 306 2124 340 senten-

1165 367 1241 403 tiae
1263 365 1560 405 immaculatam
1584 367 1627 404 B.
1660 365 1802 404 Mariae
1825 364 2125 414 conceptionem

1164 428 1468 466 defendentium
1500 428 1684 478 opposuit
1713 426 1914 477 dialogum
1931 424 2128 477 depecca-

1166 493 1201 528 to
1241 489 1433 541 oriqinalz'
1464 494 1501 529 e!
1534 489 1670 540 qratia
1695 490 1737 527 B.
1765 487 1960 539 172'7292’221'3,
1985 492 2124 526 contra

1167 554 1300 590 minus
1323 553 1423 590 bene
1449 543 1674 590 sentientes
1691 555 1731 588 et
1758 552 1933 589 minores
1959 551 1996 588 in
2017 549 2127 588 Fide:

1167 625 1238 651 nec
1287 625 1364 651 non
1408 618 1620 651 tractatum
1651 616 1791 650 contra
1828 615 2040 664 protervos
2082 610 2129 649 de

1160 678 1321 727 peccato
1347 673 1539 725 oreyz'izali'
1552 676 1594 712 B.
1617 674 1791 724 Virqt'nz's
1810 674 2002 713 doctores.
2021 675 2128 713 Scri-

1165 739 1244 789 psit
1263 741 1469 788 praeterea
1494 737 1838 775 Commentariun]
1857 736 1896 774 ιίι
1912 735 2131 775 Salutatio-

1163 810 1251 837 nem
1273 796 1516 848 Anqelz'cam.
1543 797 1682 847 Ejusd.
1718 802 1782 836 est
1816 797 2039 848 discipulus
2078 797 2133 836 ad

1166 859 1353 898 mortales
1372 891 1383 908 2
1425 861 1511 898 sive
1536 864 1734 898 tractatus
1759 870 1881 908 super
1904 859 2097 898 inserere
2116 891 2126 907 ,

1166 923 1312 961 Psalm.
1339 923 1400 961 61.
1428 923 1559 972 Super
1588 932 1687 959 casu
1711 919 1758 959 de
1777 921 1906 958 Monte
1931 931 1963 969 a)
1989 925 2129 960 contra

1170 983 1432 1022 Franciscum
1461 982 1509 1022 de
1536 981 1718 1034 Empoli,
1745 982 1780 1031 b)
1811 982 1972 1020 Ordinis
2008 985 2131 1022 Mino-

1167 1059 1269 1086 rum.
1306 1047 1363 1084 De
1391 1044 1525 1098 forma
1567 1043 1876 1084 consecrationis
1920 1045 2130 1095 sanquim's

1171 1109 1357 1158 CHrz'stz',
1388 1109 1436 1147 ad
1463 1110 1695 1159 petitionem
1739 1105 1904 1156 Jacobi,
1944 1108 2131 1158 Episcopi

1168 1172 1401 1210 Florentiui.
1420 1171 1475 1209 De
1502 1169 1739 1210 Substantia
1757 1168 1878 1209 Orbis
1896 1201 1906 1218 ,
1931 1168 2131 1208 adversus

1170 1234 1404 1274 Averroem,

1224 1297 1504 1337 DOMINICUS
1528 1296 1738 1335 Pratensi's
1762 1296 1811 1334 de
1849 1297 1937 1334 Vita
1969 1296 2014 1333 B.
2052 1296 2134 1333 Da-

1169 1360 1338 1398 vanzatc'
1358 1360 1610 1399 Confessoris
1635 1359 1780 1410 prodiit
1805 1360 1842 1396 in
1883 1358 1996 1397 Actis
2033 1358 2132 1397 San-

1171 1427 1329 1461 ctorum
1355 1426 1450 1460 tom.
1478 1421 1656 1461 secundo
1678 1422 1773 1460 Julii
1800 1420 1834 1459 7.
1859 1432 1947 1471 pag.
1970 1420 2059 1460 627.

1228 1484 1504 1524 DOMINICUS
1528 1484 1704 1524 Sz'narra
1738 1495 1759 1522 e
1795 1484 2014 1532 Fabriano,
2046 1485 2133 1521 sive

1170 1547 1450 1586 Fabrianensis
1471 1559 1492 1585 e
1517 1548 1660 1585 Piceno
1684 1545 1798 1584 (idem
1817 1547 1884 1596 qui
1903 1546 2051 1596 Cangio
2074 1545 2135 1583 Si-

1171 1621 1305 1647 nazza
1324 1640 1334 1657 ,
1360 1610 1554 1648 Rovettae
1593 1608 1816 1658 Senare'as,
1856 1609 1919 1646 vel
1945 1609 2130 1655 Smarra)

1171 1670 1332 1709 Ordinis
1359 1671 1681 1710 Praedicatorum
1706 1672 1809 1709 circa
1842 1670 2004 1709 Annum
2032 1670 2134 1709 1314

1173 1734 1293 1785 cujus
1318 1734 1414 1772 nihil
1441 1735 1616 1773 refertur
1643 1737 1801 1784 praeter
1841 1734 2055 1772 Sermones
2088 1732 2137 1770 de

1172 1801 1352 1846 tempore.
1377 1796 1480 1834 etde
1504 1796 1676 1835 Sanctis.
1694 1795 1790 1834 Vide
1807 1795 2014 1841 Quetifum
2040 1799 2134 1832 tom.

1178 1860 1213 1897 1.
1238 1869 1324 1908 pag.
1359 1857 1448 1896 627.

1224 1919 1499 1959 ΒΟΜΙΜΟΗΞ
1523 1920 1667 1968 Sotas7
1695 1921 1781 1958 sive
1806 1931 1832 1957 a
1870 1919 1960 1957 Soto
1976 1950 1987 1967 ,
2014 1922 2134 1957 natus

1175 1982 1365 2032 Segobiae
1404 1983 1443 2019 in
1474 1982 1662 2032 Hispania
1698 1981 1774 2020 An.
1819 1980 1935 2020 1494.
1976 1979 2136 2018 Ordinis

1173 2044 1523 2090 praedicatorum,
1549 2044 1774 2094 Theologus
1800 2043 2102 2082 Salmaticensis
2129 2072 2136 2088 ‚

1173 2105 1311 2145 Carolo
1341 2107 1386 2145 V.
1426 2107 1526 2157 Imp.
1565 2117 1587 2144 a
1617 2107 1742 2144 sacris
1779 2104 2135 2145 Confessionibus‚

1171 2169 1348 2208 Concilio
1375 2168 1609 2207 Tridentino
1634 2168 1815 2207 interfuit
1840 2167 1915 2206 An.
1943 2167 2047 2206 1646
2071 2166 2139 2204 ob-

1173 2231 1298 2280 iitque
1317 2230 1585 2269 Salmanticae
1609 2230 1686 2268 An.
1711 2231 1826 2269 1660.
1852 2228 1901 2267 de.
1926 2240 2005 2279 quo
2025 2229 2139 2268 Nico—

1174 2293 1261 2331 laus
1282 2292 1484 2332 Antonius
1519 2297 1614 2331 tom.
1642 2294 1677 2332 1.
1702 2291 1970 2330 Bibliothecae
2001 2291 2139 2340 Ilispa—

1174 2366 1248 2393 nae
1283 2366 1370 2405 pag.
1398 2355 1476 2394 266
1500 2385 1508 2401 ,
1534 2366 1618 2405 seq.
1651 2359 1692 2393 et
1715 2354 1890 2393 Jacobus
1926 2352 2138 2392 Echardus

1175 2422 1271 2455 tom.
1307 2418 1330 2457 2
1368 2417 1416 2456 de
1457 2419 1618 2468 scriptis
1655 2418 2008 2456 Dominieanorum
2052 2426 2139 2465 pag.

1177 2478 1244 2517 171
1282 2509 1290 2527 ,
1342 2490 1426 2529 seq.
1469 2481 1716 2530 Scriptorum
1770 2478 1976 2528 catalogus
2033 2476 2139 2526 apud

1178 2545 1396 2590 utrumque
1427 2541 1553 2579 videri
1590 2545 1749 2591 potest7
1779 2545 1820 2578 et
1857 2538 1961 2590 apud
2007 2539 2137 2588 ipsum

1175 2603 1317 2641 Sotum
1342 2603 1383 2641 iu
1408 2603 1678 2652 recognitIOne
1702 2613 1867 2651 operum
1889 2611 2067 2647 suorum,
2087 2600 2136 2638 ad

1175 2665 1324 2704 calcem
1364 2665 1639 2702 commentarii
1672 2665 1708 2701 in
1735 2667 1924 2714 quartum
1966 2663 2138 2701 Senten-

1175 2729 1333 2765 tiarum.
1380 2727 1596 2776 Praecipua
1640 2730 1735 2764 sunt
1773 2726 2059 2764 Commentarii
2099 2724 2138 2762 in

1176 2787 1397 2840 Epis-telam
1424 2786 1479 2825 acl
1500 2789 1696 2826 Romanos
1709 2819 1720 2837 1.
1746 2787 2006 2838 Antwerpiae
2032 2788 2134 2826 1660

1175 2856 1215 2889 et
1239 2863 1288 2889 ex
1316 2851 1476 2889 meliore
1500 2849 1671 2888 editione
1689 2850 1996 2888 Salmanticensi
2022 2849 2136 2888 1661.

1178 2913 1240 2951 fol.
1271 2912 1562 2951 Annotationes
1591 2911 1638 2950 ad
1676 2913 1868 2949 Joamzem
1912 2911 2059 2948 Forum
2098 2912 2135 2948 in

1178 2973 1443 3025 Evanqeliam
1466 2973 1658 3012 ‚Iohannis
1677 3007 1683 3016 .
1710 2975 1977 3013 Salmanticac
2006 2975 2108 3012 1664
2126 3003 2134 3015 ,

1179 3037 1367 3087 &quibus
1384 3037 1545 3075 Micliai‘l
1558 3037 1724 3088 Medum,
1741 3036 2137 3075 BellarcensisFran-

1231 3213 1265 3253 a)
1298 3214 1390 3252 Apud
1414 3213 1662 3253 Waddinguiu:
1706 3213 1910 3244 Tractatum
1942 3211 1984 3241 de
2021 3211 2141 3243 Monte

1167 3263 1357 3293 communi.
1372 3264 1493 3301 Niger:
1517 3264 1709 3294 'tractatus
1725 3262 1846 3301 plures
1865 3261 1906 3291 de
1921 3266 2031 3291 morte
2051 3269 2142 3291 com-

1168 3314 1278 3343 vmuni.

1228 3364 1247 3393 l»
1288 3363 1380 3403 Apud
1406 3365 1539 3401 Nigrum
1567 3371 1640 3402 pag„
1668 3363 1735 3394 izi.
1762 3364 1803 3393 cle
1834 3363 2014 3402 Emporia.
