2500 3841
774 201 1366 240 ETIIELWOLFUs

1992 201 2070 240 523

75 270 145 308 ber
176 269 223 308 de
254 267 475 308 Abbatibzis
512 268 904 322 Lindisfarnensibus
920 305 930 321 ,
962 273 1032 312 sed
1104 272 1184 322 jam
1207 283 1327 323 supra
1352 272 1390 309 in
1415 270 1591 310 ADAMO
1616 270 2002 321 Reicherspergensi.
2028 277 2069 309 et

75 333 143 382 qui
180 334 311 383 potius
352 335 415 369 est
451 331 685 370 Ethelwulii
722 335 901 372 Bernicii.
939 336 1035 373 Vide

74 393 276 432 Oudinum
291 398 386 431 tom.
405 392 442 429 2.
460 403 547 443 pag.
574 393 648 431 470
670 394 736 432 ubi
755 400 864 434 notat
880 397 1033 435 MStum

75 456 113 493 in
143 456 406 496 Cottoniana:
447 454 515 492 sed
550 459 590 493 et
623 455 964 506 Anglo-Saxonice
994 460 1037 497 li-

72 518 189 557 brum
213 516 454 556 Ethelwoldi
479 517 528 553 W
534 518 760 556 intonieniis
783 518 830 557 de
868 519 1040 559 Consue-

75 577 212 618 tudine
235 577 519 619 Monachorum
544 578 705 618 Ordinis
740 581 779 619 S.
811 581 1038 629 Benedicti,

76 652 150 680 nec
172 652 252 680 non
276 642 316 679 in
342 641 585 680 Bibliotheca
609 643 924 693 Cantabrigiensi
955 643 1041 682 Col-

73 702 165 754 legii
187 703 374 754 Corporis
398 703 552 741 CHristi
574 701 764 754 Reyulam
785 705 823 743 S.
844 703 1044 743 Benedicti

80 765 275 804 Saxonice
299 777 459 804 versam
484 765 533 804 ab
554 766 628 805 hoc
650 767 912 806 Ethelwoldo.

125 828 532 876 ETHELWOLFUS,
557 828 927 876 AEDILWUPHUS,
952 829 1043 878 (Lu-

69 899 151 943 pus
178 887 335 939 nobilis)
378 892 506 940 patria
544 889 755 928 Bernicius
788 891 1038 940 Anglosax0‚

74 946 292 990 Monachus
315 951 668 999 Lindisfarnensis,
692 951 852 990 Ordinis
875 950 1042 990 Benedi-

74 1014 170 1052 ctini
193 1014 297 1052 circa
312 1013 475 1053 Annum
499 1015 574 1053 820
592 1015 626 1063 a)
642 1012 760 1063 cujus
781 1018 844 1051 est
865 1013 1040 1052 Carmen

76 1076 234 1126 epicum
256 1075 304 1114 ad
321 1076 539 1126 Egbertum
560 1077 802 1126 Episcopum
828 1075 1041 1113 Lindisfar-

72 1148 254 1185 nensem,
275 1136 323 1175 de
341 1135 563 1176 Abbatibus
579 1141 619 1176 et
636 1138 733 1175 viris
758 1138 833 1188 piis
855 1136 1040 1175 Coenobii

73 1199 115 1238 S.
134 1200 252 1237 Petri
287 1200 322 1236 in
360 1199 489 1237 insula
519 1197 841 1250 Lindisfarnensi
857 1229 868 1246 ,
894 1197 941 1236 de
963 1208 1041 1247 quo

65 1261 151 1314 jam
172 1262 212 1299 in
231 1260 562 1300 ETHELWODO
587 1260 680 1307 dixi,
702 1265 741 1298 et
766 1259 871 1310 quod
896 1271 946 1298 ex
967 1260 1040 1298 Co-

71 1323 158 1362 dice
173 1321 492 1372 Cantabrigiensi
501 1322 681 1371 vulgavit
690 1321 942 1360 MabiIlonius
953 1321 1038 1359 Sec.

71 1385 135 1426 IV.
166 1384 369 1425 Benedict.
408 1388 521 1434 parte
558 1384 597 1422 2.
634 1395 722 1435 pag.
760 1384 849 1422 302.
886 1382 1040 1422 Laudat

73 1446 275 1487 Lelandus
297 1457 381 1497 cap.
408 1446 496 1485 409.

123 1509 532 1557 ETHELWOLFUS,
583 1509 669 1546 sive
712 1508 1061 1547 EITHELWOL-.

74 1572 170 1611 FUS
186 1568 396 1622 deLapide,
408 1570 642 1617 Svevus,ex
658 1569 1042 1620 MagistriGraftonis

72 1632 323 1673 Udenheimii
344 1633 536 1671 Sletstani
557 1632 764 1683 disciplina
786 1632 918 1670 clarus
939 1632 1043 1669 circa

77 1695 241 1734 Annum
267 1695 370 1734 4494
402 1695 561 1745 scripsit
584 1693 630 1733 de
654 1693 841 1732 laudibus
879 1693 1043 1732 heroum

74 1761 110 1796 et
135 1755 319 1795 virorum
344 1755 564 1795 illustrium
585 1756 634 1795 ad
658 1756 872 1806 Georgium
896 1756 945 1794 de
972 1756 1044 1793 La-

72 1818 187 1870 pide,
211 1819 458 1858 avunculum
482 1829 602 1857 suum
625 1847 633 1865 ,
658 1822 779 1867 atque
813 1815 1041 1867 Epistolare

74 1880 180 1931 quod
219 1881 488 1920 cultissimum
529 1884 647 1918 vocat
684 1879 928 1918 Trithemius
957 1889 1042 1928 cap.

75 1943 153 1982 932
177 1943 245 1993 qui
272 1941 470 1981 videndus
493 1943 613 1980 etiam
635 1952 667 1980 c.
708 1942 785 1980 295
823 1941 871 1979 de
909 1941 1044 1991 script.

77 2004 266 2043 German.

127 2066 405 2114 ETHERIUS,
431 2067 516 2104 sive
540 2066 793 2105 HETERIUS
815 2066 851 2114 b)
883 2067 1047 2116 Episco-

73 2139 150 2179 pus
166 2129 205 2165 in
215 2128 404 2178 Hispania
419 2128 660 2166 Uxamensis
675 2139 752 2166 una
768 2139 860 2166 cum
874 2126 1045 2166 BEATO

71 2190 309 2240 Presbytero
345 2187 600 2228 Asturicensi
638 2190 742 2228 circa
776 2189 938 2228 Annum
966 2187 1045 2226 785

72 2249 226 2291 duobus
251 2249 367 2290 libris
391 2250 438 2289 de
458 2250 665 2303 adoptione
689 2250 787 2289 Filii
808 2251 903 2288 DEI
923 2262 1046 2301 oppu-

68 2315 207 2365 gnavit
228 2311 476 2364 Elipandum
498 2313 750 2359 Toletanum,
773 2314 840 2363 qui
864 2317 1046 2351 extrema

70 2380 183 2427 parte
209 2375 339 2414 mutili
364 2375 541 2424 primum
567 2374 747 2425 prodiere
772 2377 808 2412 in
831 2375 933 2413 Petri
959 2375 1046 2413 Ste-

71 2438 188 2476 vartii
212 2438 412 2484 auctario,
434 2436 665 2486 Ingolstadii
689 2437 804 2482 4604,
826 2437 859 2474 t.
884 2436 975 2474 inde
1003 2437 1042 2473 in

73 2511 178 2539 nova
191 2499 338 2539 Canisii
354 2499 585 2537 Lectionum
603 2498 776 2536 editione
796 2498 1043 2548 Basnagiana

73 2568 172 2601 tom.
193 2562 230 2601 2.
251 2572 339 2612 pag.
370 2558 546 2599 297-375
572 2571 645 2598 nec
670 2571 747 2598 non
770 2561 808 2597 in
830 2559 1044 2598 Bibliothe-

72 2626 131 2664 cis
153 2626 315 2663 Patrnm
335 2652 344 2670 ,
384 2623 595 2661 Parisiensi
621 2650 629 2669 ,
655 2621 876 2660 Coloniensi
910 2625 950 2659 et
974 2631 1043 2657 no-

74 2687 240 2725 vissima
264 2683 523 2735 Lugdunensi
554 2687 649 2721 tom.
687 2683 792 2721 XIII.
832 2694 918 2733 pag.
951 2681 1040 2720 353.

72 2748 293 2798 Basnagius
316 2745 516 2786 eruditam
541 2744 590 2783 de
617 2743 801 2794 Elipandi
827 2743 979 2782 haeresi
1000 2747 1040 2781 et

75 2809 316 2848 adversariis
339 2807 548 2846 diatribam
572 2807 790 2856 praemisit.
816 2805 1041 2856 Fraymen-

76 2875 159 2910 tum
180 2881 276 2909 vero
302 2901 310 2920 ,
335 2869 441 2920 quod
466 2867 652 2906 Folmaro
679 2868 905 2918 oppositum
930 2867 1041 2905 velut

75 2933 216 2972 iisdem
240 2934 360 2971 Beato
382 2935 502 2980 atque
526 2930 689 2968 Etherio
713 2929 942 2968 auctoribus
961 2928 1043 2967 edi-

75 3000 162 3035 tum
185 3006 208 3033 a
233 2994 433 3034 Stevartio
459 3003 544 3043 pag.
567 2992 644 3031 243
670 2993 830 3041 scripsit
854 2991 1040 3039 Caveus,

132 3126 168 3166 a)
193 3127 263 3156 Non
287 3128 348 3156 An.
371 3124 434 3155 750
456 3127 494 3155 ut
515 3122 649 3155 Baleum
675 3125 714 3153 ΙΙ.
742 3121 781 3152 12
802 3123 906 3154 secuti
922 3123 1050 3153 Pitseus

73 3183 150 3216 pag.
177 3175 247 3207 145.
285 3176 421 3207 vossius
446 3182 521 3214 pag.
551 3173 624 3205 ⁶284.
652 3177 684 3204 et
709 3173 866 3212 cangiuS.
890 3172 970 3203 Vide
992 3172 1054 3202 Ca-

75 3233 184 3258 veum.

1110 334 1300 377 BEATO,
1326 334 1461 372 notavi
1487 333 1643 372 illorum
1664 333 1827 370 minime
1851 343 1953 379 esse,
1979 343 2072 372 cuin

1112 396 1317 434 Folinarus
1338 396 1406 445 qui
1431 400 1609 445 tempore
1628 394 1842 432 Alexandri
1868 395 1919 432 III
1943 423 1950 442 ,
1972 396 2073 433 circa

1112 458 1189 495 An.
1209 458 1312 496 4160
1339 458 1462 503 vixit,
1488 456 1537 494 ab
1561 456 1722 495 Etherio
1747 461 1787 494 et
1810 457 1930 494 Beato
1954 467 2078 507 oppu-

1114 520 1223 568 gnari
1235 519 1666 569 neutiquanipotuerit.
1682 519 1966 568 Fragmentum
1985 529 2080 556 vero

1115 592 1135 618 a
1167 580 1362 617 stevartio
1399 572 1606 629 vulgatum
1643 583 1705 617 est
1734 579 1923 629 praefatio
1959 583 2079 629 atque

1116 643 1273 679 initium
1291 642 1434 691 operis,
1452 640 1556 690 quod
1577 641 1755 679 Folmaro
1765 640 2081 691 opposuitADA-

1113 704 1214 742 MUS
1238 702 1658 752 Reicherspergcnsis,
1684 707 1898 752 exstatque
1930 703 1967 740 in
1998 702 2075 741 edi-

1116 767 1223 802 tione
1248 774 1351 802 nova
1371 764 1520 801 Canisii
1542 764 1785 812 Basnagiana
1802 768 1895 801 tom.
1915 765 1950 802 3.
1970 768 2080 814 parte

1115 827 1153 864 ⁶2.
1177 836 1261 876 pag.
1289 824 1475 863 200-204.
1499 825 1655 862 Heterio
1676 824 1749 861 hoc
1773 831 1935 875 rogante
1960 827 2079 864 Com-

1112 888 1353 925 mentarium
1370 887 1456 924 sive
1471 886 1665 924 Catenam
1682 897 1732 923 ex
1751 887 1985 926 Doctoribus
2009 889 2084 926 Ec-

1116 948 1260 987 clesiae
1270 948 1401 987 adhuc
1412 947 1601 986 ineditam
1618 946 2086 998 inApocalypsinBeatus

1115 1011 1340 1061 composuit
1360 1020 1528 1059 eamque
1553 1010 1711 1047 Heterio
1729 1007 1941 1055 dedicavit,
1963 1021 2085 1058 quem

1116 1072 1179 1109 his
1205 1071 1341 1110 verbis
1366 1072 1399 1119 a)
1425 1071 1666 1120 alloquitur:
1692 1071 1800 1108 Haec
1829 1080 1922 1120 690,
1951 1074 2086 1109 sancte

1117 1135 1238 1172 Pater
1261 1134 1393 1172 Heteri
1412 1163 1419 1181 ,
1451 1136 1485 1170 te
1504 1135 1681 1184 petente,
1707 1130 1753 1169 ob
1774 1131 2085 1182 aedificationem

1116 1194 1242 1234 studii
1258 1194 1440 1247 fratrum
1461 1193 1534 1232 tibi
1552 1193 1696 1242 dicavi,
1722 1197 1770 1231 ut
1786 1205 1902 1244 quem.
1926 1205 2086 1232 consor-

1117 1261 1192 1296 tem
1209 1256 1407 1309 perfruor
1450 1255 1610 1295 Ordinis
1625 1287 1635 1303 ,
1673 1254 1928 1294 cohaeredem
1968 1255 2088 1294 etiam

1114 1318 1265 1370 faciam
1288 1318 1368 1357 mei
1386 1317 1550 1357 laboris.

1168 1381 1425 1420 EVAGRIUS
1448 1378 1716 1419 Antiochenus
1738 1380 1786 1418 ab
1815 1379 1890 1418 An.
1929 1380 2084 1419 CHristi

1117 1444 1206 1481 388.
1244 1444 1466 1494 Episcopus
1487 1472 1494 1489 ,
1527 1447 1569 1480 ut
1605 1442 1754 1480 Graece
1779 1442 1853 1480 alia
1870 1472 1880 1490 ,
1906 1443 1963 1480 sic
1987 1453 2086 1479 non-

1119 1505 1228 1544 nulla
1267 1506 1388 1543 etiam
1420 1505 1556 1543 Latine
1587 1505 1746 1554 scripsit
1767 1535 1778 1551 ‚
1804 1508 1924 1554 atque
1953 1503 2084 1543 adhuc

1117 1565 1362 1618 Presbyter,
1388 1571 1492 1605 teste
1517 1577 1601 1616 cap.
1629 1567 1704 1605 425
1729 1565 1778 1604 de
1803 1566 1842 1604 S.
1871 1567 1915 1604 E.
1953 1567 2088 1604 Hiero-

1120 1640 1240 1679 nymo
1264 1628 1392 1668 Vitam
1414 1629 1454 1668 S.
1479 1627 1640 1666 Antonii
1676 1628 1724 1666 ab
1752 1626 1969 1665 Athanasio
1994 1629 2090 1666 scri-

1117 1696 1227 1741 ptam
1250 1703 1300 1729 ex
1325 1691 1474 1729 Graeco
1500 1692 1636 1729 Latine
1661 1691 1793 1728 vertit.
1818 1690 1918 1728 Eam
1944 1691 2092 1728 versio-

1118 1764 1210 1791 nem
1246 1752 1417 1791 dicatam
1459 1753 1715 1800 Innocentio,
1761 1756 1851 1802 post
1894 1750 2089 1789 editiones

1114 1815 1258 1853 Bonini
1285 1814 1524 1863 Mombritii,
1551 1815 1590 1851 in
1617 1813 1859 1864 Legendario
1884 1812 1989 1851 edito
2013 1815 2092 1852 Me-

1120 1876 1264 1915 diolani
1282 1876 1399 1923 4474,
1423 1876 1457 1913 4.
1481 1876 1543 1914 fol.
1570 1876 1754 1925 Suriique
1777 1874 1827 1913 ad
1853 1875 1902 1914 47
1926 1875 2088 1914 Januar.

1121 1943 1160 1976 et
1185 1938 1368 1985 aliorum,
1394 1936 1647 1976 emendatius
1671 1937 1878 1987 vulgatam
1902 1948 1994 1976 cum
2020 1948 2090 1974 no-

1121 2001 1184 2048 tis,
1206 2000 1458 2050 Evagrioque
1482 1999 1518 2047 b)
1541 1998 1785 2037 vindicatam
1806 1999 2012 2046 habemus,
2038 1999 2087 2036 al·

1121 2062 1325 2115 lleriberto
1348 2060 1560 2099 Rosweido
1579 2061 1615 2097 in
1639 2061 1732 2098 vitis
1757 2062 1920 2099 Patrum
1945 2064 2041 2097 tom.
2065 2061 2079 2098 l

1121 2135 1208 2174 pag.
1245 2124 1295 2162 25
1330 2127 1370 2161 et
1407 2122 1595 2161 Bollando
1620 2127 1714 2160 tom.
1739 2124 1774 2161 2.
1800 2124 1975 2161 Januarii
1999 2133 2088 2172 pag.

1123 2187 1212 2225 2120.
1233 2186 1379 2224 Exstat
1409 2196 1572 2235 quoque
1602 2185 1641 2222 in
1665 2196 1767 2222 nova
1793 2184 1966 2223 editione
1990 2183 2094 2233 Ope-

1121 2259 1210 2285 rum
1236 2248 1276 2285 S.
1296 2246 1504 2285 Athanasii
1525 2247 1869 2285 Montfauconiana
1893 2246 1989 2284 tomi
2015 2246 2092 2295 pri-

1122 2311 1173 2347 mi
1207 2314 1318 2360 parte
1345 2309 1482 2347 altera.

1173 2373 1228 2409 De
1251 2371 1476 2410 EVAGRIO
1493 2370 1663 2420 juniore,
1689 2382 1809 2420 quem
1835 2382 1856 2408 a
1881 2370 2090 2408 notissimo

1120 2434 1186 2471 illo
1216 2434 1378 2471 Pontico
1402 2433 1554 2470 Graeco
1575 2432 1720 2471 Asceta
1747 2432 1808 2481 (de
1829 2442 1906 2480 quo
1929 2442 2014 2480 cap.
2036 2431 2091 2468 XI

1119 2494 1300 2542 dixerat)
1344 2494 1581 2544 distinguit,
1608 2495 1659 2532 ita
1684 2492 1916 2532 Gennadius
1953 2493 2092 2530 Massi-

1118 2557 1255 2594 liensis
1272 2557 1311 2593 in
1334 2556 1431 2594 libro
1452 2555 1500 2594 de
1519 2556 1779 2605 scriptoribus
1793 2553 2089 2592 Ecclesiasticis

1119 2619 1280 2668 (scripto
1304 2628 1379 2655 non
1399 2621 1492 2655 ante
1516 2616 1591 2655 An.
1614 2617 1768 2655 CHristi
1793 2615 1893 2661 493.)
1918 2625 2003 2664 cap.
2028 2615 2093 2652 50.

1115 2679 1150 2715 E
1158 2678 1324 2728 vayrius
1342 2677 1444 2715 alter
1460 2676 1625 2728 scripsit
1638 2677 1939 2715 altercationem
1957 2675 2094 2713 SIMO·

1113 2741 1195 2779 'NIS
1225 2740 1364 2778 Judaei
1386 2743 1426 2777 et
1447 2738 1716 2777 TIlEOPHILI
1738 2737 1966 2782 Christiani,
1985 2747 2093 2787 quae

1109 2813 1236 2852 paene
1273 2799 1454 2840 omnibus
1491 2804 1585 2838 'nota
1621 2804 1690 2839 est.
1728 2799 1879 2839 Eadem
1930 2798 1979 2836 de
2028 2798 2093 2836 illo

1117 2863 1322 2912 (Gennadii
1348 2868 1392 2902 ut
1424 2863 1529 2901 solet
1556 2864 1748 2901 insistens
1774 2861 1963 2911 vestigiis)
1995 2861 2094 2898 Mar-

1116 2926 1291 2965 cellinus
1317 2926 1490 2974 Comes,
1513 2926 1579 2975 qui
1613 2925 1827 2964 Justiniani
1858 2924 1958 2972 Imp.
1992 2926 2094 2960 tem-

1172 3022 1206 3061 a)
1230 3021 1279 3052 ld.
1305 3029 1379 3061 pag.
1402 3021 1476 3052 526.

1173 3070 1210 3109 b)
1233 3072 1357 3101 Contra
1392 3078 1510 3101 eorum
1545 3069 1748 3101 sententiam
1769 3090 1778 3105 ,
1813 3068 1871 3106 qui
1896 3067 2098 3104 Hieronymo

1117 3121 1280 3152 tribuunt.
1306 3119 1387 3151 Vide
1409 3121 1562 3150 vossium
1586 3118 1625 3148 de
1650 3118 1730 3148 hist,
1754 3120 1825 3147 Lat.
1844 3124 1919 3155 pag.
1936 3115 2009 3146 202.
2037 3117 2096 3146 Vl-

1117 3172 1231 3202 eissim
1257 3169 1435 3208 Protoyns
1459 3170 1594 3199 Latinus
1629 3168 1667 3197 in
1707 3168 1798 3197 vitas
1838 3167 2011 3203 Parrum,
2041 3167 2098 3205 qui

1119 3222 1250 3260 saepius
1287 3218 1422 3255 editus,
1458 3221 1564 3249 exstat
1604 3217 1666 3255 sub
1704 3218 1895 3254 Hieronymi
1934 3216 2091 3252 nornine,

134 3274 172 3314 b)
195 3273 277 3306 Vide
298 3273 469 3306 Nicolaum
496 3274 677 3304 Antonium
701 3274 752 3303 Vl.
776 3272 808 3304 ἱ).
832 3270 1056 3302 Bibliothecae
1120 3271 1206 3302 idem
1230 3271 1264 3300 in
1288 3270 1373 3300 MSto
1407 3267 1658 3306 Burdigalensi,
1691 3271 1772 3298 teste
1799 3267 1980 3297 Possevino
1996 3288 2006 3303 ‚
2030 3267 2098 3296 tri-

78 3325 199 3356 veteris
222 3326 388 3364 Hispanae
410 3328 491 3355 tom.
518 3323 530 3353 1
561 3331 592 3363 p.
618 3323 692 3355 525.

1121 3321 1235 3351 buitur
1259 3321 1373 3350 nescio
1398 3319 1450 3350 cui
1475 3319 1651 3348 EVAGRIO
1675 3317 1848 3348 Diacono.
