2500 3841
835 240 1275 281 GONTARENI

59 317 156 357 libri
187 315 269 355 VII.
297 326 333 365 p.
359 314 420 351 93.
445 314 502 351 De
530 311 823 350 immortalitate
857 312 1014 349 animae

57 379 252 418 adversus
276 376 578 426 Pomponatium
597 405 608 423 ,
634 373 752 425 cujus
774 375 930 413 auditor
945 385 1014 423 per

55 438 212 489 aliquod
238 442 399 487 tempus
424 436 552 474 fuerat
572 467 579 484 ,
601 426 717 474 libri
733 437 785 474 II.
810 448 898 487 pag.
924 435 1012 474 179.

55 500 143 539 Non
163 498 259 537 dari
278 500 467 549 quartam
494 497 669 547 fiyuram
691 496 1013 549 sylloqismorum

55 559 270 600 secundum
289 559 507 611 opinionem
530 558 693 609 Galerii,
719 559 767 598 ad
788 558 946 598 Oddum
964 557 1012 595 de

54 623 179 662 Oddis
201 634 239 673 p.
264 622 355 661 233.
380 622 436 659 De
460 620 770 660 Homocentricis
795 620 842 659 ad
877 621 1013 658 Hiero-

55 695 224 735 nymum
247 684 542 721 Fracastorium
561 694 650 733 pag.
671 684 760 721 238.
783 683 839 720 De
857 682 1012 720 ratione

54 744 154 791 anni
165 744 214 784 ad
233 745 427 783 Joannem
447 744 666 782 Genesium
687 744 955 794 Sepulvedam
973 756 1010 794 p.

56 807 145 846 253.
171 806 227 844 De
249 803 554 855 Ma92·stratibus
577 808 614 843 et
649 804 866 857 Republica
898 806 1014 843 Vene-

57 872 189 906 torum
209 869 243 916 a)
268 865 366 905 libri
390 868 425 906 V.
452 878 537 918 pao.
560 868 652 906 261.
670 868 726 905 De
741 865 1013 906 Sacramentis

59 929 314 969 Christianae
341 929 454 979 Leqis
491 932 528 966 et
558 928 784 967 Catholicae
812 926 1014 966 Ecclesiae

58 990 156 1030 libri
177 992 240 1030 IV.
265 1003 351 1041 pag.
378 991 468 1029 329.
494 991 549 1028 De
568 989 701 1043 Officio
719 989 905 1041 Episcopi
921 987 1014 1026 libri

56 1053 110 1091 II.
135 1064 221 1104 pag.
250 1053 337 1091 401.
363 1050 522 1091 Scholia
547 1051 586 1089 in
606 1050 806 1102 Epistolas
827 1048 946 1089 Pauli
962 1049 1010 1087 ad

55 1116 254 1153 Romanos
276 1125 363 1164 pag.
392 1114 494 1159 435,
521 1115 558 1151 in
583 1114 597 1151 I
636 1117 676 1151 et
716 1114 749 1151 II
782 1112 830 1150 ad
869 1112 1007 1151 Corin-

57 1176 162 1214 thios
183 1187 268 1227 pag.
292 1176 368 1214 448
390 1205 398 1224 ,
424 1176 499 1213 464
523 1205 531 1225 ,
555 1175 603 1213 ad
629 1175 790 1213 Galatas
810 1185 894 1224 pag.
923 1172 1010 1220 475,

57 1238 106 1277 ad
130 1238 326 1288 Ephesios
347 1249 436 1288 pag.
467 1237 542 1275 482
562 1267 570 1286 ,
594 1235 644 1274 ad
668 1235 940 1285 Philippenses
974 1245 1012 1283 p.

59 1300 159 1348 492,
188 1298 238 1338 ad
261 1299 520 1338 Colossenses
543 1308 630 1347 pag.
663 1296 766 1346 497,
801 1297 838 1333 in
865 1300 1015 1334 utram-

57 1372 136 1410 que
169 1360 218 1399 ad
243 1360 620 1399 Thessalonicenses
643 1370 680 1408 p.
719 1358 808 1405 503,
832 1358 935 1406 505,
974 1360 1014 1394 et

59 1427 273 1472 utramque
311 1421 360 1459 ad
390 1419 641 1459 Timotheum
677 1431 765 1470 pag.
800 1417 902 1464 507,
935 1418 1004 1456 511

58 1483 107 1522 ad
130 1484 264 1522 Titum
287 1494 376 1533 pag.
409 1483 486 1521 513
509 1512 518 1531 ,
542 1485 582 1520 et
617 1481 667 1520 ad
695 1482 892 1520 Hebraeos
920 1491 1007 1530 pag.

59 1546 148 1584 515.
180 1542 418 1592 Catechesis,
443 1545 529 1581 sive
549 1543 778 1582 Christiana
799 1541 1010 1579 instructio

52 1617 140 1657 pag.
180 1606 268 1644 533.
311 1603 580 1645 Conciliorum
620 1603 748 1655 mayis
789 1602 1009 1642 illustrium

53 1677 210 1705 summa
247 1666 295 1705 ad
326 1666 494 1705 Paulum
523 1667 589 1704 III.
620 1665 851 1704 Pontificem
889 1665 1010 1702 Maxi-

55 1740 166 1767 mum
182 1741 220 1779 p.
246 1729 334 1767 546.
362 1728 513 1768 Contra
534 1726 750 1776 Articulos,
776 1727 862 1765 sive
880 1728 1009 1775 Quae-

52 1788 196 1828 stiones
219 1788 384 1827 Lutheri
404 1800 490 1839 pag.
513 1789 600 1827 564.
618 1789 674 1826 De
690 1791 882 1839 potestate
905 1788 1006 1825 Pon-

55 1850 168 1901 tificis
191 1850 295 1900 quod
329 1851 530 1889 Divinitus
555 1851 606 1888 sit
630 1850 799 1897 tradita,
824 1849 873 1887 ad
898 1849 1009 1886 Nico-

55 1913 162 1950 laum
177 1912 396 1962 Teupolum
417 1923 503 1963 pag.
530 1913 618 1950 581.
645 1912 701 1949 De
722 1910 1006 1962 Justificalione

51 1984 138 2023 pag.
164 1973 250 2011 588.
277 1973 333 2010 De
357 1971 480 2011 libero
513 1971 686 2010 arbitrio
716 1984 804 2024 pag.
838 1972 926 2011 597.
952 1973 1008 2010 De

54 2033 419 2073 Praedestinatione
455 2045 543 2085 pag.
591 2035 680 2072 604.
718 2032 765 2072 In
801 2032 1006 2073 Psalmum

56 2095 206 2135 CXXII.
229 2094 295 2134 Acl
316 2095 363 2133 Te
387 2093 521 2134 levavi
534 2094 665 2134 oculos
688 2106 794 2134 meos
809 2107 895 2147 pag.
912 2096 1008 2134 623-

105 2218 162 2255 De
183 2215 466 2257 FRANCISCO
491 2217 738 2268 Contareno,
773 2217 932 2257 Nicolai
964 2218 1007 2256 fi-

55 2277 129 2326 lio,
157 2278 365 2317 Balthasar
383 2280 622 2333 Bonifacius.
640 2281 680 2318 in
704 2281 840 2331 elogiis
865 2282 1010 2319 Conta-

55 2341 163 2377 renis
186 2340 234 2378 ad
257 2341 508 2379 Dominicum
538 2342 728 2380 Molinum
755 2342 880 2391 1623,
902 2343 937 2380 8.
969 2345 1010 2380 et

50 2401 224 2439 Diarium
246 2401 508 2440 Eruditorum
532 2403 667 2442 Italiae
691 2408 788 2441 tom.
813 2405 899 2451 XII,
921 2414 1008 2453 pag.

58 2462 147 2500 332.
163 2461 290 2511 Hujus
313 2465 572 2514 praecipuum
596 2476 696 2515 opus
720 2464 766 2503 de
790 2463 911 2503 rebus
925 2465 1012 2514 qui-

56 2525 133 2562 bus
158 2524 240 2574 ipse
266 2524 444 2563 interfuit
469 2525 620 2563 fortiter
643 2528 768 2576 gestis
797 2526 837 2563 in
869 2527 1013 2563 Hetru—

57 2585 125 2623 ria
137 2584 210 2623 An.
227 2585 342 2633 1453,
358 2596 380 2623 a
396 2586 500 2635 Rege
515 2586 771 2636 Neapolitano
791 2587 1011 2637 Alphonso,

58 2657 82 2685 a
102 2646 268 2685 Venetis
291 2650 331 2684 et
354 2647 601 2685 Senensibus
617 2645 713 2685 libri
724 2648 798 2685 III.
816 2648 1012 2686 adversus

58 2708 307 2746 Flerentinos
329 2712 371 2746 et
393 2707 707 2746 lldibrandinum
734 2710 922 2747 Ursinum
941 2710 1014 2748 Co-

60 2769 198 2807 mitem
221 2769 552 2816 Petilianensem,
578 2769 668 2806 inde
689 2769 752 2808 ubi
770 2769 889 2807 desiit
922 2772 1014 2808 Bar-

61 2831 157 2869 thol.
168 2831 311 2869 Facius
327 2831 365 2868 in
380 2831 678 2868 commentariis
692 2830 741 2868 de
758 2831 877 2868 rebus
891 2832 1015 2880 gestis

63 2892 246 2942 ejusdem
269 2891 475 2942 Alphonsi.
500 2891 730 2942 Eademque
754 2895 813 2930 est
840 2903 1011 2940 caussa,

65 2955 195 3004 inquit
212 2954 378 2992 Vossius
402 2964 488 3003 pag.
515 2954 604 2998 582,
631 2964 705 2991 cur
728 2952 925 2992 Johcmnes
944 2953 1016 2991 Mi-

64 3014 177 3054 chael
196 3015 372 3063 Brutus,
398 3025 487 3052 cum
506 3014 626 3065 prius
651 3014 765 3053 Facii
782 3013 881 3052 illud
907 3013 1017 3052 Volu-

8 3084 12 3091 '
65 3087 154 3115 men
174 3075 386 3125 edidisset,
408 3079 548 3127 postea
571 3077 692 3114 etiam
720 3075 924 3126 cssreyium
948 3075 1017 3113 hoc

69 3137 284 3178 Contareni
305 3148 402 3188 opus
422 3135 578 3188 publici
590 3138 703 3188 juris
734 3136 897 3189 fecerit,
935 3137 1018 3175 edi—

121 3283 155 3322 n)
180 3283 260 3315 Vide
285 3284 511 3324 Conspectum
550 3285 709 3316 Thesauri
736 3282 952 3314 Erudiioruni
977 3285 1039 3314 lta-

62 3331 125 3364 liae
149 3340 226 3373 pag.
247 3334 288 3365 93
303 3358 311 3372 ,
336 3342 407 3373 seq·

1975 234 2052 274 393

1089 314 1174 348 tum
1205 309 1385 360 Lugduni
1413 309 1544 357 1562,
1570 308 1605 345 4.
1630 307 1770 344 Venet.
1798 305 1912 353 1623,
1945 305 1979 342 li.
2011 310 2052 343 et

1089 373 1307 409 novissime
1325 372 1363 409 in
1381 370 1587 409 Thesauro
1604 369 1740 407 Italiae
1754 367 2052 406 Burmanniano

1088 437 1181 470 tom.
1204 433 1311 481 VIII,
1336 437 1450 482 parte
1476 432 1512 470 2.

1139 494 1399 532 GEORGIUM
1419 493 1688 532 Contarenum
1710 490 1923 540 praeclaris
1945 491 2054 539 inge-

1088 556 1140 592 nii
1166 555 1465 602 monumentis,
1499 553 1748 591 aeternitatis
1771 550 1930 589 laudem
1959 561 2053 588 con-

1086 621 1271 656 secutum
1295 626 1387 653 esse
1410 615 1547 652 scribit
1571 615 1810 651 Tomasinus
1848 613 1885 650 in
1915 612 2052 662 elogiis

1087 677 1372 729 posterioribus
1388 686 1474 725 pag.
1490 674 1578 712 278.
1598 674 1792 718 Quoniam
1809 678 1945 711 autem
1960 684 2054 723 pur-

1087 740 1240 790 puratis
1259 749 1351 777 eum
1368 736 1614 787 principibus
1625 735 1830 782 adscribit,
1849 739 1944 785 puto
1958 745 2049 773 eum

1087 802 1194 850 loqui
1218 800 1267 838 de
1288 800 1475 848 Casparo.

1141 858 1468 900 HIERONYMUS
1489 857 1739 896 Contarenus
1757 861 1914 906 praeter
1929 859 2052 896 totius

1087 923 1203 962 Orbis
1226 921 1536 971 descriptionem
1561 918 1739 956 Venetiis
1766 918 1895 965 1605,
1924 919 1946 954 4
1981 930 2053 967 pu-

1087 986 1176 1023 blici
1197 984 1298 1033 juris
1320 983 1410 1021 fecit
1433 981 1544 1031 Opus
1568 979 1673 1029 quod
1698 982 1867 1017 vocatur
1884 989 2050 1017 aureum

1088 1048 1124 1084 in
1151 1046 1342 1084 Thomam
1369 1043 1609 1093 Aquinatem
1634 1041 1682 1079 de
1705 1042 1811 1080 Ente
1831 1045 1872 1078 et
1900 1041 2050 1078 Essen-

1087 1109 1140 1146 tia
1164 1106 1254 1145 ibid.
1279 1107 1409 1152 1606,
1435 1106 1472 1142 8.

1139 1171 1156 1207 J
1163 1169 1371 1208 OANNEM
1386 1165 1673 1206 BAPTISTAM
1692 1165 1973 1212 Contarenum,
1983 1165 2055 1202 Pa-

1087 1231 1245 1269 tricium
1266 1231 1491 1276 Venetum,
1529 1227 1666 1266 laudat
1698 1227 1960 1276 physicorum
1981 1226 2050 1265 ad-

1088 1292 1239 1331 dictum
1263 1291 1571 1342 perscrutationi
1590 1289 1796 1327 lohannes
1827 1287 2050 1338 Imperialis

1088 1356 1128 1392 in
1150 1356 1287 1393 Museo
1310 1365 1399 1404 pag.
1423 1352 1513 1390 205.
1537 1350 1637 1400 Ejus
1673 1349 1721 1387 de
1745 1350 1847 1388 ΠΕΟ
1883 1354 1923 1387 et
1947 1360 2051 1399 quae

1087 1428 1137 1455 ex
1160 1416 1262 1454 DEO
1283 1415 1474 1453 effluxere
1498 1413 1585 1451 libri
1620 1414 1685 1450 Ill.
1722 1411 1955 1462 prodierunt
1978 1411 2053 1448 Ve-

1086 1480 1204 1517 netiis
1232 1478 1360 1526 1594,
1399 1475 1435 1514 li.
1473 1475 1730 1525 quaestiones
1768 1474 2051 1523 Peripateticae

1085 1541 1134 1579 de
1158 1541 1278 1578 rebus
1302 1537 1552 1576 naturalibus
1576 1535 1626 1574 ad
1651 1539 1828 1573 mentem
1857 1536 2053 1573 Aristote-

1085 1603 1133 1640 lis
1156 1602 1422 1640 examinatae.
1450 1597 1542 1635 ibid.
1570 1596 1687 1636 1617.

1134 1662 1396 1702 JOHANNES
1411 1660 1605 1699 PETRUS
1628 1659 1878 1698 Contarenus
1895 1657 1944 1696 de
1961 1658 2048 1696 Bel-

1084 1727 1120 1764 lo
1143 1725 1310 1764 Turcico
1347 1724 1468 1762 Selini
1506 1725 1645 1760 contra
1676 1721 1852 1758 Venetos
1892 1721 2050 1769 scripsit

1081 1789 1241 1834 Italice,
1267 1787 1334 1835 qui
1358 1785 1457 1823 liber
1478 1785 1616 1823 Latine
1654 1794 1799 1821 versus
1831 1794 1854 1821 a
1883 1781 2039 1820 Nicolao

1084 1852 1264 1898 Stupano
1290 1845 1433 1897 prodiit
1456 1846 1633 1883 Basileae
1659 1843 1761 1883 1573
1782 1873 1790 1890 ,
1813 1844 1847 1881 4.

1135 1909 1307 1949 JULIUS
1347 1908 1623 1953 Contarenus,
1660 1906 1882 1955 Episcopus
1918 1905 2050 1942 Bellu-

1083 1974 1220 2011 nensis
1232 1969 1407 2009 Concilio
1424 1967 1655 2006 Tridentino
1673 1966 1747 2004 sub
1760 1967 1827 2004 Pio
1850 1966 1909 2004 IV.
1929 1967 2052 2003 inter—

1084 2035 1180 2084 fuit,
1204 2037 1244 2071 et
1267 2035 1412 2070 cuncta
1429 2029 1518 2067 fidei
1543 2032 1583 2066 et
1606 2028 1730 2066 JESU
1746 2028 1944 2066 CHRISTI
1964 2037 2048 2064 me-

1081 2097 1191 2142 ritis,
1216 2093 1313 2131 nihil
1336 2091 1523 2142 operibus
1544 2090 1691 2127 nostris
1716 2089 1969 2135 adscribens,
1988 2090 2049 2125 in-

1081 2157 1352 2208 dignationem
1383 2153 1601 2191 multorum
1623 2151 1768 2197 subiit,
1795 2151 2046 2188 memoriam-

1083 2230 1161 2269 que
1181 2217 1404 2256 recentavit
1420 2218 1604 2253 veterum
1627 2213 1928 2251 accusationum
1949 2221 2051 2261 quas

1082 2286 1251 2332 patruus
1274 2278 1362 2328 ejus
1387 2278 1538 2327 Caspar
1567 2276 1822 2314 Contarenus
1847 2273 2050 2320 subierat,

1085 2341 1191 2394 quod
1214 2341 1353 2380 eadem
1376 2339 1525 2378 sentire
1565 2349 1607 2375 se
1633 2348 1710 2374 non
1737 2335 2048 2374 dissimulasset.

1083 2403 1182 2442 Vide
1211 2401 1480 2442 Seckendorlii
1513 2401 1720 2438 historiam
1753 2398 2050 2436 Lutlieranismi

1089 2470 1185 2502 tom.
1208 2465 1284 2512 ΙΙΙ,
1305 2474 1393 2513 pag.
1420 2463 1508 2500 602.

1139 2524 1425 2563 LUDOVICL'S
1450 2523 1614 2571 (Luigi)
1648 2522 1753 2559 idem
1777 2532 1870 2558 cum
1899 2518 2054 2556 ALOY-

1088 2587 1168 2626 SIO
1195 2586 1445 2630 Contareno,
1472 2583 1521 2621 de
1545 2594 1624 2632 quo
1650 2593 1783 2631 supra.

1138 2646 1391 2688 MCOLAUS
1409 2644 1684 2691 Contarenus,
1706 2646 1843 2692 postea
1864 2642 1955 2678 Dux
1979 2641 2054 2678 Ve-

1087 2715 1231 2756 netus,
1256 2707 1410 2746 florenti
1435 2710 1565 2744 aetate
1596 2715 1667 2742 sex
1695 2704 1815 2741 libros
1845 2701 1892 2739 (le
1912 2712 2054 2739 rerum

1081 2769 1323 2822 perfectione
1337 2768 1561 2817 composuit
1582 2796 1589 2815 ,
1614 2766 1681 2815 qui
1706 2765 1844 2802 excusi
1868 2768 1965 2801 sunt
1985 2764 2056 2801 Ve-

1088 2833 1208 2869 netiis
1234 2830 1348 2868 1576.
1377 2827 1560 2878 Lugduni
1587 2827 1715 2872 1588,
1743 2826 1779 2863 8.
1807 2826 1862 2862 De
1888 2824 2052 2862 historia

1088 2892 1176 2942 ejus
1201 2892 1354 2929 Veneta
1378 2889 1427 2928 ab
1451 2890 1566 2927 Anno
1593 2888 1696 2926 1598
1725 2886 1773 2924 ad
1807 2887 1908 2925 1628
1932 2897 2053 2935 quam

1089 2954 1225 2991 ltalice
1250 2953 1436 3001 scripsit,
1462 2961 1535 2987 nec
1559 2949 1707 2995 edidit,
1733 2947 1823 2985 vide
1854 2947 2055 2985 Nicolaum

1088 3016 1336 3054 Comnenum
1362 3011 1593 3062 Papadopoli
1619 3010 1668 3047 de
1692 3010 1911 3059 Gymnasio
1943 3009 2056 3046 Pata-

1090 3077 1182 3111 vino
1207 3079 1300 3111 tom.
1328 3074 1359 3111 lI
1383 3102 1391 3121 ,
1416 3084 1503 3123 pag.
1542 3073 1628 3110 126.
1657 3071 1830 3109 Libellus
1860 3070 1908 3107 de
1941 3068 2055 3107 modo

1091 3136 1297 3173 electionis
1332 3135 1454 3173 Ducis
1490 3134 1626 3171 Veneti
1654 3131 1954 3182 prodiitltalice
1983 3131 2058 3168 Ro-

1094 3208 1179 3234 mae
1211 3196 1340 3242 1630,
1374 3196 1407 3232 4.
1442 3194 1548 3232 Obiit
1592 3194 1775 3232 Nicolaus
1818 3193 1890 3230 An.
1926 3193 2018 3230 1631
2048 3221 2056 3239 ,

1094 3258 1236 3296 aetatis
1262 3257 1324 3295 75.

1148 3319 1343 3359 PAULUS
1365 3318 1612 3357 (weitai-enus
1635 3318 1670 3354 in
1693 3316 1919 3366 eloquentia
1938 3315 2057 3354 Paulo

1553 3397 1603 3436 50
