2500 3841
848 139 1465 205 ‘BRADWARDiNth

150 228 475 280 praeclarissimi
489 233 586 268 sunt
598 228 712 268 electi
723 244 733 268 .·
756 229 787 268 A
796 231 968 283 biathar,
983 235 1119 285 Jonas,

156 288 355 339 Godolias,
377 289 540 338 Annon,
563 289 705 340 Doetlz⁷
746 292 859 344 Cusi,
882 295 1090 347 Benjamin
1106 329 1116 345 ,

149 349 270 388 Aroet
285 379 295 398 ‚
323 349 447 390 Jubal
460 381 469 399 ,
502 352 660 401 Tkara,
698 353 824 393 Silion
860 359 898 394 et
924 356 1116 407 lambri,

148 409 379 463 duobusque
397 412 645 464 Philosopliis
672 415 892 457 Gentilibus
911 419 1120 469 sapientis-

147 472 259 512 simis
282 474 457 514 Cratone
488 479 528 514 et
563 476 804 528 Zenopliilo‚
843 479 890 518 de
925 492 1118 520 consensu

138 538 322 586 partium
339 567 347 586 ‚
370 536 580 576 Judicibus
598 539 820 579 constitutis
836 571 847 589 ,
869 541 1116 592 Imperatore

146 600 185 635 et
203 597 356 647 Reyina
378 597 665 649 assidentibus,
697 605 735 640 et
767 613 914 653 massna
937 603 1117 642 multitu-

143 657 233 698 dine
254 658 599 712 Christianorum,
619 662 867 702 Judaeorum
877 667 998 715 atque
1015 665 1116 703 Gen-

144 720 273 760 tilium
295 721 603 773 circumstante,
625 723 681 763 ad
701 724 982 777 disputationis
1000 739 1115 778 neqo-

141 783 239 822 tium
248 789 513 836 properatur:
536 785 719 825 undecim
734 799 889 839 quoque
904 788 1114 840 Maqistris

139 845 387 885 Judaeorum
394 847 630 898 praedictis,
639 849 922 900 opponentibus
936 848 1115 901 sinyilla-

140 907 209 947 tim
224 911 263 946 et
276 907 576 960 z'mpuyanti'bus
589 910 708 961 fidem
727 910 900 961 Christi,
912 911 1116 963 Sylvester

137 969 390 1022 respondens7
399 971 567 1023 sinyulis
578 971 809 1024 sinyillatim
826 985 882 1012 ea:
889 972 1115 1024 Scripturis

138 1044 275 1071 eorum
297 1033 480 1084 propriis
512 1033 786 1084 convincebat,
812 1031 1115 1074 decernentibus

135 1093 346 1134 Judz'cibus
366 1095 633 1146 supradictis:
654 1095 910 1135 duodecimus
930 1107 1026 1134 vero
1045 1106 1114 1132 no-

138 1156 220 1196 lens
243 1167 321 1208 per
349 1161 633 1208 aryumentum
655 1157 792 1197 vocale
814 1168 1018 1208 arquere;
1042 1155 1114 1196 sed

137 1217 246 1258 reale
283 1218 527 1258 miraculum
562 1219 762 1271 maqicum
799 1218 953 1271 faciens
971 1248 980 1267 ,
1017 1230 1112 1258 vero

137 1280 331 1320 miraculo
360 1285 592 1334 superatur.
624 1283 877 1332 Quapropter
893 1310 902 1326 ‚
932 1280 1084 1332 Reyz‘na
1100 1310 1109 1325 ,

132 1342 311 1394 ludices,
327 1347 367 1382 et
382 1343 534 1383 caeteri
547 1343 723 1395 infideles
747 1343 821 1394 qui
836 1342 1033 1391 aderant,
1056 1341 1112 1381 ad

130 1398 250 1456 fidem
274 1405 441 1446 CHristi
455 1405 617 1456 pariter
640 1408 735 1444 sunt
755 1403 947 1443 conversi.

202 1467 425 1507 Sententiae
453 1467 616 1507 XXXVI.
646 1465 1041 1507 BRADWARDINI

227 1528 384 1568 totidem
411 1528 629 1568 contrariis
648 1527 700 1566 ab
724 1540 766 1567 eo
789 1527 845 1566 acl
866 1526 1016 1566 calcem

425 1590 556 1643 operis
585 1590 798 1642 oppositae.

180 1655 214 1693 l.
238 1653 352 1700 Quod
375 1653 509 1692 DEUS
532 1657 596 1692 est
624 1658 707 1691 tam
737 1653 941 1703 perfectus
966 1655 1007 1691 et
1029 1651 1098 1690 bo-

124 1727 219 1764 nuS‚
240 1716 289 1765 a)
319 1714 425 1766 quod
449 1715 548 1753 nihil
586 1715 813 1766 perfectius
850 1719 921 1753 aut
957 1713 1103 1752 melius

123 1788 214 1816 esse
237 1781 385 1828 posset.

177 1839 214 1878 2.
240 1837 354 1884 Quod
375 1838 483 1878 nulla
503 1848 569 1876 res
584 1837 735 1889 existit,
752 1837 828 1875 nisi
844 1836 947 1876 DEO
963 1837 1092 1888 ipsam

124 1904 390 1939 conservante
414 1901 454 1938 in
475 1910 578 1938 esse.
630 1897 635 1902 '

176 1965 213 2003 3.
228 1963 341 2010 Quod
358 1963 467 2002 nulla
487 1973 553 2000 res
569 1961 726 2010 existit,
743 1962 820 1999 nisi
843 1961 946 2000 DEO
962 1962 1091 2011 ipsam

121 2025 368 2075 immediate,
391 2024 434 2074 b)
454 2035 526 2076 per
541 2035 585 2063 56
599 2028 640 2062 et
653 2024 809 2075 proprie
824 2026 1091 2062 conservante

175 2186 209 2223 a)
232 2187 302 2218 Hoc
336 2192 405 2216 non
427 2188 544 2224 putem
567 2184 602 2215 in
625 2181 768 2215 dubium
801 2181 992 2215 vocandum
1007 2206 1016 2220 ‚
1042 2182 1093 2214 vel

114 2239 272 2267 vocaturn
308 2241 459 2274 unquam
492 2233 536 2265 ab
569 2233 706 2265 homine
742 2241 838 2265 sano.
874 2233 935 2264 Sed
973 2231 1097 2264 saliun-

115 2289 169 2316 tur
201 2287 260 2325 qui
291 2288 412 2325 putant
433 2291 550 2315 omnes
584 2284 732 2315 rationes
761 2283 851 2314 illius
877 2282 1096 2322 perfectionis

114 2343 250 2374 prorsus
272 2342 307 2366 se
329 2332 518 2373 intelligere
532 2358 542 2371 ,
567 2335 613 2364 ita
636 2337 672 2364 ut
693 2333 814 2364 exinde
836 2332 918 2372 quid
941 2332 993 2365 vel
1008 2341 1098 2372 quo-

115 2383 215 2415 modo
238 2387 317 2423 agat
340 2385 439 2414 DEUS
454 2406 464 2420 ‚
487 2382 668 2414 decernere
690 2390 725 2413 se
747 2390 844 2422 posse
879 2383 1096 2419 existiment,

116 2432 168 2464 vel
190 2434 248 2472 qui
270 2441 348 2464 eum
370 2431 511 2463 Platone
526 2455 536 2470 ,
563 2431 759 2471 Aristotele,
794 2434 914 2463 Stoicis
938 2436 971 2463 et
993 2431 1098 2462 Abai-

115 2481 208 2513 iardo
230 2483 326 2522 ajunt
346 2484 451 2512 Deum
473 2481 559 2512 nibil
582 2481 701 2512 melius
741 2489 803 2512 nee
836 2481 927 2512 aliud
950 2482 1099 2520 potuisse

114 2532 222 2562 iacere
244 2537 345 2569 quam
372 2529 463 2561 tecit.
484 2529 606 2561 saitem
629 2530 663 2560 hi
687 2529 856 2561 debebant
881 2538 958 2561 curn
981 2530 1070 2560 Mose
1086 2552 1097 2568 ,

116 2579 212 2612 valde
233 2578 323 2610 bona
344 2581 459 2610 omnia
481 2579 568 2611 saeta
606 2586 626 2610 a
655 2581 738 2609 1)Εο
775 2587 836 2610 nos
859 2579 1024 2616 docente,
1049 2580 1098 2609 sic

117 2628 202 2661 iilud
224 2628 464 2667 interpretari,
486 2631 524 2658 ut
550 2627 616 2658 alia
638 2629 739 2660 etiam
762 2624 796 2659 et
818 2627 913 2668 plura
938 2636 1005 2658 non
1031 2629 1097 2658 rni-

119 2687 182 2710 nus
210 2678 298 2710 bona
321 2685 338 2708 a
363 2679 444 2708 DEO
468 2677 538 2708 [ieri
560 2677 710 2716 potuisse
728 2680 760 2707 et
777 2685 873 2716 posse
895 2675 1093 2714 faterentur,

119 2737 161 2760 ue
186 2728 296 2758 natm
318 2726 481 2758 bonitatis
503 2733 582 2756 suae
606 2729 638 2755 et
662 2727 849 2764 sapientiae
871 2725 958 2756 velut
984 2733 1095 2763 angu-

122 2777 283 2808 stioribus
306 2775 509 2816 quibusdam
532 2778 564 2805 et
587 2779 749 2813 tanquam
771 2774 829 2805 fati
852 2775 996 2814 alicujus
1019 2782 1096 2806 can·

121 2826 213 2859 cellis
236 2825 461 2858 intercludere
483 2825 690 2857 viderentur.

179 2876 215 2916 b)
237 2878 306 2908 noe
326 2875 550 2913 immediate,
578 2882 646 2905 non
670 2876 780 2913 potest
801 2873 899 2904 aliter
921 2873 1091 2914 intelligi,

118 2935 220 2968 quam
253 2926 346 2958 salva
382 2925 517 2956 illorum
552 2922 713 2963 operandi
739 2921 789 2953 vel
827 2930 895 2953 non
930 2924 1093 2962 operandi

118 2975 297 3014 tenuitate,
322 2974 446 3015 quibus
468 2975 540 3014 ipse
563 2974 663 3004 DEUS
690 2971 816 3003 hancce
841 2971 987 3009 tribuit,
1012 2980 1097 3004 con-

118 3027 285 3066 cessitque
318 3025 484 3056 haetenus
507 3027 540 3055 et
562 3021 740 3061 concedit,
777 3025 814 3052 ut
851 3022 995 3060 imputet
1030 3022 1096 3054 illis

118 3078 219 3107 etiam
242 3074 285 3107 ad
307 3081 431 3116 poenas
467 3074 710 3113 gravissimas,
746 3072 774 3103 si
808 3072 883 3110 quis
909 3069 1010 3102 ruerit
1039 3071 1094 3102 illa

118 3125 264 3164 abusus,
285 3127 353 3156 neo
375 3123 454 3156 lieet
477 3130 547 3154 non
573 3120 798 3161 impediente.-
816 3118 873 3151 sed
896 3127 962 3159 qua
981 3123 1093 3159 potuit

115 3178 227 3206 tamen
248 3181 317 3206 non
339 3173 454 3211 abuti,
476 3172 557 3213 quia
579 3179 641 3203 nee
663 3172 761 3202 DEUS
786 3169 1021 3200 abhorrentem
1044 3170 1087 3201 ab

117 3223 173 3256 ilio
192 3223 300 3255 abusu
323 3222 486 3262 impedire
503 3244 514 3260 ,
548 3221 670 3253 nedum
698 3218 740 3251 ad
764 3227 841 3252 eum
877 3227 995 3259 cogere
1028 3224 1086 3251 aut

119 3272 285 3314 impellere
305 3280 498 3313 quenquam
520 3270 691 3305 voluisset.

2082 173 2161 214 2109

1193 237 1232 273 in
1256 247 1365 286 esse,
1404 249 1482 276 non
1520 242 1680 278 tantum
1719 240 1920 280 mediante
1956 242 2065 280 coelo
2095 244 2161 281 vel

1192 298 1323 348 aliquo
1343 299 1442 348 alio,
1468 304 1508 338 et
1532 312 1602 351 per
1623 301 1718 341 illud
1738 331 1746 351 ‚
1773 303 1837 341 vel
1863 304 1953 354 quia
1977 304 2162 354 prohibet

1191 363 1434 411 corruptiva,
1459 363 1523 401 vel
1545 365 1637 413 quia
1653 365 1848 414 permittit
1868 377 1953 404 rem
1971 376 2075 416 esse,
2090 372 2162 406 aut

1191 433 1267 459 non
1293 421 1465 461 destruit
1490 435 1574 462 rem
1598 435 1690 464 eum
1715 430 1865 476 posset.

1246 484 1279 521 [ι.
1305 484 1418 529 Quod
1435 486 1543 524 nulla
1559 498 1624 525 res
1639 492 1771 526 creata
1789 489 1854 527 vel
1872 489 2055 528 creabilis
2072 492 2159 530 sine

1191 547 1494 585 conservatione
1533 548 1677 586 Divina
1699 551 1888 598 omnino,
1915 561 2046 600 neque
2071 553 2158 591 sine

1190 609 1492 645 conservatione
1517 609 1659 647 Divina
1681 610 1908 650 immediate
1927 642 1935 661 ‚
1958 624 2029 664 per
2053 625 2096 653 se
2116 619 2158 652 et

1189 669 1346 719 propria
1369 674 1506 719 posset
1525 680 1627 708 esse.

1243 731 1280 768 5.
1304 730 1418 776 Quod
1442 732 1573 769 omnis
1602 742 1667 770 res
1693 733 1821 781 facta,
1847 737 2070 775 secundum
2095 749 2159 776 es-

1190 792 1362 829 sentiam
1379 803 1494 831 suam
1505 823 1516 840 ,
1532 793 1619 831 sive
1634 794 1924 846 substantiam‚
1943 797 1987 835 fit
2003 810 2026 836 a
2040 799 2155 838 DEO.

1243 854 1281 891 6.
1299 853 1413 898 Quod
1437 855 1568 892 omnis
1598 866 1663 894 res
1698 856 1827 907 facta,
1850 859 2073 898 secundum
2094 872 2157 899 es-

1189 915 1360 952 sentiam
1382 926 1498 954 suam
1523 918 1610 956 sive
1631 918 1920 968 substantiam,
1941 919 1985 958 sit
2008 932 2029 959 a
2053 923 2156 962 DEO

1188 976 1314 1025 ipsam
1340 977 1594 1030 immediate,
1615 978 1656 1028 b)
1681 991 1751 1030 per
1782 991 1826 1018 se
1850 984 1890 1018 et
1913 983 2068 1032 proprie
2103 983 2157 1021 fa-

1190 1038 1349 1090 ciente,
1384 1050 1462 1078 non
1498 1044 1657 1080 tantum
1697 1042 1898 1081 mediante
1932 1043 2066 1092 coelo,
2091 1045 2154 1082 vel

1190 1099 1320 1149 aliquo
1336 1105 1376 1139 et
1391 1101 1466 1140 alio
1484 1131 1491 1149 ‚
1507 1107 1547 1141 et
1571 1115 1642 1154 per
1661 1103 1774 1152 illud⁷
1795 1116 1868 1144 nec
1888 1109 2047 1144 tantum
2069 1105 2156 1144 ideo

1189 1162 1281 1210 quia
1304 1163 1438 1203 DEUS
1461 1164 1694 1215 impeditiva
1726 1168 1924 1206 contraria
1946 1167 2152 1218 prohibet,

1189 1226 1234 1261 ut
1256 1234 1420 1263 causam
1440 1226 1680 1265 efficientem
1706 1229 1763 1266 rei
1787 1228 1879 1266 fecit
1899 1234 1968 1267 aut
1993 1233 2127 1267 servat
2146 1259 2153 1276 ,

1188 1286 1410 1336 permittit,
1430 1288 1495 1326 vel
1520 1299 1598 1326 non
1621 1289 1788 1340 impedit
1810 1292 1976 1341 operari.

1243 1345 1278 1384 7.
1303 1346 1416 1392 Quod
1440 1349 1548 1388 nulla
1577 1361 1642 1388 res
1679 1351 1903 1390 secundum
1932 1354 2149 1391 essentiam

1184 1418 1299 1447 suam
1332 1410 1418 1448 sive
1457 1411 1724 1451 substantiam
1765 1418 1903 1463 posset
1925 1413 2009 1452 fieri
2029 1415 2104 1452 nisi
2128 1426 2150 1452 a

1179 1470 1281 1508 DEO
1298 1498 1308 1515 ‚
1323 1483 1456 1522 neque
1476 1474 1552 1511 nisi
1576 1485 1598 1512 a
1621 1474 1724 1512 DEO
1748 1475 1874 1525 ipsam
1896 1475 2145 1522 immediate,

1177 1543 1248 1582 per
1271 1543 1314 1571 se
1338 1537 1379 1572 et
1403 1535 1559 1584 proprie
1580 1535 1762 1574 faciente.

1231 1595 1267 1633 8.
1293 1595 1407 1641 Quod
1431 1597 1566 1636 DEUS
1582 1607 1660 1635 non
1685 1600 1748 1635 est
1771 1598 1903 1648 aliquo
1928 1597 2043 1636 modo
2060 1610 2147 1637 mu—

1179 1656 1321 1695 tabilis.
1346 1659 1391 1708 e)

1233 1720 1268 1757 9.
1293 1719 1406 1766 Quod
1431 1733 1563 1772 neque
1588 1724 1754 1762 scientia
1772 1723 1859 1762 DEI
1877 1753 1885 1771 ,
1904 1734 2034 1774 neque
2059 1722 2146 1773 ejus

1177 1782 1368 1821 voluntas
1389 1788 1451 1822 est
1476 1785 1679 1824 mutabilis
1698 1786 1779 1824 ullo
1800 1785 1928 1824 modo.

1225 1846 1288 1884 40.
1325 1845 1438 1891 Quod
1476 1848 1611 1886 DEUS
1649 1846 1836 1896 sciendo,
1875 1847 2047 1885 volendo
2064 1877 2073 1895 ,
2104 1852 2141 1886 et

1170 1906 1439 1959 quodcunque
1472 1908 1624 1959 agendo
1658 1909 1902 1947 intrinsecus
1936 1912 2000 1946 est
2037 1919 2142 1946 sem—

1168 1980 1239 2019 per
1261 1970 1477 2010 intrinsece
1508 1982 1635 2021 aeque
1660 1981 1818 2009 summe
1843 1975 1882 2007 et
1906 1970 2139 2021 plenissime

1166 2032 1348 2071 actualis.

1217 2095 1278 2133 Μ.
1305 2095 1419 2141 Quod
1454 2095 1564 2134 nulla
1589 2096 1757 2133 scientia
1779 2094 1867 2133 DEI
1900 2098 2090 2133 causatur
2113 2106 2135 2132 a

1165 2157 1453 2206 posterioribus
1477 2156 1597 2196 rebus
1621 2157 1745 2196 scitis.

1219 2220 1281 2259 ⁴2.
1312 2218 1426 2266 Quod
1466 2219 1573 2258 nulla
1606 2219 1796 2258 voluntas
1818 2219 1932 2267 DEI,
1969 2217 2011 2266 d)
2051 2218 2136 2256 sive

1164 2281 1316 2339 volutio
1332 2293 1355 2320 a
1367 2281 1654 2332 posterioribus
1670 2280 1819 2320 volutis
1835 2281 1920 2319 suis
1933 2283 2135 2318 causatur.

1221 2344 1270 2383 43
1293 2344 1408 2391 Quod
1427 2345 1557 2382 omnis
1581 2348 1696 2382 actus
1718 2343 1940 2382 voluntatis
1955 2342 2136 2390 Divinae,

1164 2404 1392 2457 Angelicae,
1417 2410 1458 2444 et
1480 2406 1680 2444 humanae
1705 2409 1768 2444 est
1791 2403 1952 2454 aliquid.

1223 2469 1237 2506 l
1251 2468 1271 2505 4
1292 2467 1405 2514 Quod
1430 2468 1560 2506 omnis
1584 2468 1686 2506 actio
1711 2467 1932 2505 voluntatis
1952 2468 2132 2513 creatae,

1221 2572 1256 2612 c)
1281 2574 1352 2602 Non
1375 2580 1454 2603 sane
1478 2575 1527 2602 est
1548 2571 1721 2603 mutabilis
1744 2573 1868 2602 DEUS:
1892 2570 1948 2600 sed
1973 2577 2034 2599 nec
2050 2569 2140 2598 otio-

1161 2632 1234 2655 sum
1256 2622 1413 2653 debemus
1439 2622 1564 2661 tingere
1586 2630 1662 2652 cum
1685 2622 1822 2660 Epicuri
1862 2617 2139 2650 intermundiali-

1157 2674 1218 2704 bus
1241 2673 1308 2702 Diis
1323 2683 1332 2701 .·
1356 2674 1478 2702 Verum
1500 2671 1667 2702 CilRlS'rO
1697 2668 1853 2705 credere,
1877 2670 1972 2708 cujus
1996 2674 2063 2697 non
2080 2668 2138 2697 in-

1162 2722 1344 2753 ficiandum
1368 2720 1430 2751 hoc
1453 2723 1502 2750 cst
1525 2719 1757 2750 testimonium
1783 2717 1859 2748 Joh.
1883 2719 1919 2753 V,
1949 2715 1999 2752 17,
2025 2715 2136 2746 Pater

1154 2779 1253 2801 meus
1285 2778 1394 2808 usque
1420 2772 1590 2808 operatur
1606 2789 1616 2806 ‚
1640 2771 1673 2798 et
1696 2774 1760 2806 eqo
1785 2774 1924 2805 operor.
1959 2765 2041 2795 eum
2066 2765 2133 2802 igl-

1157 2826 1212 2852 tur
1236 2820 1388 2851 homines
1411 2817 1599 2850 condiderit
1622 2815 1824 2855 angelosque
1850 2814 2003 2846 libertate
2021 2815 2127 2844 actio-

1156 2878 1237 2902 num
1260 2872 1396 2900 ornatos
1411 2872 1452 2905 *et
1474 2867 1604 2899 delectu
1619 2889 1628 2904 ,
1654 2874 1720 2896 non
1745 2865 1823 2896 inde
1846 2867 1996 2895 mutatur
2018 2863 2132 2899 DEUS,

1160 2920 1250 2960 quod
1273 2919 1377 2949 alium
1395 2919 1463 2958 jam
1491 2925 1525 2948 se
1551 2917 1689 2956 praebet
1712 2916 1828 2952 bonis,
1851 2921 1953 2954 quam
1981 2916 2053 2943 erat
2077 2911 2137 2943 su-

1157 2974 1254 3001 turus
1278 2969 1343 2998 nisi
1367 2967 1597 2998 discessissent
1619 2965 1661 2996 ab
1686 2963 1921 3004 improbitate,
1944 2961 2000 2993 sed
2019 2962 2131 3000 potius

1152 3021 1240 3060 Justc
1261 3020 1393 3049 exercet
1415 3015 1505 3057 quod
1526 3015 1614 3053 sibi,
1638 3023 1715 3046 cum
1737 3022 1795 3045 eos
1812 3011 2036 3048 condidisset,
2061 3017 2134 3041 me-

1156 3070 1222 3099 rito
1244 3067 1428 3098 reservavit
1451 3066 1641 3104 imperium.

1215 3116 1249 3155 d)
1272 3115 1365 3147 Nulla
1390 3116 1531 3146 scientia
1556 3122 1642 3145 nova
1670 3121 1730 3145 nec
1761 3113 1935 3144 voluntate
1962 3117 2047 3149 opus
2063 3113 2130 3147 est,

1153 3174 1240 3198 nova
1261 3170 1370 3197 tamen
1409 3167 1498 3196 actio
1525 3171 1699 3203 novusque
1722 3163 1813 3194 subit
1837 3161 1975 3193 effectus
2013 3166 2130 3190 eorum

1150 3223 1238 3256 quae
1262 3216 1458 3255 praescivit,
1483 3218 1513 3246 ct
1538 3221 1623 3254 quae
1662 3213 1724 3244 sub
1747 3209 2001 3244 conditionibus
2031 3209 2132 3241 certis

1151 3265 1268 3298 voluit.

1677 3331 1725 3369 32
