2500 3841
821 200 1444 241 BRADWARDNJUS

115 274 246 324 aliquo
266 272 382 311 modo
404 273 702 324 contingentiae
727 273 989 320 intrinsecus,
1008 284 1087 323 qua

114 347 187 375 seu
209 346 294 386 quo·
308 336 421 387 prius
445 335 520 374 fuit
553 336 793 387 contingens
809 368 818 384 ,
841 347 916 375 nec
948 337 1086 387 incipit

109 409 200 437 esse.
221 399 448 437 necessaria
471 399 605 449 aliqua
629 399 872 437 necessitate
902 399 1084 450 opposita

109 464 298 511 respectu
327 461 518 511 ipsorum.

161 521 226 561 27.
251 522 364 569 Quod
385 523 553 561 scientia
575 523 661 562 DEI
687 534 847 574 semper
865 526 929 562 est
953 534 1079 573 aeque

108 584 248 635 libera,
269 595 342 624 seu
365 596 493 636 aeque
515 586 742 624 necessaria
765 587 983 625 intrinsece
1018 597 1081 624 re-

107 651 251 699 spectu
278 647 560 699 cujuscunque
595 649 658 687 sui
703 647 873 698 objecti,
903 653 944 687 et
972 648 1078 699 quod

107 709 338 750 intellectus
360 710 525 749 divinus
563 721 638 750 seu
665 711 800 750 DEUS
822 711 1080 750 aeternaliter

105 776 317 823 permanet
340 773 585 812 intrinsecus
605 773 838 823 plenissime
854 774 1076 823 uniformis,

107 826 269 886 semper
290 835 478 874 videlicet
495 847 621 886 aeque
642 835 759 885 liber,
776 840 846 874 aut
869 847 995 886 aeque
1014 847 1082 874 ne-

105 899 308 938 cessarius
331 903 519 951 respectu
548 897 763 949 cujuslibet
787 899 991 938 intrinseci
1021 909 1085 937 ac-

108 963 177 1000 tus
206 962 282 1000 sui.

158 1023 223 1062 28.
254 1022 369 1069 Quod
399 1024 588 1074 quicquid
621 1024 813 1064 CHristus
852 1023 1078 1063 secundum

106 1085 377 1134 intellectum,
403 1086 681 1136 voluntatem,
706 1091 747 1125 et
770 1087 949 1137 linguam
980 1097 1076 1125 suos

105 1147 306 1187 humanos
330 1149 369 1186 in
394 1149 550 1200 proprio
570 1160 741 1200 genere,
765 1161 837 1200 per
867 1153 983 1187 actus
1008 1160 1078 1187 na-

104 1211 257 1250 turales
279 1211 478 1250 humanos
502 1211 691 1249 distincte
721 1212 858 1260 scivit,
883 1210 1075 1260 credidit,

105 1274 256 1320 voluit,
276 1275 372 1313 viva
388 1285 486 1312 voce
509 1274 682 1313 asseruit
698 1277 738 1312 et
750 1272 921 1323 juravit,
939 1285 1079 1312 neces-

104 1348 148 1376 se
171 1348 266 1376 eum
282 1337 336 1375 ita
352 1337 516 1385 fecisse3
535 1336 586 1385 m)
603 1339 643 1374 et
659 1335 852 1387 quicquid
868 1335 919 1374 ad
935 1348 1078 1386 quem-

102 1411 264 1451 cunque
287 1400 538 1439 intellectum
561 1400 702 1448 scivit,
728 1397 915 1445 credidit,
936 1398 1081 1448 voluit,

102 1463 293 1517 asseruit,
317 1466 388 1501 aut
406 1461 575 1512 juravit⁷
607 1471 774 1500 necesse
812 1464 877 1499 est
904 1472 999 1500 eum
1028 1460 1079 1500 ad

100 1525 276 1566 eundem
302 1525 552 1564 intellectum
578 1525 633 1563 ita
653 1524 809 1563 fecisse.

155 1589 219 1628 29.
244 1587 360 1634 Quod
381 1588 415 1626 si
434 1588 628 1627 CHristus
644 1587 871 1626 secundum
889 1591 1077 1627 naturam

102 1662 218 1690 suam
243 1650 462 1689 humanam
482 1662 554 1702 per
578 1654 694 1689 actus
712 1650 918 1689 naturales
937 1650 1080 1690 huma-

104 1725 178 1752 nos
194 1704 384 1752 distincte
404 1714 541 1763 scivit,
558 1712 743 1763 credidit,
761 1713 901 1762 voluit,
914 1718 955 1752 et
972 1724 1083 1752 asse-

102 1777 207 1822 ruit,
232 1780 273 1814 et
291 1774 445 1825 juravit
458 1775 508 1814 de
528 1776 660 1826 aliquo
679 1776 812 1815 futuro
832 1776 1081 1827 contingenti

103 1838 211 1888 quod
245 1837 319 1876 hoc
343 1838 435 1886 erit,
461 1838 526 1876 illo
549 1837 681 1877 adhuc
719 1842 910 1876 manente
947 1838 1082 1876 futuro

101 1901 373 1951 contingenti:
399 1901 675 1939 necessarium
699 1904 763 1938 est
786 1900 1001 1939 CHristum
1026 1901 1080 1938 ita

103 1963 262 2013 fecisse,
284 1968 325 2002 et
345 1964 398 2001 ita
418 1964 694 2002 necessarium
718 1967 836 2012 tunc,
862 1964 967 2002 sicut
985 1963 1074 2010 erit,

101 2025 262 2077 quando
282 2025 380 2064 illud
403 2027 480 2065 erit
495 2036 689 2077 praesens
705 2026 744 2063 in
761 2026 1078 2076 praeteritumve

101 2090 403 2127 transmissum.

156 2151 206 2191 30
230 2151 348 2198 Quod
368 2163 578 2204 nunquam
605 2152 678 2191 suit
703 2162 778 2190 nec
802 2155 865 2190 est
889 2151 929 2188 in
951 2151 1080 2189 homi-

101 2215 165 2253 nis
185 2214 385 2266 potestate
407 2214 592 2266 decipere
616 2215 830 2255 CHristum
847 2213 1075 2253 secundum

101 2281 286 2318 naturam
302 2278 524 2317 humanam
545 2282 770 2319 assumtam
789 2306 797 2325 ,
822 2277 970 2316 unione
992 2287 1078 2314 ma-

102 2344 243 2389 nente,
269 2341 399 2380 facere
422 2341 556 2392 ipsum
584 2340 749 2380 credere
769 2341 936 2389 falsum,
966 2351 1079 2378 men-

103 2403 169 2441 tiri
191 2403 296 2442 velle
319 2404 518 2452 inaniter,
540 2408 611 2443 aut
636 2407 908 2455 repugnanter
936 2403 1080 2441 volun-

103 2466 176 2503 tati
198 2464 374 2515 divinae,
398 2477 531 2517 neque
550 2477 730 2516 unquam
757 2465 832 2503 fuit
854 2469 925 2503 aut
947 2468 1011 2503 est
1036 2466 1076 2502 in

104 2526 279 2565 hominis
301 2531 502 2577 potestate
526 2528 655 2567 facere
679 2527 829 2578 aliquid
853 2526 961 2566 unde
985 2538 1078 2566 cnm

105 2587 362 2639 quibusdam·
382 2590 492 2628 veris
527 2590 616 2628 aliis
650 2590 836 2639 sequitur
859 2589 1076 2628 CHristum

106 2649 332 2690 secundum
341 2655 529 2690 naturam
544 2661 660 2690 suam
676 2650 896 2690 humanam
912 2652 1080 2701 unitam⁷

107 2713 233 2754 fuisse
256 2717 327 2753 aut
341 2724 433 2752 esse
451 2712 683 2764 deceptum,
704 2713 851 2751 falsum
867 2712 1080 2762 credendo,

109 2777 326 2815 mentitum
351 2776 494 2824 fuisse,
519 2775 891 2826 praesentialiterve
921 2776 1082 2814 mentiri

108 2838 312 2887 voluisse,
331 2849 404 2877 seu
425 2838 529 2877 velle
555 2838 743 2885 inaniter,
766 2841 836 2875 aut
856 2848 1082 2888 repugnan-

109 2906 173 2940 ter
192 2901 393 2940 voluntati
416 2901 588 2940 divinae.

166 2966 229 3004 3⁴.
247 2964 359 3011 Quod
376 2964 564 3015 possibile
585 2963 606 2986 *
622 2964 696 3002 fuit
713 2963 920 3002 Christum
937 2973 1080 3002 secun-

112 3028 210 3068 dum
244 3032 430 3067 naturam
455 3038 571 3066 suam
605 3027 824 3065 humanam
850 3026 1004 3064 unitam
1040 3029 1081 3064 et

110 3092 152 3130 in
175 3093 332 3143 proprio
362 3102 507 3142 genere
531 3089 677 3128 habere
702 3093 818 3127 actus
839 3098 1082 3139 cognoscen-

115 3153 178 3205 di,
198 3158 240 3193 et
259 3153 417 3192 volendi
450 3152 653 3192 naturales
677 3152 855 3203 proprios
879 3154 919 3189 et
943 3150 1085 3188 distin-

171 3244 219 3284 m)
242 3246 311 3276 Hoc
333 3247 384 3276 est
406 3251 474 3275 non
499 3242 692 3282 parabolico
717 3244 850 3273 tantum
881 3242 913 3272 et
947 3240 1089 3279 mystico

113 3294 297 3327 intellectu.

173 3344 187 3357 ⁸
212 3344 433 3386 Leqenclnm:
460 3344 678 3385 irnpozsihile.

2054 198 2130 239 251

1165 278 1251 312 ctos
1280 276 1468 324 respectu
1504 270 1729 322 aliquorum
1764 270 1802 309 in
1838 273 2037 321 potestate
2066 269 2137 308 lio-

1163 337 1529 387 minispositorum,
1540 338 1580 374 et
1596 334 1822 384 aliquorum
1839 333 2132 383 contingenter.

1159 402 1200 436 et
1235 410 1312 437 non
1343 398 1525 437 absolute
1557 396 1784 436 necessario
1814 397 2060 443 futurorum3
2091 399 2133 433 et

1157 460 1262 511 quod
1295 460 1539 512 impossibile
1571 459 1645 498 suit
1668 458 1884 497 CHristum
1907 457 2133 496 secundum

1156 527 1343 561 naturam
1361 533 1476 562 suam
1494 521 1713 560 humanam
1731 522 1909 569 unitam‚
1931 524 1972 559 et
1987 521 2026 558 in
2039 529 2131 570 pro-

1153 585 1238 635 prio
1258 595 1403 635 genere
1423 583 1551 633 decipi
1577 584 1615 620 in
1639 582 1860 631 credendo,
1892 586 1962 622 aut
1995 593 2131 621 errare

1153 646 1341 695 volendo,
1358 645 1463 684 velle
1482 644 1670 683 videlicet
1687 644 1784 695 fieri,
1800 645 1906 695 quod
1919 656 2129 695 nunquam

1154 709 1292 757 ficret,
1317 712 1387 747 aut
1407 711 1680 759 repugnanter
1703 708 1789 745 sive
1810 707 2044 746 difformiter
2059 718 2130 745 vo-

1152 771 1298 810 luntati
1322 771 1481 809 divinae
1499 799 1508 816 ,
1538 769 1661 817 velle,
1699 769 1880 818 inquam,
1918 770 2128 808 voluntate

1139 832 1353 883 ‘rationali7
1370 843 1448 870 non
1465 831 1647 882 appetitu
1670 831 1847 869 sensuali
1865 832 1951 869 sive
1966 832 2129 870 carnali.

1211 894 1274 933 32.
1296 892 1411 940 Quod
1429 892 1663 944 Prophetiae
1683 891 1733 930 de
1753 892 1920 930 CHristo
1943 896 2036 931 ante
2060 893 2129 931 ad-

1157 957 1431 1007 impletionem
1455 966 1593 994 earum
1619 959 1735 994 erant
1758 955 1985 994 necessario
2005 954 2131 992 adim-

1156 1019 1341 1070 plendae,
1359 1023 1400 1058 et
1419 1018 1525 1068 quod
1547 1018 1678 1056 medio
1694 1021 1874 1068 tempore
1891 1017 1996 1055 inter
2012 1028 2129 1055 mun-

1153 1081 1357 1120 dationem
1375 1093 1447 1121 seu
1457 1081 1816 1120 sanctificationem
1832 1080 1972 1118 beatae
1986 1079 2131 1118 Mariae

1153 1150 1194 1184 et
1212 1149 1446 1184 sanctorum
1466 1146 1630 1183 Patrum
1645 1143 1804 1183 Veteris
1823 1143 2071 1182 Testamenti
2088 1143 2130 1180 in

1153 1208 1231 1247 fide
1256 1208 1410 1247 CHristi
1434 1207 1713 1258 Redemptoris
1738 1206 1879 1255 futuri,
1911 1205 2130 1244 transitum

1152 1282 1312 1321 quoque
1348 1275 1388 1309 et
1424 1271 1690 1309 salvationem
1712 1267 1932 1307 eorundem
1962 1269 2127 1306 Patrum

1153 1338 1195 1372 et
1210 1334 1437 1384 passionem
1450 1334 1605 1372 CHristi
1625 1333 1697 1371 fuit
1713 1332 2002 1379 necessarium,
2020 1331 2130 1380 ipsos

1154 1396 1279 1435 fuisse
1303 1395 1536 1445 mundatos⁷
1562 1394 1849 1442 sanctificatos,
1880 1397 1921 1432 et
1951 1393 2130 1432 salvatos

1153 1470 1225 1509 per
1234 1457 1353 1497 fidem
1365 1459 1517 1498 CHristi
1527 1457 1804 1508 Redemptoris
1820 1456 1956 1501 futuri,
1967 1458 2008 1494 et
2022 1453 2130 1505 quod

1154 1533 1234 1560 non
1265 1522 1339 1560 fuit
1367 1521 1556 1572 possibile
1594 1521 1701 1570 ipsos
1726 1519 1850 1558 fuisse
1882 1517 2127 1566 mundatos,

1154 1583 1443 1631 sanctificatos,
1465 1587 1505 1622 et
1525 1582 1702 1621 salvatos
1727 1593 1799 1633 per
1822 1581 1943 1620 fidem
1968 1580 2128 1630 fictam,

1153 1647 1294 1685 falsam
1313 1676 1321 1695 ‚
1347 1657 1556 1685 erroneam
1574 1675 1595 1694 >—
1608 1649 1649 1684 et
1668 1643 1918 1683 mendacem.

1209 1709 1271 1747 33.
1289 1708 1403 1755 Quod
1422 1708 1653 1760 prophetiae
1663 1711 1704 1746 et
1719 1706 2007 1758 promissiones
2017 1699 2131 1744 Chri'-

1155 1772 1207 1810 sti
1245 1775 1339 1810 ante
1379 1771 1706 1821 adimpletionem
1737 1770 1916 1820 ipsarum
1944 1772 2060 1807 erant
2089 1772 2131 1806 et

1154 1835 1235 1873 sint
1259 1834 1486 1872 necessario
1510 1831 1802 1882 adimplendae.

1209 1897 1273 1936 34.
1304 1895 1418 1942 Quod
1443 1906 1522 1933 non
1547 1905 1688 1933 omnes
1712 1893 1944 1944 prophetiae
1974 1891 2131 1943 praedi-

1152 1964 1240 1998 ctae
1265 1958 1314 1997 de
1335 1959 1518 2002 CHristo‚
1544 1968 1618 1996 nec
1642 1967 1784 1994 omnes
1802 1955 2032 2006 prophetiae
2056 1959 2127 1993 aut

1148 2021 1436 2073 promissiones
1460 2021 1613 2060 CHristi
1638 2018 1687 2057 de
1712 2019 1859 2061 futuris
1878 2021 1994 2056 erant
2015 2028 2128 2055 men-

1150 2083 1308 2129 taliter,
1337 2083 1482 2131 tacite⁷
1518 2081 1823 2119 conditionales:
1863 2079 1935 2118 sed
1974 2079 2127 2121 multae

1151 2145 1383 2184 ment-aliter
1406 2143 1643 2194 simpliciter
1665 2142 1885 2181 absolutae.

1206 2208 1269 2247 35.
1286 2205 1398 2253 Quod
1428 2216 1595 2244 necesse
1619 2208 1683 2243 est
1704 2204 1928 2242 Ecclesiam
1947 2207 2131 2242 sanctam

1153 2271 1310 2310 CHristi
1332 2280 1464 2319 usque
1489 2268 1526 2306 in
1553 2267 1676 2306 finem
1701 2266 1841 2305 mundi
1871 2277 2132 2318 perseverare

1152 2332 1326 2371 fidelem.

1208 2396 1272 2433 36.
1292 2394 1406 2441 Quod
1422 2406 1500 2434 non
1516 2398 1580 2433 est
1600 2393 1790 2445 possibile
1803 2392 2027 2432 Ecclesiam
2040 2402 2133 2429 san-

1153 2462 1260 2497 ctam
1285 2458 1440 2497 CHristi
1477 2469 1528 2496 ex
1565 2456 1750 2495 doctrina
1775 2455 1934 2494 CHristi
1972 2463 2132 2503 semper

1154 2525 1224 2559 aut
1247 2531 1428 2570 unquam
1449 2519 1600 2558 directe
1617 2519 1740 2557 fuisse
1755 2517 1964 2567 deceptam
1982 2517 2021 2552 in
2038 2514 2134 2553 sub-

1157 2582 1412 2621 stantialibus
1437 2581 1616 2620 articulis
1641 2579 1732 2617 fidei
1756 2579 2033 2624 Christianae,
2062 2580 2134 2614 aut

1157 2655 1322 2684 erronee
1346 2642 1566 2682 credidisse
1596 2642 1933 2679 resurrectionem
1957 2642 2134 2677 mortuo-

1155 2719 1263 2754 rum,
1289 2705 1395 2744 diem
1436 2703 1597 2750 Judicii,
1622 2707 1692 2741 aut
1727 2703 1854 2740 vitam
1897 2704 2104 2739 aeternam
2122 2729 2131 2747 ,

1155 2774 1195 2808 et
1225 2767 1329 2818 quod
1355 2776 1522 2804 necesse
1561 2768 1624 2803 est
1662 2763 1760 2801 haec
1806 2763 1908 2810 fore,
1939 2761 2130 2812 reprobos

1156 2841 1317 2882 quoque
1342 2828 1487 2866 habere
1509 2825 1752 2877 supplicium
1775 2854 1783 2873 ,
1807 2829 1848 2862 et
1867 2825 2017 2863 electos
2037 2835 2132 2874 gau-

1158 2893 1268 2931 dium
1297 2891 1605 2940 sempiternum.

1208 2955 1409 2993 Hactenus
1433 2949 1823 2990 BRADWARDINI
1839 2948 2076 2989 Sententiae.

1207 3016 1294 3055 Alia
1304 3013 1336 3064 ej
1346 3025 1392 3053 us
1408 3014 1555 3064 scripta
1571 3013 1669 3052 haec
1686 3017 1800 3051 sunt:
1815 3010 2135 3050 TabulaeAstro-

1154 3077 1353 3123 uomicae,
1379 3086 1480 3126 quas
1510 3074 1649 3113 habuit
1679 3075 1881 3113 Savilius:
1906 3073 2132 3112 Geomecrm

1156 3139 1426 3193 speculativa,
1452 3138 1611 3176 Parisiis
1634 3136 1736 3176 ⁴504
1766 3136 1830 3174 fol.
1857 3140 1897 3173 et
1921 3146 2013 3174 cum
2038 3135 2135 3174 Ari-

1159 3201 1343 3241 thmecica
1366 3199 1634 3253 speculativa,
1663 3200 1782 3248 (quae
1813 3199 2027 3248 separatim
2057 3197 2134 3237 An.

1162 3265 1266 3306 4502
1290 3263 1504 3315 prodierat)
1532 3262 1676 3300 ibidem
1703 3261 1805 3300 4542
1832 3260 1894 3298 fol.
1926 3261 2136 3300 Praeterea

1161 3328 1305 3368 Baleus
1333 3326 1365 3366 V
1398 3325 1448 3365 87
1484 3327 1677 3365 memorat
1713 3321 1802 3376 ejus
1828 3321 2128 3366 Are'thmete'cam

2294 173 2352 221 sp.
