2500 4009
463 262 540 300 500

509 333 661 370 llnttoni
693 331 844 367 (Ioniiti.
883 328 937 364 46,

506 390 782 440 14ῡι·ιιιυιις.γ·.ιι’(14
815 387 1054 438 [inperatriei
1084 386 1300 435 Augustae.
1339 386 1400 424 62.

508 457 606 493 lletti
639 452 952 500 ,xri-hiepiscopo.
990 451 1048 487 40.

509 512 718 569 ΙΙΙψΙυιίὀί
742 513 837 562 Imp.
874 513 943 558 49,
973 512 1050 557 (20,
1080 511 1144 549 24.
1173 509 1227 547 ad
1248 509 1402 547 Emeri-

454 583 576 614 ltmos.
608 576 668 612 39.

505 638 681 675 lliabano
712 636 851 674 Abbati
886 634 1095 681 ‘'Fuldmisi)
1134 636 1189 672 47.

505 699 752 737 lliruotberto
782 699 935 736 Coniiti.
973 700 1029 737 44.

508 760 724 799 lluniberto
754 765 790 797 et
823 760 998 806 lig-'ilolsst
1031 761 1065 797 6.

500 823 643 860 ‚lacobo
675 823 879 873 Episcopo.
912 824 946 860 5.

502 885 559 923 Ad
581 885 807 923 Lothnrium
821 886 1101 935 Imperatorem
1113 884 1330 922 admonitio
1341 884 1362 921 3
1372 884 1402 921 4.

506 947 717 986 luithardo
749 949 984 997 Presbytero
1013 952 1051 984 et
1083 947 1314 985 Kremnoi-to
1346 946 1406 983 Vi-

449 1009 664 1048 cedomino.
706 1011 766 1048 42.

504 1074 607 1123 Lupo
655 1071 932 1113 Ferrariensi.
979 1071 1195 1121 Eginhardi
1231 1071 1406 1121 Epistola

453 1138 612 1174 tortium
640 1136 768 1173 locum
786 1139 951 1185 occupat
971 1136 1074 1173 inter
1089 1134 1289 1184 Epistolas
1311 1134 1407 1184 Lupi

452 1212 471 1235 a
500 1199 654 1236 Baluzio
681 1198 909 1244 illustrataS,
942 1201 986 1236 ut
1012 1198 1108 1247 Lupi
1139 1196 1187 1235 ad
1218 1196 1410 1246 Eginhar-

454 1260 582 1307 «luni,
626 1271 747 1309 quem
793 1264 1088 1310 praeceptorem
1134 1269 1224 1297 sum
1261 1262 1408 1307 vocat,

452 1327 547 1359 sunt
578 1323 702 1372 prima
724 1351 731 1369 e
764 1321 936 1360 secunda
958 1351 966 1370 ,
995 1325 1152 1372 quarta,
1176 1322 1406 1370 quintaque.

505 1385 687 1433 Magistro
716 1388 754 1421 et
786 1386 994 1435 praecipuo
1023 1383 1260 1435 Cappellano
1300 1382 1409 1420 dom-

456 1459 527 1485 nae
559 1448 833 1497 Imperatr-icis.
864 1448 924 1485 59.

508 1509 734 1548 Marehrado
766 1509 1030 1547 Vicedomino.
1063 1508 1124 1546 48.
1162 1508 1273 1546 llunc
1314 1510 1408 1558 puto

453 1572 769 1618 Marcu-ardoni.
795 1572 911 1621 cnjus
942 1572 1088 1609 mentio
1120 1571 1156 1608 in
1188 1570 1283 1620 Lupi
1315 1570 1407 1619 Epi-

456 1635 556 1672 stola
588 1636 742 1684 quinta.

505 1698 633 1735 Missis
657 1697 908 1747 Imperatoris
937 1697 1105 1743 Comiti,
1135 1694 1275 1734 Judici.
1317 1695 1377 1732 33.

505 1761 549 1797 N.
575 1760 622 1797 24
646 1790 653 1797 ,
678 1760 753 1802 32.
777 1759 851 1806 36,
878 1759 953 1804 38,
994 1759 1066 1803 47,
1108 1758 1181 1803 48,
1218 1756 1293 1803 50,
1325 1757 1403 1803 54,

454 1822 528 1860 53.
554 1823 602 1859 55
626 1851 633 1868 ,
659 1822 734 1860 130.
775 1822 836 1859 58.
880 1820 1107 1858 venerabili.
1148 1819 1211 1857 25.
1250 1818 1402 1857 Comiti.

453 1884 502 1921 ⁶27
519 1914 526 1923 .
546 1884 618 1931 28,
644 1884 692 1921 56
710 1913 717 1929 ,
735 1883 796 1921 57.
823 1884 969 1921 summi
998 1883 1078 1921 DEI
1101 1880 1316 1921 Sacerdoti.
1340 1881 1402 1919 29.

453 1946 605 1984 Abbati.
632 1946 681 1984 35
703 1975 711 1990 ,
743 1946 791 1983 46
811 1974 818 1993 ,
841 1946 906 1984 54.
934 1944 1200 1983 Vicedomino.
1226 1943 1287 1983 37.
1314 1944 1404 1994 Epi-

452 2020 579 2059 scopo.
606 2009 666 2047 43.
691 2009 892 2058 Optimati.
919 2008 978 2045 49.
1004 2006 1241 2056 Presbytero
1265 2010 1304 2045 et
1342 2007 1403 2044 Vi-

454 2070 671 2108 eedomino.
695 2071 758 2108 52.

506 2133 548 2169 R.
579 2134 623 2170 (i.
654 2134 694 2169 R.
726 2132 771 2169 O.
801 2132 1010 2181 Episcopo.
1041 2131 1077 2168 8.

506 2196 668 2243 (ligario
692 2193 1009 2243 ArchiepiscopO.
1036 2193 1069 2229 4.

511 2258 680 2306 l‘opponi
712 2257 866 2294 Comiti.
891 2257 941 2295 7,
975 2256 1034 2293 43.

508 2318 551 2355 Ε.
579 2319 619 2355 li.
652 2319 689 2355 S.
722 2318 758 2356 S.
794 2317 854 2355 44.

511 2381 556 2418 Μ.
584 2381 625 2417 V.
658 2381 718 2418 00.

509 2442 772 2479 vicedomino.
806 2443 854 2479 23
885 2442 973 2479 vide
1002 2441 1247 2480 Eremberto.

508 2504 669 2541 Vussin.
700 2504 761 2541 30.

506 2567 548 2604 N.
584 2567 642 2603 W.
674 2571 711 2603 et
741 2567 786 2604 G.
811 2567 873 2604 61.

508 2628 527 2648 ¹
551 2629 670 2666 Nemo
701 2628 908 2678 hucusque
924 2628 1118 2678 prodidit,
1147 2628 1240 2678 quid
1272 2628 1324 2665 rei
1355 2629 1405 2665 sit

456 2691 610 2729 libs-llus
640 2690 851 2739 Eginhardi
883 2690 931 2728 dc
961 2691 1124 2740 psalmis
1153 2691 1218 2740 qui
1264 2690 1406 2740 legitur

456 2755 490 2790 in
529 2753 710 2802 Catals›5.ij
741 2754 1013 2791 vetustissimo
1044 2752 1306 2791 Bibliothecae
1335 2753 1405 2790 Bo-

455 2816 600 2853 biensis
640 2815 800 2865 vulgato
828 2827 846 2853 a
878 2816 1086 2853 Muratorio
1129 2813 1261 2864 Antiq.
1305 2813 1402 2852 Med.

455 2877 549 2915 Aevi
578 2881 602 2914 1.
636 2878 657 2912 3
687 2888 771 2926 pag.
794 2878 870 2915 822
893 2877 954 2914 liis
975 2876 1132 2914 verbis:
1156 2873 1309 2915 libellus
1339 2875 1405 2913 Ei-

455 2938 574 2976 nardi
600 2937 645 2976 (le
676 2937 859 2977 Psalmis.
886 2940 927 2976 ln
949 2938 1181 2976 bibliotheca
1212 2939 1402 2976 Caesarea

455 3001 531 3038 vidi
561 3012 630 3050 ego
674 3001 847 3039 libellum
892 3001 1133 3051 psalmorum
1176 2998 1280 3037 dono
1309 3000 1402 3036 mis-

456 3073 542 3100 sum
572 3074 591 3100 a
623 3063 757 3101 Carolo
786 3064 833 3102 Μ.
863 3063 965 3113 Rege
994 3062 1040 3100 ad
1085 3061 1301 3100 Adrianum
1333 3063 1403 3099 Pa-

456 3136 542 3174 pam
575 3125 599 3161 l.
629 3125 689 3161 cui
720 3129 931 3175 apparatus
960 3123 1118 3174 quidam
1150 3124 1187 3161 in
1219 3123 1337 3162 libros
1361 3124 1398 3163 S.

457 3189 651 3235 Scriptura
680 3189 953 3236 praemittitur.
986 3186 1228 3225 l'raecedunt
1270 3189 1400 3226 omnia

460 3261 598 3285 versus
629 3261 733 3287 inore
762 3250 947 3300 epistolae
977 3261 1094 3299 quam
1120 3248 1397 3287 dedicatoriam

459 3310 635 3346 ‹lii-imus,
680 3313 776 3348 Num
823 3313 918 3349 forte
962 3312 1214 3349 haecomnia
1245 3316 1399 3359 praeter

462 3383 601 3408 vorsus
629 3372 676 3408 ab
705 3373 824 3410 altero
869 3376 1003 3423 utique
1043 3378 1201 3412 auctore
1231 3373 1397 3411 dictatos

1335 254 1604 292 l-:GlNUS

1484 324 1652 364 Alcuino
1688 325 1911 364 tribuenda·
1942 324 2076 365 sunt?
2103 324 2282 365 Viderint
2309 323 2429 363 docti.

1529 387 1713 426 EGlNUS
1757 387 1970 426 Monachus
2015 388 2175 438 scripsit
2221 384 2347 426 Vitam
2389 385 2431 426 S.

1474 447 1665 488 Ansomm·
1684 481 1692 495 ,
1718 450 1821 487 circa
1860 449 2018 488 Annum
2054 451 2142 489 840.
2182 449 2433 489 Confessoris

1475 516 1515 549 et
1546 512 1730 562 Episcopi
1762 512 2058 551 Camerinensis
2095 513 2134 551 in
2171 512 2302 552 Piceni
2341 511 2435 550 Um-

1478 573 1664 624 briaeque
1693 573 1874 612 confiniis
1903 573 1950 612 ad
1981 574 2141 613 Petrum
2169 575 2433 625 Episcopum,

1476 647 1578 685 quac
1608 636 1712 674 edita
1741 640 1804 674 est
1833 637 1870 674 in
1911 635 2021 675 Actis
2059 637 2295 676 Sanctorum
2337 640 2434 674 tom.

1479 699 1515 737 2.
1548 699 1675 737 Martii
1708 699 1770 738 43.
1800 709 1887 749 pag.
1918 698 2104 738 322-327.

1532 759 1884 799 EDMONDANUM
1914 760 2150 800 Chronicon.
2186 762 2318 809 Infra,
2360 760 2434 799 ,ΙΟ-

1481 821 1683 861 HANNES
1713 821 1761 860 de
1793 821 1947 872 Leydis.

1530 883 1728 922 Jolzannes
1751 883 1935 936 Baptista
1966 883 2217 924 EGNATIUS
2245 886 2434 935 gentilitio

1482 947 1640 983 nomine
1660 944 1859 984 Joliannes
1878 945 1924 985 de
1945 945 2106 997 Cipellis
2121 948 2154 996 a)
2172 950 2291 986 natus
2309 947 2437 986 Vene-

1480 1009 1545 1046 tiis
1569 1007 1643 1046 An.
1669 1007 1772 1047 4473
1802 1008 1946 1048 deinde
1975 1009 2194 1060 discipulus
2227 1008 2435 1056 politiam,

1480 1074 1600 1121 atque
1642 1072 1680 1109 in
1710 1072 1835 1121 patria
1865 1082 2074 1110 successor
2102 1071 2310 1119 Sabellici,
2344 1081 2435 1110 curn

1481 1133 1530 1171 ibi
1555 1133 1812 1172 humaniores
1841 1134 1996 1173 litteras
2019 1146 2090 1185 per
2107 1144 2234 1173 annos
2251 1133 2331 1172 fere
2354 1134 2435 1181 XL,

1483 1207 1625 1247 magna
1673 1197 1789 1236 laude
1832 1196 2062 1246 docuisset,
2090 1196 2187 1236 obiit
2227 1195 2289 1236 An
2336 1196 2438 1235 ⁴553

1481 1259 1622 1297 aetatis
1639 1258 1702 1296 80.
1720 1258 1820 1309 Ejus
1844 1262 1992 1310 scripta
2019 1262 2177 1310 praeter
2202 1256 2325 1298 libros
2348 1257 2436 1305 III,

1480 1320 1527 1360 cle
1548 1319 1792 1362 Caesaribus
1813 1322 1849 1360 in
1876 1321 2014 1361 Carolo
2034 1321 2080 1360 V.
2103 1319 2347 1369 desinentes,
2370 1321 2435 1371 qui

1482 1396 1600 1435 saepe
1636 1383 1815 1435 prodiere
1862 1395 1954 1423 cum
1999 1384 2214 1432 Svetonio,
2244 1387 2438 1434 notasque.

1483 1447 1523 1485 in
1558 1447 1785 1486 Svetonium
1799 1478 1811 1496 ,
1845 1451 1886 1486 et
1922 1446 1964 1485 in
1993 1446 2195 1486 Historiae
2232 1444 2438 1497 Auqustae

1482 1509 1698 1561 scriptores
1713 1540 1724 1559 ,
1750 1509 1789 1547 in
1815 1508 2022 1558 Ovidium,
2047 1508 2091 1549 in.
2110 1507 2312 1549 Ciceronis
2343 1506 2437 1559 Epi-

1479 1570 1600 1610 stolas
1624 1570 1678 1610 ad
1696 1571 1874 1610 diversos
1895 1600 1903 1620 ,
1928 1570 1980 1610 acl
1997 1572 2196 1610 Romanae
2231 1567 2348 1609 Urbis
2371 1568 2436 1608 de-

1478 1633 1754 1685 scriptionem,
1793 1638 1833 1672 et
1864 1632 1904 1671 in
1944 1631 2234 1681 Dioscoridem,
2269 1643 2432 1670 versum

1479 1696 1527 1734 ab
1553 1697 1757 1734 Hermolao
1798 1695 1966 1734 Barbaro
1989 1725 1998 1741 ,
2022 1695 2103 1732 sint
2148 1694 2204 1733 De
2239 1691 2434 1743 eoeemplis

1482 1758 1664 1797 Virorum
1703 1756 1954 1806 illustrium,
1995 1757 2159 1796 Venetae
2188 1753 2435 1806 praesertim

1481 1819 1693 1860 Civitatis:
1718 1818 2013 1858 Racemationes
2041 1819 2079 1857 in
2118 1819 2202 1858 loca
2240 1818 2434 1857 bonorum

1477 1882 1694 1922 Auctorum
1715 1893 1735 1921 a
1760 1882 1931 1922 Grutero
1954 1883 2129 1920 insertae
2148 1884 2242 1922 tom.
2263 1882 2298 1920 4-.
2320 1881 2433 1919 Lam-

1476 1945 1587 1995 padis
1616 1946 1761 1984 artium
1792 1956 1878 1995 pag.
1905 1943 2080 1985 348-352
2109 1946 2150 1984 et
2169 1941 2352 1982 laudatae
2370 1943 2434 1981 Ja—

1475 2008 1570 2046 cobo
1586 2007 1736 2046 Gaddio
1752 2007 1800 2046 de
1816 2005 2075 2058 scriptoribus
2093 2016 2169 2044 non
2184 2005 2436 2044 Ecclesiasti-

1476 2071 1534 2108 cis
1576 2074 1670 2108 tom.
1712 2072 1747 2109 4.
1778 2080 1861 2120 pag.
1903 2068 2008 2118 4707
2042 2078 2124 2118 seq.
2161 2065 2431 2118 Paneyyricus

1473 2132 1700 2180 Franeiseo,
1718 2132 1811 2182 Regi
1834 2131 2132 2179 Francorumb)
2147 2129 2197 2168 ob
2223 2131 2428 2168 victoriam

1474 2193 1522 2232 de
1558 2194 1748 2232 Helvetiis
1785 2198 1968 2243 partam,
2013 2192 2189 2231 Venetiis
2231 2192 2356 2240 4540,
2397 2192 2433 2229 4.

1476 2255 1586 2293 Aliae
1609 2253 1815 2293 Orationes
1838 2253 1941 2292 LXX.
1969 2252 2106 2292 Oratio
2122 2251 2177 2292 ad
2189 2252 2430 2296 Meretrices.

1477 2316 1533 2354 Dc
1564 2315 1723 2366 Orrjqine
1756 2316 1989 2354 Turearum.
2016 2313 2215 2366 Epistolae
2234 2314 2315 2355 XC.
2335 2315 2430 2355 Vide

1477 2379 1679 2417 Nicolaum
1712 2379 1962 2418 Comnenum
1991 2377 2224 2429 Papadopoli
2260 2381 2355 2417 tom.
2392 2377 2431 2416 2.

1480 2440 1690 2490 Gymnasii
1715 2441 1893 2479 Patavini
1918 2451 2004 2491 pag.
2033 2441 2135 2489 200,
2157 2451 2240 2491 seq.
2257 2440 2432 2480 Baelium

1480 2504 1516 2540 in
1552 2503 1788 2541 Dictionario
1810 2531 1817 2551 ,
1838 2506 1879 2540 et
1899 2502 2178 2542 Sebastianum
2208 2501 2427 2542 Corradum

1478 2566 1517 2603 in
1546 2565 1796 2614 Quaestura,
1826 2565 1901 2604 sub
1931 2566 2014 2604 init.
2052 2565 2118 2606 ubi
2153 2566 2257 2605 inter
2292 2564 2430 2605 laudes

1478 2626 1566 2677 ejus
1594 2629 1648 2666 ait
1671 2625 1813 2667 melius
1842 2639 1931 2666 eum
1972 2626 2130 2668 dimisse
2171 2639 2290 2680 quam
2329 2626 2430 2666 scri-

1473 2701 1621 2742 pszsse-
1956 2711 1960 2716 ·

1531 2754 1570 2792 S.
1600 2752 1864 2801 EGWINUS,
1894 2753 1980 2791 sive
2008 2751 2280 2801 EUGENIUS,
2299 2753 2430 2792 Mona-

1477 2814 1578 2854 chus
1597 2814 1760 2854 Ordinis
1781 2813 1982 2853 Benedict.
2005 2819 2126 2865 atque
2148 2813 2238 2854 inde
2267 2813 2430 2856 Wiecio—

1475 2889 1568 2916 rum
1587 2908 1597 2927 ,
1629 2878 1714 2915 sive
1747 2876 2013 2928 Viyorniensis
2036 2878 2074 2915 in
2099 2876 2240 2928 Anglia
2266 2877 2428 2928 Episco-

1476 2951 1574 2989 puS,
1604 2940 1762 2990 scripsit
1791 2941 1913 2978 vitam
1944 2940 1986 2979 S.
2019 2937 2208 2978 Altkelmi
2244 2941 2277 2987 c)
2317 2938 2426 2978 Shir-

1474 3003 1686 3041 burnensis
1716 3002 1929 3053 Episcopi,
1958 3001 2135 3041 defuncti
2171 3000 2244 3040 An.
2272 3000 2348 3040 709
2384 3004 2424 3038 et

1473 3063 1644 3103 aliorum
1663 3065 1901 3105 Sanctorum
1916 3096 1927 3114 ,
1954 3075 2026 3103 nec
2050 3074 2129 3102 non
2144 3061 2190 3102 de
2213 3059 2364 3114 orz'qine
2387 3065 2425 3101 et

1474 3126 1687 3166 istitutione
1714 3125 1903 3168 Coenobii
1921 3126 1989 3165 sui
2009 3125 2358 3172 Coveshamensis‚
2382 3129 2423 3164 et

1525 3235 1559 3273 a)
1580 3233 1783 3266 Colomeslus
1805 3231 1846 3265 ad
1868 3229 2045 3270 Gyraldum
2058 3236 2135 3269 pag.
2148 3227 2222 3260 282.
2240 3231 2274 3260 et
2289 3227 2332 3260 ad
2348 3231 2427 3262 Sca·
2479 3215 2495 3246 Χ

1464 3284 1610 3321 ligerana
1633 3291 1705 3323 pag.
1728 3282 1802 3314 258.

1524 3334 1682 3371 massam
1705 3334 1744 3364 de
1767 3334 1968 3363 Litterature
1994 3332 2077 3361 tom.
2102 3326 2116 3358 1
2142 3337 2173 3368 p.
2196 3327 2269 3360 291.
2292 3336 2359 3368 seq.

1525 3392 1557 3422 c)
1583 3387 1627 3414 De
1650 3383 1712 3414 hoc
1736 3382 1954 3413 ALTHELMO
1982 3387 2082 3419 supra
2108 3382 2188 3412 tom.
2221 3377 2235 3409 1
2260 3388 2293 3419 p.
2318 3378 2387 3411 142.
