2500 3841
870 181 1305 222 COLLUTIUS

77 250 225 288 ditione
241 278 251 296 ‚
277 248 382 298 apud
405 249 600 285 joannem
623 249 808 288 Sfortiam
834 253 1041 291 Pisauren-

77 314 182 351 sium
202 313 435 360 Tyrannum
459 310 511 358 a),
528 311 594 359 qui
612 310 874 362 deprehensis
897 315 1039 354 litteris

77 375 280 421 offensus,
310 373 513 423 ignovisse
552 383 595 411 se
633 374 668 411 ei
708 374 828 414 fidem
868 377 1038 423 fecerat,

76 435 351 486 strangulatus
380 435 420 472 in
454 446 613 473 carcere
642 435 717 474 An.
751 439 853 477 1500
884 439 932 477 (16
961 451 1040 490 quo

72 499 213 537 Jovius
247 498 288 535 in
325 497 490 547 elogiis,
518 497 687 537 Vossius
710 511 797 551 pag.
825 501 903 540 673
920 530 930 545 ‚
955 513 1037 551 seq.

71 561 248 598 Joannes
269 558 496 598 Matthaeus
519 560 725 599 Toscanus
750 563 788 600 in
824 564 940 614 peplo
964 565 1041 603 Ita-

71 623 146 660 liae
167 633 253 673 pag.
281 622 356 661 413
380 625 421 660 et
444 622 606 661 Isaacus
630 623 847 663 Bullartius
871 630 966 664 tom.
990 627 1039 672 II,

73 683 311 723 Academiae
336 685 595 723 scientiarum
621 696 708 736 pag.
735 687 825 726 142.
841 686 941 738 Ejus
962 687 1041 726 Pli-

68 746 214 785 nianae
236 744 458 798 defensioni
474 749 635 798 saepius
656 759 821 787 recusae
852 751 862 799 (
882 755 924 788 ut
948 751 1040 789 Fer-

70 809 195 847 rariae
221 809 347 855 1511,
374 809 408 846 4.
436 813 476 847 et
501 810 539 847 in
563 814 659 848 tom.
692 811 869 850 secundo
899 812 1039 850 herba-

69 872 115 908 rii
138 871 432 920 Brunfelsiani)
462 870 508 909 cle
534 870 861 923 interpretatione
890 872 1039 924 simpli-

66 932 197 982 cium,
222 944 326 984 quae
345 936 440 971 sunt
456 933 566 985 apud
589 933 763 972 Plinium
778 967 789 983 ,
811 941 950 974 contra
972 937 1039 975 Ni—

65 996 163 1034 colai
194 995 411 1034 Leoniceni
439 997 639 1034 Vicentini
672 997 817 1036 librum
843 997 892 1036 de
917 997 1041 1036 Plinii

68 1063 108 1096 et
131 1058 300 1096 aliorum
329 1057 570 1097 Medicorum
601 1060 802 1098 erroribus
825 1059 899 1098 An.
934 1061 1028 1099 1491

66 1120 218 1159 editum
244 1119 451 1170 respondit
474 1122 638 1159 Pontius
662 1121 879 1170 Virunius,
903 1121 1035 1161 Bellu-

67 1183 218 1220 nensis.
243 1184 436 1220 Facetum
460 1183 680 1222 Collenucii
710 1183 919 1234 apologum
939 1215 947 1232 ,
971 1185 1034 1222 cui

67 1244 234 1283 titulus:
258 1243 462 1294 A9enoria
476 1275 488 1293 ,
511 1246 597 1282 sive
617 1244 798 1296 dialogus
818 1246 971 1295 Capitis
995 1250 1035 1283 et

67 1307 187 1354 Pilei,
212 1306 261 1345 de
285 1307 409 1357 pigris
433 1310 473 1344 et
497 1306 753 1345 industriosis
781 1308 1034 1357 hominibus,

65 1369 222 1408 recudit
235 1368 407 1407 Jacobus
424 1368 473 1407 de
487 1368 613 1407 Breda
632 1398 640 1416 ,
656 1370 896 1407 Daventriae
916 1369 1032 1408 1497.

65 1431 178 1470 Idem
217 1431 408 1469 familiam
445 1430 556 1470 ducit
593 1432 697 1485 inter
739 1436 910 1482 quatuor
947 1433 1035 1472 eius

64 1493 240 1544 dialogos
250 1491 422 1543 junctim
441 1494 626 1544 vulgatos
642 1493 896 1545 Argentorati
915 1496 1031 1534 1511.

63 1555 101 1595 4.
129 1557 278 1595 Romae
316 1555 432 1595 1526.
464 1556 486 1593 4
523 1560 561 1594 et
598 1557 775 1595 Basileae
809 1556 911 1596 1547
939 1569 1032 1595 cum

63 1617 269 1668 colloquiis
309 1617 503 1655 Johannis
541 1617 752 1669 Artopoei,
794 1630 845 1657 ex
885 1619 1031 1668 quibus

63 1681 211 1718 caeteri
255 1684 339 1718 tres
377 1684 474 1718 sunt
493 1680 529 1729 2)
547 1711 557 1727 ,
579 1680 825 1731 Misopenes,
861 1681 910 1719 de
946 1682 1031 1720 auri

62 1753 108 1780 ac
128 1742 347 1792 sapientiae
367 1753 445 1781 usu
466 1741 515 1780 ad
538 1746 750 1793 utramque
771 1743 1002 1782 felicitatem
1021 1774 1029 1793 ,

63 1804 99 1852 3)
119 1801 300 1852 Alethia,
323 1807 364 1841 et
389 1804 423 1852 4)
443 1802 685 1842 Bombarcla.
710 1805 884 1843 Libellus
905 1804 951 1842 (le
971 1804 1030 1843 vi-

55 1876 163 1916 pera
185 1865 330 1916 prodiit
351 1866 531 1904 Venetiis
556 1867 684 1914 1506,
712 1867 747 1904 4.
770 1866 907 1904 Etiam
921 1867 1029 1905 Lati-

63 1938 135 1976 ne,
159 1927 291 1978 inquit
313 1928 506 1976 Vossius,
532 1927 778 1967 constrinoeit
803 1928 1029 1979 compendio

61 1989 284 2029 Historiam
306 1989 638 2041 Neapolitanam,
669 2003 756 2030 eam
786 1996 882 2042 puto
912 1993 1029 2030 innu-

61 2063 134 2090 ens
153 2081 162 2101 ,
183 2063 286 2102 quae
309 2063 404 2091 cum
427 2054 593 2091 Joannis
614 2054 770 2092 Joviani
793 2055 959 2092 Pontani
976 2055 1026 2092 VI

58 2114 168 2153 libris
191 2114 240 2152 de
263 2114 366 2153 bello
390 2115 648 2165 Neapolitano
672 2126 815 2154 recusa
838 2115 1027 2154 Dordraci

62 2178 187 2226 1618,
209 2178 245 2215 8.
264 2177 302 2215 111
320 2187 424 2215 anno
446 2177 549 2216 1492
570 2176 738 2225 desinit,
761 2177 867 2216 unde
890 2178 1027 2228 incipit

60 2238 375 2279 Guicciardinus.
405 2237 516 2277 Idem
544 2239 799 2278 Collenucius
830 2238 945 2278 libris
981 2241 1027 2279 VI

61 2300 271 2340 historiam
287 2299 594 2351 Neapolitanam
607 2304 847 2352 prosecutus
863 2305 945 2351 est,
959 2301 1030 2340 secl

62 2362 203 2401 Italice
232 2361 274 2399 in
299 2361 478 2412 qratiam
501 2361 688 2401 Herculis
711 2362 904 2411 Atestini,
942 2365 1027 2402 sive

60 2423 240 2463 Estensis
258 2453 266 2473 ,
284 2423 318 2460 F
319 2423 615 2463 errariensium
629 2424 752 2463 Ducis
766 2457 777 2474 ,
798 2425 933 2463 Latine
955 2437 1029 2463 au-

62 2490 138 2524 tem
163 2483 371 2523 transtulit
399 2486 571 2524 Joannes
605 2484 796 2524 Nicolaus
824 2487 1029 2537 Stapanus

63 2547 260 2595 Rhaetus,
277 2547 371 2584 Bas.
390 2547 515 2594 1572,
535 2548 569 2585 4.
585 2548 719 2586 ltalice
736 2553 871 2586 autem
889 2578 896 2597 ,
915 2548 1032 2586 Com—

61 2608 206 2661 pendio
229 2607 485 2646 dell'historie
509 2608 548 2646 di
572 2609 723 2658 Napoli,
747 2609 890 2648 Venet.
913 2609 1029 2655 1552,

63 2673 98 2710 8.
136 2682 187 2709 ex
223 2670 455 2719 Hieronymi
491 2670 663 2708 Ruscelli
702 2671 933 2708 recensione
952 2700 960 2716 ,
991 2675 1031 2708 et

62 2734 204 2772 Venet.
242 2732 372 2780 1558,
412 2731 507 2770 1591
531 2760 539 2778 ,
570 2735 611 2769 et
656 2732 784 2780 1613,
815 2732 849 2769 4.
887 2731 1032 2771 additis

61 2793 268 2834 Mambrini
291 2793 407 2830 Rosei
431 2792 479 2830 de
504 2792 695 2831 Fabriano
711 2797 752 2830 et
769 2792 942 2830 Thomae
959 2794 1033 2833 Co-

65 2858 116 2894 sti
139 2855 385 2906 Neapolitani
406 2854 747 2893 lucubrationibus
767 2859 807 2893 et
827 2856 1033 2894 continua—

64 2919 171 2957 tione
207 2928 334 2966 usque
360 2916 408 2956 ad
434 2916 597 2955 Annum
624 2917 740 2956 1610.
770 2915 856 2955 Vita
884 2916 1031 2956 Frede-

65 2980 146 3020 rici
184 2980 232 3018 II
268 2978 534 3030 Imperatoris
585 2990 636 3017 ex
687 2979 823 3017 Italica
871 2978 1034 3018 historia

63 3041 324 3093 Neapolitana
353 3041 570 3080 Collenucii
611 3040 755 3092 prodiit
796 3052 887 3078 cum
926 3042 1029 3079 Petri

66 3103 115 3143 de
137 3105 274 3144 Vineis
305 3115 377 3142 sex
406 3103 516 3142 libris
534 3103 804 3154 Epistolarum
823 3132 830 3150 ,
853 3103 1028 3141 Basileae

120 3199 155 3238 a)
178 3201 300 3231 Nescio
313 3207 381 3239 quo
395 3203 532 3232 auctore
550 3200 762 3232 Collenucius
776 3202 872 3240 jussu
890 3200 1034 3231 Alexan·

59 3248 109 3280 dri
131 3250 184 3280 vl.
213 3248 412 3281 interfectus
445 3258 515 3282 esse
538 3250 686 3281 traditur
710 3251 743 3280 in
768 3252 888 3282 Lexico
913 3249 1031 3281 Erudi-

61 3301 197 3337 torum,
220 3299 360 3331 tertium
377 3299 447 3339 jam
471 3301 602 3339 Lipsiae
626 3298 727 3331 edito.

2003 184 2081 224 369

1117 254 1245 303 1556,
1267 254 1304 292 8.
1323 253 1461 292 Latine
1491 263 1608 292 versa
1639 263 1660 292 a
1690 254 1851 292 Simone
1880 253 2084 292 Schardio.

1117 315 1345 354 Orationem
1373 315 1428 354 ad
1449 315 1738 366 Imperatorem
1757 314 2085 356 Maoeimilianum

1116 389 1164 416 ex
1190 378 1363 417 editione
1388 379 1566 417 Basileae
1593 379 1695 417 1520
1712 377 1992 428 aliisjunctam
2018 390 2086 429 pa-

1115 442 1342 490 negyricis,
1367 441 1530 479 exhibet
1559 440 1759 479 Freherus
1787 445 1883 478 tom.
1909 441 1955 478 ΙΙ.
1989 441 2078 478 scri·

1114 506 1275 551 ptorum
1299 502 1348 541 de
1372 503 1494 540 rebus
1518 502 1768 541 Germanicis
1797 514 1884 554 pag.
1912 501 1988 540 476
2019 503 2085 542 ha—

1114 564 1238 602 bitam
1267 563 1341 603 An.
1370 564 1472 603 1494
1517 565 1753 614 Oeniponti,
1783 575 1876 603 cum
1907 565 2087 603 Herculis

1114 626 1316 674 Estensis,
1337 627 1541 664 Ferrariae
1561 626 1684 663 Ducis
1704 628 1846 665 Orator
1866 631 1976 665 esset
2000 627 2087 666 Col-

1115 688 1312 726 lenucius.
1342 688 1386 724 In
1416 686 1659 725 Bibliotheca
1689 687 1904 726 Barberina
1926 690 2086 735 Romae,

1115 753 1249 787 exstat
1291 747 1432 787 Plauti
1470 746 1710 798 Amphitruo
1740 759 1788 787 ex
1821 750 1956 788 italica
1999 749 2087 799 ejus

1114 810 1359 860 metaphrasi
1386 809 1460 859 (77
1481 809 1542 848 ed.
1559 809 1600 846 in
1617 811 1744 847 Venet.
1768 811 1942 862 Zoppino
1969 813 2085 851 1530.

1112 874 1150 910 111
1177 874 1212 909 8.
1252 873 1308 910 De
1352 883 1450 910 nece
1480 871 1713 909 Collenucii.
1758 873 1855 910 Vide
1880 874 2088 912 Perticari

1113 934 1296 984 (Giulio)
1323 932 1513 984 Opuscoli
1533 931 1712 984 Boloqna
1737 935 1867 981 1819,
1894 936 1929 973 8.
1953 938 1962 984 )

1164 996 1451 1035 COLLUTIUS
1462 994 2086 1046 Pierius,cujusquaedamMSta

1111 1060 1150 1096 in
1180 1057 1326 1096 Codice
1366 1059 1609 1109 Pergameno
1639 1058 1906 1097 Bibliothecae
1935 1062 2088 1099 Menar—

1111 1122 1245 1159 sianae
1261 1132 1349 1172 pag.
1367 1122 1442 1160 159
1460 1125 1523 1159 est
1547 1122 1588 1158 L.
1617 1119 1812 1159 Collucius
1836 1120 1997 1160 Pierius
2013 1123 2087 1162 Sa-

1111 1182 1262 1221 lntatns
1283 1183 1331 1222 de
1351 1184 1562 1234 Stignano,
1588 1184 1693 1221 inter
1710 1184 2001 1223 instauratores
2025 1185 2088 1223 lit-

1109 1250 1287 1283 terarum
1312 1245 1578 1283 celebrandus
1612 1256 1712 1283 cuin.
1736 1246 1977 1295 Petrarcha,
2009 1246 2086 1285 Ga-

1110 1308 1269 1358 sparino
1302 1308 1591 1357 Bergomensi,
1624 1307 1859 1345 Leonhardo
1892 1307 2084 1356 Aretino,

1108 1371 1276 1420 Poggio:
1316 1371 1444 1420 patria
1479 1369 1762 1419 Florentinus,
1794 1369 1941 1408 Urbani
1965 1371 2010 1409 V.
2043 1376 2083 1409 et

1107 1432 1285 1483 Gregorii
1310 1433 1378 1470 XI.
1418 1431 1467 1470 ab
1495 1431 1713 1481 Epistolis,
1740 1436 1780 1469 et
1805 1432 2081 1471 Cancellarius

1104 1494 1357 1545 Reipublicae
1378 1494 1630 1531 Florentinae
1648 1523 1656 1542 ,
1681 1492 1899 1532 defunctus
1920 1495 2081 1533 Floren—

1106 1559 1184 1595 tiae
1208 1556 1404 1595 Αη.1406
1420 1555 1469 1593 de
1491 1567 1569 1605 quo
1593 1555 1767 1593 Jacobus
1793 1556 1980 1604 Lens-ant,
2007 1567 2078 1595 au-

1106 1624 1192 1657 ctor
1215 1620 1531 1668 Poggianorum,
1564 1619 1604 1654 in
1634 1617 1813 1667 Epistola
1840 1619 1992 1657 inserta
2016 1620 2078 1657 Bi-

1105 1681 1327 1720 bliothecae.
1344 1680 1609 1718 Germanicae
1626 1680 1761 1729 lingua
1777 1679 1925 1718 Gallica
1937 1680 1984 1719 ab
2002 1679 2078 1718 An.

1103 1742 1204 1782 1720
1229 1742 1292 1780 edi
1318 1743 1457 1780 solitae
1482 1747 1577 1780 tom.
1604 1743 1645 1790 Ι,
1672 1753 1759 1793 pag.
1790 1743 1891 1791 112,
1914 1754 2003 1794 sqq.
2030 1748 2069 1781 et

1101 1805 1232 1843 Julius
1255 1804 1372 1854 Niger
1396 1804 1435 1841 in
1461 1804 1626 1842 historia
1647 1806 1890 1854 scriptorum
1916 1806 2076 1844 Floren—

1102 1868 1279 1905 tinorum
1303 1877 1390 1916 pag.
1417 1866 1506 1904 128.
1533 1867 1648 1904 Hunc
1673 1867 1897 1905 Collucium
1935 1868 2076 1905 Posse-

1101 1929 1223 1967 vinus
1247 1930 1302 1967 ait
1326 1927 1373 1966 cle
1397 1940 1497 1967 vera
1514 1927 1712 1979 Reliyione
1727 1929 1966 1979 scripsisse:
1995 1929 2075 1967 Sed

1100 1991 1351 2030 Mabillonius
1375 1991 1593 2039 disertius,
1619 1992 1687 2041 qui
1712 1991 1750 2028 in
1778 1992 1920 2029 itinere
1937 1991 2074 2030 Italico

1100 2064 1189 2104 pag.
1220 2054 1297 2092 183
1334 2057 1508 2091 testatur
1533 2064 1575 2091 se
1602 2054 1640 2090 in
1665 2053 1909 2091 Bibliotheca
1937 2055 2072 2092 Mona-

1102 2115 1214 2153 sterii
1237 2115 1561 2154 Vallumbrosaui
1584 2113 1738 2152 vidisse
1765 2113 1886 2163 hujus
1912 2115 2073 2153 Collutii

1103 2175 1291 2216 Codicem
1317 2176 1425 2216 haud
1449 2177 1662 2227 vulgatum
1687 2176 1880 2214 librorum
1905 2176 2076 2216 duorum

1102 2238 1149 2277 (le
1171 2238 1332 2278 saeculo
1357 2242 1394 2277 et
1415 2238 1609 2289 reliyione
1630 2239 1680 2277 ad
1704 2239 1999 2289 Hieronymum
2024 2239 2073 2278 de

1103 2302 1256 2352 Uzano,
1281 2301 1605 2341 Camaldulensis
1627 2300 1789 2340 Ordinis
1813 2301 2052 2340 Monachum
2067 2334 2076 2351 ,

1102 2364 1327 2410 Florentiae
1343 2363 1449 2415 apud
1468 2364 1509 2402 S.
1521 2364 1683 2402 Mariam
1695 2363 1743 2401 de
1760 2362 1939 2415 Angelis,
1952 2375 2074 2414 quem

1102 2426 1411 2476 Hieronymum,
1435 2427 1473 2463 in
1490 2424 1666 2474 saeculo,
1687 2425 1761 2463 hoc
1777 2430 1840 2463 est
1858 2430 2077 2475 antequam

1103 2487 1283 2525 Monachi
1321 2486 1554 2537 reliqionem
1591 2487 1804 2536 indueret,
1834 2487 1982 2525 Nicolai
2007 2498 2078 2524 no-

1105 2559 1199 2586 men
1222 2548 1365 2587 tulisse
1401 2547 1507 2586 idem
1532 2552 1672 2586 auctor
1708 2548 1841 2586 tradit.
1869 2548 1946 2597 (78
1983 2559 2076 2586 cum

1105 2611 1262 2649 Nicolao
1301 2609 1350 2648 de
1389 2610 1524 2648 Uzano
1569 2614 1726 2659 autem,
1758 2610 2077 2649 benemerentis-

1107 2673 1207 2710 simo
1231 2673 1319 2710 cive
1355 2671 1403 2709 de
1441 2682 1519 2720 quo
1553 2670 1839 2709 Machiavellus
1878 2672 1918 2709 in
1947 2672 2078 2710 Histo-

1107 2735 1186 2781 ria,
1204 2735 1368 2771 minime
1399 2732 1738 2780 confundendus)
1755 2731 1976 2783 Epistolam
2007 2745 2077 2771 no-

1108 2797 1214 2833 mine
1244 2794 1516 2833 multitudinis
1542 2793 1722 2832 fidelium
1753 2794 1803 2832 ad
1840 2794 2074 2834 Cardinales

1108 2858 1434 2896 Ultramontanos
1481 2856 1661 2894 servavit
1699 2856 1933 2905 Raynaldus
1977 2861 2073 2895 tom.

1106 2919 1241 2967 XVII,
1265 2917 1314 2956 ad
1338 2916 1502 2956 Annum
1520 2917 1623 2956 1378
1649 2929 1758 2956 num.
1782 2918 1916 2956 52-58.
1940 2917 2073 2956 Aliam

1107 2979 1156 3018 ad
1171 2979 1364 3018 Jodocum
1381 2979 1648 3018 Marchionem
1666 2979 1963 3030 Brandenburg.
1975 2982 2075 3018 Mar-

1105 3042 1289 3079 chionem
1324 3043 1520 3080 Moraviae
1550 3041 1681 3080 Caroli
1712 3042 1774 3080 IV.
1814 3042 2072 3092 Imperatoris

1105 3104 1375 3153 propinquum
1401 3102 1475 3140 An.
1497 3104 1612 3141 1398.
1629 3103 1871 3141 Edmundus
1896 3104 2072 3142 Martene

1105 3170 1199 3203 tom.
1225 3165 1283 3211 11,
1302 3163 1600 3204 Anecdotorum
1626 3177 1713 3215 pag.
1742 3166 1845 3203 1155
1863 3176 1965 3215 quae
1991 3178 2070 3205 una

1103 3231 1165 3265 est
1188 3237 1238 3264 ex
1263 3226 1339 3264 illis
1364 3231 1558 3276 quatuor,
1596 3237 1698 3276 quas
1732 3225 1994 3278 descripsisse
2027 3239 2070 3266 se

1101 3290 1155 3327 ait
1178 3287 1428 3328 liabilloiiius
1454 3289 1490 3327 in
1520 3289 1660 3328 itinere
1696 3289 1831 3329 Italico
1861 3302 1949 3342 pag.
1981 3289 2069 3330 170.

1640 3367 1686 3407 41
