2500 3841
926 193 1312 238 BAPTISTAE

134 271 232 311 10110.
256 266 434 317 Effigiem
471 264 672 304 Mantuani
709 262 816 303 dabit
855 265 1088 305 Boissardus

134 338 227 371 tom.
252 331 280 368 l.
302 330 446 379 Imagg.
470 337 556 377 pag.
582 326 669 364 468.
690 324 805 376 Apud
825 326 1084 366 Trithemium

135 405 219 444 cap.
244 391 320 431 942
340 391 485 440 scripta
507 387 701 438 quaedam
721 389 920 439 Mantuani
940 400 1088 428 memo-

132 451 294 494 rantur,
318 455 419 496 quae
443 444 480 481 in
501 441 670 481 editione
693 440 987 492 Antwerpiensi
1008 443 1087 482 fru-

133 515 216 548 stra
235 518 426 559 quaeres,
451 509 497 544 ut
530 508 686 556 praeter
718 504 915 555 Epistolas
940 505 1086 544 multas

132 571 181 610 ad
196 570 375 609 diversos
392 597 400 617 ,
424 568 709 616 Orationesque
725 595 733 615 ,
751 566 848 605 liber
871 566 919 605 de
940 571 1028 606 ortu
1047 572 1087 605 et

133 633 364 672 diversitate
385 630 654 681 Religionum,
678 628 861 679 Apologia
877 641 946 679 pro
970 630 1089 668 fratre

133 697 266 743 Petro,
280 698 322 734 et
337 692 663 732 introductorium
680 691 835 731 subtilis
852 692 968 730 Scoti.
983 693 1090 731 Man-

136 757 247 796 tuani
262 756 439 806 eclogae,
456 754 670 792 novissime
687 764 777 792 cum
793 754 896 792 notis
919 764 1088 792 excusae

133 819 318 858 Coloniae
341 817 441 856 4688
463 817 524 856 42.
548 815 644 855 Vide
667 816 848 866 Basnagii
875 815 1090 855 Bellovallii

134 880 273 919 histor.
295 879 470 931 Operum
494 877 751 918 Eruditorum
772 876 885 918 Anno
901 878 1001 917 4688
1016 876 1090 915 00-

133 942 234 982 tobri
256 953 342 993 pag.
364 941 452 981 494.

187 1005 209 1029 *
230 1005 458 1044 Orationem
487 1004 573 1043 eius
602 1004 640 1042 in
677 1003 865 1043 Omnium
895 1001 963 1041 SS.
987 1001 1089 1040 cele-

133 1067 275 1106 britate
292 1066 465 1105 habitam
481 1076 612 1105 coram
623 1076 780 1104 summo
787 1064 971 1104 Pontifice
985 1075 1087 1102 anno

138 1129 242 1168 4458
264 1128 409 1168 habere
430 1139 473 1167 se
509 1129 820 1178 manuscriptam
854 1127 893 1164 in
917 1126 1088 1177 quodam

136 1190 280 1230 Codice
296 1190 478 1230 adfirmat
492 1189 738 1229 Baruffaldus
761 1190 800 1227 in
823 1188 1012 1240 opusculo
1027 1199 1087 1240 ap.

139 1253 328 1304 Calogera
350 1257 444 1291 tom.
470 1253 520 1292 26
539 1264 576 1304 p.
603 1251 691 1291 475.

190 1316 265 1367 (24
288 1315 447 1354 Merlini
477 1316 592 1355 Cocai
620 1314 730 1365 Opus
757 1315 1090 1355 Macaronicorum

137 1380 242 1419 notis
271 1379 413 1418 illustr.
431 1378 494 1417 cui
513 1378 680 1417 accessit
701 1377 993 1417 vocabularium
1013 1381 1088 1416 etc.

133 1441 263 1481 Amst.
291 1441 497 1491 (Mantuae)
515 1440 628 1480 4768.
645 1440 707 1480 74.
720 1441 756 1479 2.
771 1439 848 1478 vol.
859 1439 964 1491 4.fig.
976 1440 1088 1492 Bapt.

133 1501 344 1543 Mantuani
359 1503 547 1540 Poemata
559 1502 865 1554 praestantiora
880 1502 1088 1554 praemiii.

134 1564 176 1603 in
197 1563 412 1604 Auctorem
429 1575 511 1603 rer.
533 1568 629 1615 qest.
657 1564 951 1605 Commentaria
981 1566 1026 1615 (a
1052 1567 1092 1604 P.

137 1628 178 1667 F.
193 1628 242 1667 M.
259 1625 444 1676 Soldinio)
472 1626 696 1667 Florentiae
725 1627 839 1668 4783.
871 1629 904 1667 4.
926 1640 959 1667 c.
983 1628 1094 1677 icon.)

186 1689 351 1729 Joannis
372 1689 632 1730 BAPTISTAE
656 1689 702 1729 de
720 1691 822 1730 Vera
846 1690 987 1739 Cruce,
1008 1691 1097 1730 Phi-

134 1752 285 1803 losophi
308 1763 354 1791 ac
374 1752 510 1792 Medici
540 1753 722 1802 Romani,
762 1751 988 1805 Confutatio
1018 1754 1097 1792 He-

138 1813 272 1854 braice
306 1816 464 1866 Sectae,
487 1814 536 1854 de
559 1816 688 1867 priore
711 1827 756 1854 ac
779 1815 955 1855 secundo
981 1816 1098 1856 CHri-

135 1878 187 1916 sti
210 1876 403 1926 adventu,
423 1876 675 1929 Argentorati
692 1878 811 1928 ⁴500,
837 1878 858 1916 4
883 1889 933 1916 ex
946 1878 1091 1917 Hebra-

132 1941 191 1980 ico
214 1940 350 1979 Latine
374 1940 459 1978 sive
479 1939 527 1978 ab
550 1944 709 1980 auctore
727 1940 829 1991 ipso,
851 1941 936 1979 sive
952 1940 1001 1980 ab
1016 1941 1090 1979 alio

133 2013 262 2042 versa.
283 2002 380 2042 Vide
402 2003 498 2041 Rev.
515 2002 647 2041 Wolfii
664 2004 787 2041 nostri
806 2003 1089 2042 Bibliothecam

132 2064 363 2104 Hebraicam
378 2068 472 2103 tom.
489 2065 541 2103 III
562 2076 648 2115 pag.
667 2065 743 2104 353
764 2076 846 2115 seq.
868 2070 908 2104 et
926 2069 1020 2104 tom.
1038 2066 1088 2104 VI

133 2139 220 2179 pag.
245 2126 321 2167 547
345 2138 427 2178 seq.
453 2131 494 2166 et
516 2129 753 2178 Prosperum
776 2127 1024 2167 Mandosium
1038 2129 1088 2168 VI

135 2191 185 2229 90
209 2189 472 2229 Bibliothecae
490 2191 688 2229 Romanae
712 2194 805 2229 tom.
833 2191 866 2230 11
886 2202 971 2242 pag.
993 2190 1056 2230 70.

185 2251 431 2292 BAPTISTA
446 2252 615 2292 Marchio
629 2253 906 2299 PallavicinuS,
931 2254 1093 2304 Episco-

134 2326 210 2368 pus
230 2315 451 2369 Regiensis,
472 2314 576 2354 diem
596 2315 690 2354 obiit
712 2314 827 2354 Anno
853 2316 966 2355 4466.
995 2315 1092 2355 Vide

136 2377 346 2429 Ughellum
369 2381 462 2417 tom.
484 2379 518 2418 ΙΙ
538 2389 624 2429 pag.
642 2378 731 2417 344.
747 2376 846 2428 Ejus
862 2378 994 2419 Oratio
1010 2390 1095 2420 car-

137 2441 244 2478 mine
279 2441 427 2490 scripta
448 2440 619 2491 elegiaco
648 2439 696 2480 ad
722 2440 760 2479 S.
786 2441 946 2479 Mariam
970 2442 1097 2493 Virgi-

139 2512 232 2540 nem
254 2506 386 2540 exstat
399 2502 477 2541 MS.
495 2503 534 2539 in
550 2502 788 2541 Bibliotheca
811 2503 1014 2541 Caesarea.
1033 2504 1097 2542 Vi-

139 2563 188 2602 de
210 2563 464 2602 Lambecium
482 2567 577 2601 tom.
602 2565 636 2602 II
655 2576 743 2616 pag.
769 2564 858 2604 987.
884 2565 1042 2616 Incipit:

192 2640 308 2679 Alma,
331 2641 430 2673 decus
452 2649 624 2681 superum,
647 2643 748 2682 Virgo
769 2644 895 2682 Regina
922 2641 1101 2682 decusque,

235 2693 307 2729 Quo
331 2689 429 2722 datur
449 2689 490 2722 ad
511 2691 636 2722 summi
659 2694 747 2723 tecta
770 2693 928 2723 Tonantis
953 2692 1031 2725 iter.

141 2760 221 2799 Hoc
243 2770 404 2798 carmen
421 2757 526 2809 ejus,
541 2759 694 2809 aliaque
714 2760 845 2806 etiam,
861 2759 964 2797 edita
981 2760 1098 2798 Vien-

147 2832 220 2860 nae
244 2821 283 2859 in
307 2816 372 2859 4.²⁰
395 2819 493 2860 Vide
515 2819 821 2859 Hendreichium
844 2832 880 2870 p.
906 2820 993 2858 447.

201 2883 223 2906 *
243 2884 411 2923 Carmen
436 2881 532 2922 illud
555 2881 604 2921 de
626 2883 667 2920 B.
691 2882 738 2921 M.
763 2882 806 2920 V.

236 2953 329 2986 Alma
350 2953 448 2986 decus
471 2960 628 2994 superum
650 2955 715 2984 eto.

143 3014 275 3052 versio
298 3016 360 3052 est
379 3012 529 3051 italicae
553 3011 771 3051 cantilenae
809 3010 934 3050 editae
958 3023 980 3050 a
1003 3013 1098 3050 Leo-

146 3073 269 3113 nardo
291 3075 510 3123 Iustiniani,
525 3074 588 3112 cui
607 3074 806 3124 ingenium
829 3078 913 3111 crat
936 3072 983 3111 ad
1002 3073 1097 3112 haec

146 3140 292 3178 natura
315 3140 598 3188 comparatum.

198 3207 321 3246 Maria,
344 3208 476 3242 verzine
497 3206 602 3245 bella,

241 3257 356 3291 Schala
377 3257 439 3291 che
466 3255 599 3290 ascendi
622 3255 676 3288 all’
690 3255 755 3288 aito
779 3255 879 3289 Cielo.

148 3322 539 3367 Animadversionem
563 3326 664 3366 hanc
686 3325 807 3366 debeo
825 3325 975 3366 erudito
986 3326 1027 3364 V.
1045 3326 1091 3366 01.

2036 192 2110 233 159

1160 267 1401 308 Lambacher
1435 264 1614 306 Biblioth.
1645 264 1767 315 antiq.
1788 262 1994 303 Vindobon
2018 265 2107 302 civi.

1159 334 1251 369 tom.
1279 332 1319 379 4,
1341 331 1402 368 69.

1210 393 1433 432 Pallavicini
1457 393 1576 431 huius
1598 402 1758 430 carmen
1775 390 2026 441 inscriptum:
2047 390 2112 427 Hi-

1160 456 1280 494 storia
1313 455 1442 494 ssenda
1470 454 1602 493 crucis
1626 457 1662 492 et
1680 452 1836 506 funeris
1867 454 1911 492 D.
1941 454 1985 492 N.
2015 453 2111 491 Jesu

1160 517 1307 557 Christi
1345 517 1395 556 ad
1426 518 1652 567 Eugenium
1687 516 1737 554 IV
1769 514 1912 566 prodiit
1946 515 2111 553 Tarvisii

1160 591 1222 618 an.
1249 581 1350 619 4494
1376 580 1414 617 10
1440 580 1461 617 4
1482 580 1543 617 001
1564 583 1720 628 praeter
1740 579 1908 617 Carmen
1922 576 1970 615 de
1986 581 2112 615 morte

1159 642 1310 681 accedit
1334 643 1371 680 in
1397 642 1474 679 fine
1498 651 1660 680 carmen
1681 639 1776 678 illud
1801 641 1914 678 cuius
1930 639 2113 689 superius

1161 704 1323 743 memini
1346 703 1394 741 de
1418 705 1459 741 B.
1483 704 1530 741 M.
1554 703 1598 741 V.
1624 702 1731 740 Idem
1755 713 1913 740 carmen
1930 701 1978 739 de
1996 712 2113 740 cruce

1161 777 1253 805 cum
1272 766 1358 804 aliis
1381 766 1456 816 piis
1471 765 1680 803 Poematiis
1698 765 1903 802 variorum
1919 775 2113 803 excusum

1162 832 1223 867 est
1255 829 1428 867 Viennae
1452 828 1490 865 in
1514 826 1675 866 Austria
1705 827 1742 864 in
1768 826 1789 864 4
1813 837 1876 864 an.
1912 827 2024 865 4546.
2044 828 2115 865 ite-

1162 901 1331 940 rumque
1371 900 1463 928 cum
1504 889 1590 928 aliis
1637 888 1802 927 aliorum
1848 886 2112 939 Anteverpiae

1163 952 1290 1000 4548,
1322 952 1384 991 42.

1211 1013 1454 1054 BAPTISTA
1471 1011 1718 1067 Monsfeltria
1740 1025 1787 1052 ex
1812 1011 1989 1064 Conjuge
2009 1014 2116 1051 Prin-

1160 1078 1257 1129 cipis
1279 1078 1524 1116 Pisaurensis
1543 1077 1707 1116 Galeatii
1728 1076 1970 1123 Malatestae,
1986 1075 2117 1113 Mona-

1161 1140 1235 1179 cha
1258 1141 1295 1179 S.
1321 1140 1457 1180 Clarae
1477 1140 1525 1179 ab
1540 1138 1585 1179 A.
1609 1139 1711 1179 4445
1731 1143 1910 1177 assumto
1926 1138 2116 1187 Hierony-

1163 1214 1250 1241 mae
1270 1203 1444 1252 nomine,
1469 1202 1562 1241 obiit
1584 1201 1629 1241 A.
1652 1202 1753 1241 4447
1783 1201 1984 1252 scripsitq3
2017 1200 2117 1238 Ora-

1163 1264 1304 1303 tionem
1325 1266 1364 1302 in
1388 1265 1546 1304 laudem
1569 1266 1723 1305 Martini
1747 1265 1777 1303 V
1801 1265 1937 1315 Papae.
1956 1263 2115 1302 Librum

1162 1326 1209 1365 cle
1230 1338 1329 1366 vera
1356 1326 1577 1378 Reliyione,
1607 1329 1807 1378 aliumque
1845 1326 1891 1365 de
1920 1325 2115 1364 humanae

1163 1389 1392 1429 conditionis
1431 1389 1667 1442 frayilitate,
1705 1396 1746 1429 et
1780 1388 1990 1441 Epistolas.
2018 1388 2116 1428 Vide

1163 1451 1433 1503 WVaddingum
1453 1465 1489 1504 p.
1514 1453 1561 1490 46
1582 1464 1665 1503 seq.

1219 1515 1240 1537 *
1262 1516 1370 1554 Hanc
1400 1515 1610 1554 faeminam
1647 1514 1797 1553 laudari
1820 1514 1936 1553 credo
1955 1527 1978 1554 a
2001 1515 2117 1554 Cam-

1167 1589 1268 1630 pano
1287 1577 1394 1617 Orat.
1433 1579 1471 1616 in
1513 1578 1593 1616 sun.
1617 1578 1817 1628 Baptistae
1856 1578 2020 1616 Stortiae
2049 1578 2122 1616 L’r-

1169 1641 1249 1680 bin.
1265 1642 1418 1680 Duciss.
1436 1641 1513 1679 illis
1531 1641 1681 1679 verbis:
1704 1639 1916 1679 proaviam
1932 1639 2016 1678 eius
2039 1652 2122 1678 ma-

1171 1707 1324 1742 ternam
1344 1701 1483 1741 habuit
1500 1702 1722 1753 Baptistam
1745 1714 1799 1741 ea:
1817 1701 1973 1755 familia
1996 1706 2124 1740 ortam

1172 1765 1405 1805 Crbinatum
1406 1765 1635 1818 principum
1646 1765 1834 1805 Gentilem
1847 1765 1882 1803 F
1882 1764 2050 1805 riderici
2060 1797 2068 1804 .
2087 1797 2095 1804 .
2115 1797 2122 1804 .

1168 1827 1520 1868 celebratissimum
1554 1841 1719 1868 suorum
1743 1832 1960 1881 temporum
1987 1828 2126 1881 faemi-

1163 1904 1271 1939 nam,
1298 1891 1412 1931 cuius
1430 1891 1610 1930 doctrina
1629 1895 1747 1944 atque
1767 1891 1985 1943 eloquentia
2001 1891 2126 1930 admi-

1167 1954 1318 1993 rationi
1354 1953 1436 2007 fuit
1455 1954 1574 1993 etiam
1608 1954 1676 2004 iis,
1702 1954 1775 2006 qui
1812 1953 2028 1993 doctissimi
2053 1953 2127 1992 elo-

1165 2017 1453 2069 quentissimiq.
1474 2016 1656 2070 fuerunt,
1677 2020 1723 2055 ut
1741 2021 1888 2056 constet
1905 2028 2040 2056 orasse
2056 2016 2129 2055 ali-

1164 2079 1319 2131 quando
1344 2079 1454 2131 apud
1486 2079 1784 2130 Siqismunclum
1816 2080 2033 2119 Caesarem
2054 2112 2064 2127 ,
2094 2083 2132 2118 et

1163 2141 1384 2192 Euyenium
1401 2144 1499 2181 Pont
1513 2143 1626 2182 Maoe.
1654 2141 1877 2181 incredibili
1895 2154 1984 2180 cum
2003 2140 2130 2180 admi-

1164 2203 1318 2243 ratione
1346 2203 1572 2257 utriusque,
1594 2217 1718 2257 neque
1740 2204 1889 2243 minore
1918 2216 2009 2243 cum
2035 2216 2131 2255 yra-

1167 2267 1240 2317 tia,
1265 2271 1304 2307 et
1323 2267 1531 2320 scripsisse
1566 2279 1642 2306 non
1660 2279 1794 2320 pauca
1832 2267 1878 2306 de
1912 2266 2128 2306 conditione

1166 2330 1285 2379 vitae,
1312 2333 1350 2368 et
1368 2329 1554 2381 reliqz‘one
1578 2329 1645 2368 cui
1665 2333 1806 2381 postea
1843 2328 2037 2368 maaeimis
2070 2341 2134 2368 re—

1170 2392 1272 2432 lictis
1307 2391 1446 2444 opibus
1480 2403 1564 2432 sese
1599 2391 1796 2440 incitavit,
1831 2391 2132 2443 eoeemplumque

1164 2453 1358 2506 praebuit
1383 2453 1491 2506 filiae
1515 2454 1633 2493 etiam
1656 2454 1712 2492 ita
1733 2453 1918 2506 faciendi.
1933 2456 2131 2504 Responsa

1172 2516 1290 2555 etiam
1325 2516 1380 2554 ad
1406 2528 1493 2554 eam
1538 2515 1721 2566 leyuntur
1744 2526 1988 2554 summorum
2011 2514 2130 2553 homi-

1171 2590 1265 2616 num
1283 2577 1330 2616 de
1354 2577 1626 2629 Philosophiae
1653 2576 1964 2624 commentariis,
2002 2580 2040 2615 et
2064 2588 2130 2615 sa—

1172 2640 1253 2679 eris
1268 2638 1534 2691 questionibus
1555 2638 1726 2688 reddita,
1750 2638 1790 2676 in
1813 2637 1958 2689 quibus
1974 2638 2128 2678 nescias

1170 2701 1411 2753 eloquentiae
1429 2714 1476 2740 ne
1489 2700 1584 2753 plus
1614 2700 1790 2739 invenias
1828 2703 1866 2738 et
1898 2699 2100 2739 doctrinae
2114 2733 2125 2749 ,

1168 2763 1368 2816 reliyionis
1387 2763 1504 2802 etiam
1520 2762 1802 2802 sanctimoniae
1828 2763 1906 2810 (sic)
1927 2762 2124 2802 addiscas.

1169 2826 1265 2865 Vide
1302 2830 1342 2864 et
1380 2825 1603 2864 Guinisortii
1633 2825 1797 2863 Barzizii
1829 2825 2047 2875 Epistolam
2076 2826 2125 2864 ad

1170 2888 1444 2927 Constantiam
1465 2888 1660 2926 Varanam
1683 2886 1861 2925 ciusdem
1886 2888 2060 2937 Baptista
2075 2899 2124 2926 ex

1170 2953 1295 2988 matre
1310 2953 1482 2999 neptem.
1497 2960 1533 2999 p.
1547 2950 1560 2986 4
1572 2948 1633 2986 34.
1644 2948 1766 2987 edita
1783 2949 1938 2988 Furieto
1951 2954 2122 2989 curatae.

1222 3010 1467 3050 BAPTISTA
1491 3009 1661 3049 Platina.
1687 3011 1804 3058 infra,
1830 3011 2054 3050 PLATINA.

1222 3073 1467 3112 BAPTISTA
1486 3071 1532 3111 de
1547 3072 1672 3121 Salis,
1693 3074 1778 3111 sive
1801 3072 1847 3111 de
1866 3073 2040 3117 Rosellis.
2062 3076 2123 3114 Li-

1171 3148 1244 3184 gur
1266 3136 1493 3174 Provinciae
1509 3135 1901 3181 Januensis,0rdinis
1916 3137 2121 3185 Minorum,

1172 3199 1328 3249 scripsit
1363 3208 1462 3249 opus
1499 3197 1546 3236 de
1586 3197 1744 3236 casibus
1767 3198 1788 3219 *
1811 3202 1850 3235 et
1872 3199 2044 3237 consiliis
2072 3200 2120 3238 ad

1222 3286 1235 3299 ⁸
1258 3286 1337 3318 Vide
1359 3285 1496 3318 Tobiam
1526 3286 1714 3318 Eckardum
1749 3286 1782 3317 in
1817 3285 1993 3319 codicibus
2032 3289 2125 3320 mstis

1162 3335 1533 3378 Quedlimburgensibus
1556 3344 1630 3377 pag.
1653 3336 1704 3370 ⁶22.
