2500 4009
388 225 467 265 368

383 295 593 335 obtulisset.
623 293 846 346 Optandum
888 291 1006 327 etiam
1036 293 1121 327 erat
1151 294 1194 327 ut
1225 291 1328 328 inter

386 365 443 397 tot
474 360 660 398 lectiones
689 355 872 402 antiquas
914 351 1044 389 nullos
1074 361 1199 389 novos
1227 363 1334 390 erro-

386 432 449 459 res
477 419 760 471 proseminaret
790 413 894 452 Coeli
926 413 1103 461 incuria,
1130 418 1171 453 ut
1195 415 1248 452 ait
1272 415 1336 453 Jo-

386 495 456 521 sua
488 485 632 520 Bai-nes
662 479 697 514 in
729 477 810 514 vita
837 474 1037 526 Euripidis
1065 488 1152 526 pag.
1175 477 1238 514 33.
1262 477 1337 515 Va-

384 545 435 582 let
460 531 588 580 tamen
621 540 681 578 hie
713 536 806 576 illud
827 538 1014 576 Varronis
1031 567 1039 586 ,
1059 549 1147 576 eum
1168 537 1239 589 qui
1257 541 1336 576 tam

384 603 502 642 mulla
550 598 705 638 di'oeerz't
743 597 964 648 commode,
990 599 1124 651 potius
1169 599 1337 639 laudau-

381 666 485 711 ‹lum,
511 674 631 714 quam
655 661 692 700 δι’
710 660 907 712 quaedam
934 661 1182 713 iynoraverit
1197 673 1337 713 pecca-

378 726 558 776 remique
575 757 584 772 ,
609 724 762 762 acriter
787 723 1151 774 reprehendendum
1174 728 1210 763 et
1238 737 1338 764 esca—

374 787 604 839 pilanslum.
637 788 729 826 Sive
755 791 799 825 ut
822 787 1032 826 Horatius:

431 876 490 907 rbi
515 875 609 914 plui-n
634 876 743 906 nitent
768 876 801 905 in
829 876 998 914 carmine,
1023 884 1090 908 non
1113 884 1174 916 ego
1196 878 1311 917 paucis

433 924 594 956 offendar
618 925 754 963 maculis
773 948 781 963 ,
804 932 887 964 quas
910 929 968 956 aut
995 927 1128 958 incuria
1152 926 1259 965 fudit,

434 978 501 1005 Aut
524 974 671 1005 humana
695 982 813 1013 parum
838 975 927 1005 cavit
949 978 1070 1006 natura
1087 998 1096 1007 .
1121 998 1131 1007 .
1155 999 1164 1007 .

379 1044 488 1083 Coeli
519 1043 721 1093 Rhodigini
752 1040 924 1092 adaqia,
955 1053 1057 1092 quae
1101 1044 1139 1080 in
1184 1043 1335 1094 sylloge

374 1116 521 1156 magna
550 1105 778 1155 adagiorum
810 1105 846 1141 in
879 1104 985 1143 locos
1014 1115 1250 1143 communes
1279 1105 1338 1143 di-

377 1173 577 1217 gestorum
623 1167 810 1218 leguntur
851 1168 1001 1205 Hanov.
1048 1166 1174 1215 4647,
1207 1167 1336 1215 4643,

374 1231 440 1268 fol.
465 1242 514 1268 ex
538 1229 624 1279 ejus
654 1229 829 1279 antiquis
860 1229 1098 1268 lectionibus
1127 1228 1334 1279 depromta

372 1297 481 1330 sunt.
516 1292 622 1329 ldem
657 1291 871 1330 dicendum
914 1290 962 1330 de
1006 1291 1107 1330 uotis
1138 1291 1178 1329 in
1207 1292 1336 1329 Hora-

377 1354 496 1393 tium.
531 1353 730 1404 Epistulas
768 1353 999 1402 Ciceronis,
1042 1352 1177 1392 Ovidii
1214 1354 1335 1393 Meta-

378 1415 604 1467 morphosim
627 1421 701 1454 etc.

430 1480 484 1516 1)(ι
514 1478 732 1529 Rhodigino
761 1477 921 1517 videndi
946 1479 1085 1517 Jovius
1109 1482 1149 1516 et
1169 1477 1335 1516 Thoma-

378 1542 491 1579 sinus
522 1541 559 1578 in
589 1541 751 1590 elogiis,
782 1540 964 1579 Nicolaus
999 1540 1227 1578 Comnenus
1265 1541 1334 1578 Pa-

373 1603 554 1654 padopoli
578 1603 674 1641 Ilist.
700 1602 906 1652 Gymnasii
932 1603 1109 1639 Patavini
1136 1613 1219 1652 pag.
1242 1602 1330 1639 ⁶296.

379 1678 461 1716 seq.
483 1665 656 1703 Jacobus
681 1663 857 1702 Gaddius
887 1663 934 1701 de
966 1664 1224 1714 scriptoribus
1254 1675 1331 1702 non

376 1728 669 1766 ]·2celesiastieis
687 1756 694 1773 ‚
715 1726 916 1763 Baltliasar
936 1725 1161 1764 Bonifacins
1190 1727 1274 1764 XV.
1298 1726 1318 1763 4

375 1791 519 1828 Hister.
543 1788 716 1827 ludicrae
738 1789 823 1837 (qui
842 1788 953 1838 plura
976 1789 1093 1825 etiam
1115 1787 1264 1825 dixisse
1289 1798 1332 1825 se

372 1856 547 1890 testatur
562 1852 598 1888 in
620 1851 755 1901 elogiis
771 1850 986 1888 illustrium
1005 1849 1328 1900 Rhodiginorum,

374 1914 510 1952 ‹lubito
539 1925 587 1951 an
619 1912 784 1961 editisl:
815 1911 1020 1962 Adolphus
1059 1911 1328 1951 Clarmundus

372 1977 459 2013 sive
489 1975 712 2025 Rudigerus
733 1975 770 2012 in
792 1975 887 2012 vitis
907 1975 1121 2012 Doctorum
1145 1975 1328 2012 Virorum

373 2038 491 2075 editis
520 2037 755 2075 Germanice
785 2041 879 2074 tom.
910 2037 1003 2084 vll,
1034 2047 1122 2086 pag.
1146 2036 1209 2074 64.
1231 2037 1328 2074 Pau-

374 2100 435 2137 lus
457 2099 651 2136 Freherus
681 2100 717 2135 in
749 2098 918 2135 Theatro
936 2127 943 2145 ‚
958 2098 1003 2135 G.
1023 2097 1207 2135 Matthias
1230 2099 1329 2135 Koe-

374 2162 505 2209 nigius
531 2161 567 2196 in
590 2160 685 2197 Bibl.
712 2159 883 2197 Thomas
906 2158 1150 2209 Popeblount
1174 2159 1211 2195 in
1237 2169 1329 2196 cen—

374 2233 467 2259 sura
497 2220 725 2265 dec-torum.¹
757 2220 850 2257 Adr.
881 2221 1073 2258 Bailletus
1103 2221 1140 2256 in
1168 2218 1327 2268 judiciis

373 2284 520 2320 lialliee
541 2282 669 2326 editis.
694 2283 859 2319 Lexicon
883 2281 1129 2319 eruditorum
1152 2281 1329 2330 Lipsien-

375 2357 442 2390 se.
473 2349 512 2381 et
542 2344 587 2381 ad
619 2344 760 2382 Tobiae
804 2344 934 2394 Magiri
971 2343 1324 2393 liponymologium

375 2418 459 2456 pag.
491 2406 592 2454 706,
623 2417 705 2455 seq.
739 2406 905 2444 illustris
947 2406 1200 2445 Christianus
1233 2404 1328 2442 Wil-

378 2469 535 2506 helmus
563 2468 783 2518 Eybenius.

428 2529 659 2581 Raclulphus
697 2529 742 2568 (le
781 2529 1115 2569 COGGESHALF.
1147 2527 1326 2579 Anglus,

379 2593 508 2631 Abbas
538 2593 863 2642 Cistereiensiss‚
889 2593 1057 2642 scriptor
1085 2590 1329 2628 additionum

378 2654 431 2691 ad
447 2653 666 2693 Chronicon
681 2654 928 2693 RADULPllI
950 2654 1083 2692 NIGRI
1097 2651 1142 2691 de
1159 2650 1328 2702 Reqibus

376 2716 539 2767 Anqliae
581 2720 619 2754 et
646 2715 866 2764 Franciae,
899 2717 984 2753 sive
1013 2715 1329 2754 Continuationis

377 2780 424 2817 ab
453 2780 525 2817 An.
550 2780 650 2818 llll
672 2778 719 2817 ad
746 2779 844 2817 4228
875 2789 993 2828 quam
1021 2777 1177 2815 obviam
1199 2781 1239 2814 et
1264 2776 1331 2814 ho-

379 2840 506 2884 ‹li‹·,in
537 2841 697 2889 Angliae
728 2840 1003 2886 Bibliothecis,
1026 2844 1065 2876 et
1094 2850 1183 2877 eum
1214 2839 1329 2888 Nigro

380 2903 494 2940 edere
519 2903 643 2940 voluit
661 2903 802 2940 Baleus
819 2903 980 2940 (lentur.
999 2902 1088 2940 Xlll
1109 2933 1116 2949 ‚
1134 2913 1218 2951 pag.
1240 2900 1327 2940 470.

382 2964 463 3001 Alia
494 2963 603 3014 ejus.
626 2963 694 3001 sed
719 2964 851 3001 itidem
879 2963 1024 3002 inedita
1056 2968 1211 3014 praeter
1240 2965 1332 3002 Ser-

384 3038 511 3064 mones
552 3027 679 3064 Pitseo
717 3037 802 3076 pag.
844 3026 931 3064 302.
967 3031 1206 3064 memoratos
1237 3030 1332 3065 sunt

386 3087 599 3125 (flu-osacen
622 3091 755 3126 terrae
779 3091 940 3126 sanctae
965 3092 1001 3126 et
1021 3088 1231 3139 Speculum
1256 3088 1334 3127 Cu-

386 3153 576 3187 rator-mn.
610 3150 703 3187 Vide
733 3150 932 3189 Oudinum
956 3155 1048 3188 tom.
1074 3152 1122 3189 Ill
1144 3182 1150 3200 ‚
1173 3162 1257 3201 pag.
1283 3151 1332 3188 95

387 3221 466 3256 seq.
498 3210 702 3262 lz'.1:positi0
733 3224 851 3262 quam
897 3222 1016 3263 super
1045 3211 1334 3263 aenusmatibus

387 3269 563 3308 (ludinus
592 3278 730 3319 vocat.
757 3274 893 3312 eadem
926 3274 1085 3312 videtur
1114 3286 1202 3312 esse
1232 3287 1333 3324 quae

392 3332 515 3368 l'itseo
545 3330 641 3369 liber
671 3346 788 3384 super
817 3334 1053 3385 quibusdam
1081 3335 1311 3374 visiomhus.

1127 217 1627 259 COGGESHALE

1461 291 1481 314 ³*
1498 291 1754 343 Anglieanam
1780 295 1867 334 eius
1891 296 2101 335 Historiam
2124 297 2303 348 vulgavit
2325 297 2365 336 P.

1409 354 1584 393 Martene
1609 355 1694 394 Vet.
1719 357 1817 395 Mon.
1843 362 1871 396 t.
1895 359 1970 410 VI,
1995 370 2081 410 pag.
2106 360 2195 398 804.
2228 359 2369 410 Incipit

1411 415 1459 454 ab
1483 427 1545 455 an.
1573 418 1676 456 4066
1701 418 1847 458 desinit
1873 421 1909 458 in
1935 432 1996 460 an.
2021 421 2121 460 4200
2146 423 2208 460 cui
2232 422 2368 461 statim

1410 478 1623 519 adiunctus
1658 485 1744 520 erat
1784 483 1822 519 in
1862 483 1939 521 MS.
1973 483 2113 523 Codice
2137 484 2239 523 etin
2264 483 2368 524 edito

1405 542 1552 591 parit-er
1565 542 1775 582 exhibetur
1790 543 1990 593 eiusdem,
2015 549 2059 583 ut
2078 546 2276 596 creditur,
2301 557 2369 585 au-

1410 602 1537 642 thoris
1568 602 1724 644 libellus
1754 605 1800 644 (le
1829 604 1999 645 motibus
2027 607 2271 658 auylz‘cam's,
2301 608 2370 659 qui

1409 677 1500 704 cum
1518 677 1580 704 an.
1596 667 1698 706 4216
1716 668 1947 708 absolvitur.
1957 670 2135 720 Denique
2152 672 2238 710 eius
2249 669 2370 711 Chro-

1409 728 1524 766 nicon
1559 729 1706 767 Terrae
1735 731 1904 769 Sanctae
1930 731 2075 782 prodiit
2104 732 2245 772 ibidem
2282 744 2368 784 pag.

1419 792 1506 828 548.
1538 790 1770 830 Additiones
1800 804 1894 830 vero
1918 792 1967 831 ad
1987 793 2208 832 Chronicon
2228 794 2372 834 Radul—

1415 852 1481 903 phi
1511 852 1621 903 Nigri
1643 883 1651 902 ,
1673 853 1788 903 plane
1807 853 1988 892 diversas
2015 865 2104 893 esse
2132 855 2180 894 ab
2203 857 2372 896 Historia

1414 915 1632 965 Anglicana
1677 915 1789 953 facile
1824 915 1966 964 cred03
1999 927 2090 955 curn
2131 917 2370 958 additionem

1412 977 1512 1015 hanc
1542 978 1724 1028 coepisse
1748 976 1796 1014 ab
1825 975 1870 1015 Α.
1903 978 2004 1016 4444
2041 981 2081 1016 et
2122 977 2287 1018 desiisse
2322 978 2370 1019 A.

1418 1040 1522 1078 4228
1539 1039 1692 1090 Angliei
1711 1040 1930 1089 Scriptores
1964 1040 2173 1079 affirment.
2188 1041 2370 1080 Nondum

1411 1101 1654 1152 prodierunt.

1468 1164 1752 1203 COGITOSUS
1767 1164 1933 1214 scriptor
1950 1163 2057 1203 Vitae
2070 1164 2110 1204 S.
2131 1163 2322 1216 Briyittae
2336 1165 2369 1216 a)

1411 1227 1485 1265 alio
1511 1226 1669 1275 indicio,
1693 1228 1783 1277 quis
1799 1227 1941 1275 fuerit,
1966 1226 2074 1265 nullo
2093 1226 2260 1266 lectores
2275 1237 2370 1266 suos

1409 1288 1565 1337 docuit,
1591 1290 1664 1327 nisi
1691 1289 1794 1340 quod
1811 1287 2040 1328 valedicens
2064 1288 2140 1327 illis
2164 1290 2242 1328 ait:
2270 1289 2371 1328 Ora-

1413 1355 1447 1389 te
1464 1363 1541 1403 pro
1570 1363 1630 1389 me
1669 1351 1846 1402 Coqitoso
1863 1383 1873 1400 ,
1903 1353 2036 1403 nepote
2059 1349 2257 1403 culpabili.
2288 1353 2370 1391 Bri-

1410 1415 1530 1465 gittae
1550 1418 1733 1464 nepotem
1754 1413 1843 1452 inde
1860 1413 2021 1464 quidam
2038 1415 2227 1465 suspicati
2248 1418 2368 1464 sunt,

1408 1476 1583 1527 adeoque
1608 1488 1684 1514 non
1716 1477 1829 1527 longe
1853 1475 2099 1526 disjunctum
2124 1475 2173 1515 ab
2195 1475 2283 1527 ejus
2305 1487 2369 1516 ae-

1408 1543 1504 1587 tate⁷
1525 1550 1625 1589 quae
1650 1540 1752 1577 circa
1772 1538 1933 1577 Annum
1952 1538 2027 1578 523
2053 1538 2158 1576 obiit.
2179 1539 2277 1577 Rem
2294 1538 2367 1578 sibi

1406 1601 1613 1652 gloriosam
1639 1612 1714 1639 non
1742 1601 1918 1639 siluisset·
1947 1600 2184 1651 CogitosuS‚
2209 1599 2279 1639 sed
2308 1599 2367 1638 di-

1407 1664 1553 1702 sertius
1574 1664 1777 1714 professus
1798 1663 1958 1711 fuisset,
1980 1661 2085 1713 quod
2106 1662 2217 1701 facile
2237 1673 2369 1701 acere-

1408 1724 1456 1763 do
1481 1726 1525 1764 V.
1551 1727 1592 1765 C.
1615 1725 1760 1764 Jacobo
1775 1725 1988 1775 Basnagio‚
2006 1725 2116 1763 illum
2134 1725 2366 1775 scriptorem

1408 1787 1536 1825 multo
1563 1788 1821 1825 recentiorem
1844 1787 2090 1825 existimanti
2113 1790 2208 1825 tom.
2234 1787 2274 1831 Ι,
2297 1787 2371 1826 Ca-

1404 1850 1477 1887 nis.
1505 1849 1594 1887 lect.
1630 1860 1717 1899 pag.
1759 1849 1846 1888 445.
1886 1848 2101 1897 Fortasse,
2127 1849 2256 1898 inquit
2275 1859 2365 1899 pag.

1404 1912 1491 1949 699.
1523 1910 1718 1956 Vossius,
1744 1908 1790 1949 ob
1819 1908 2125 1949 adolescentiam
2155 1908 2366 1949 luoeuriose

1404 1976 1654 2013 transactam
1674 1973 1911 2024 culpabilem
1941 1983 1982 2011 se
2011 1976 2196 2024 nepotem
2225 1975 2365 2022 vocat,

1403 2036 1465 2073 uti
1482 2034 1675 2073 Horatius
1699 2033 1809 2072 dioeit
1829 2034 2068 2072 discinctum
2090 2037 2276 2086 nepotem
2300 2035 2364 2075 IV.

1400 2099 1453 2137 32
1477 2096 1582 2147 epod.
1606 2095 1709 2134 umle
1732 2094 1841 2147 apud
1862 2096 2049 2134 Senecam
2071 2096 2112 2134 L.
2130 2094 2198 2134 ult.
2223 2095 2270 2134 de
2300 2094 2363 2134 be-

1404 2158 1511 2209 nefic.
1535 2161 1572 2195 et
1589 2156 1876 2195 Tertullianum
1899 2167 1982 2208 cap.
2005 2157 2070 2196 46.
2091 2155 2278 2208 apoloyet.
2296 2168 2364 2196 ne-

1403 2221 1526 2271 potari
1552 2219 1764 2267 de'cuntur,
1789 2218 1860 2270 qui
1879 2229 1956 2257 sua
1980 2216 2178 2257 inutiliter
2194 2217 2364 2272 profun-

1402 2281 1509 2319 dunt.
1535 2282 1622 2319 Vita
1648 2281 1834 2331 Brigittae
1865 2280 1970 2319 edita
1999 2281 2171 2330 primum
2197 2292 2218 2320 a
2247 2281 2364 2320 Cani-

1401 2345 1477 2391 sio,
1504 2347 1547 2381 ut
1565 2342 1645 2380 dixi
1673 2353 1791 2393 supra
1812 2353 1897 2393 pag.
1915 2342 2004 2380 260.
2023 2341 2165 2381 deinde
2189 2353 2211 2381 a
2231 2343 2362 2392 Surio,

1401 2409 1440 2442 et
1466 2406 1502 2442 in
1536 2405 1709 2442 Thomae
1733 2403 2013 2454 Messinghami
2038 2403 2226 2455 florilegio
2251 2405 2365 2444 Insu—

1402 2468 1459 2505 lae
1485 2468 1722 2505 Sanctorum
1741 2466 1948 2505 Hiberniae
1970 2477 2056 2517 pag.
2079 2466 2155 2505 492
2180 2470 2220 2505 et
2244 2468 2283 2505 in
2299 2467 2366 2505 Jo-

1401 2530 1514 2567 annis
1529 2529 1689 2579 Colgani
1714 2528 1838 2566 triade
1861 2528 2166 2580 thavmaturga,
2190 2532 2230 2566 et
2252 2528 2363 2568 Actis

1402 2592 1636 2629 Sanctorum
1662 2591 1885 2639 Hiberniae,
1910 2590 2083 2641 denique
2107 2591 2147 2629 in
2170 2590 2362 2629 Johannis

1404 2652 1580 2691 Bollandi
1604 2651 1716 2691 Actis
1741 2653 1978 2692 Sanctorum
2007 2652 2056 2691 ad
2082 2653 2117 2691 4.
2141 2651 2251 2691 Febr.
2275 2663 2360 2704 pag.

1407 2716 1497 2753 625.

1458 2778 1598 2816 Petrus
1607 2775 1834 2829 Apollonius
1851 2775 2141 2825 COLLATIUS⁷
2151 2776 2236 2815 sive
2247 2775 2362 2816 COL-

1406 2838 1648 2889 LATINUS,
1674 2850 1793 2889 supra
1812 2868 1820 2886 ‚
1842 2850 1927 2889 pag.
1955 2838 2043 2878 424.

1459 2900 1711 2953 Pandulphus
1729 2900 2077 2940 COLLENUCIUS
2094 2900 2356 2948 pisaurensis,

1403 2966 1525 3003 JGtus
1549 2967 1590 3001 et
1612 2964 1753 3002 Orator
1778 2964 1932 3014 ingenio
1955 2964 2104 3014 peracri
2128 2952 2246 3013 atque
2270 2973 2359 3002 eru-

1460 3096 1492 3135 a)
1518 3096 1710 3128 Hiberniam
1733 3099 1814 3126 tunc
1837 3095 1965 3133 signari
1992 3094 2123 3126 solitam
2146 3095 2275 3125 scotiae
2301 3101 2364 3126 no·-

1400 3149 1488 3177 mine
1505 3171 1513 3185 ,
1537 3146 1769 3186 pervulgatum
1805 3147 1867 3174 est.
1908 3144 2055 3176 Isidorus
2090 3144 2281 3182 Hispanus,
2305 3146 2362 3184 qui

1405 3205 1471 3227 non
1498 3199 1555 3229 (liu
1579 3202 1653 3236 post
1676 3196 1849 3233 Brigitlam
1882 3195 2042 3232 scripsit,
2064 3193 2127 3224 lib.
2147 3193 2228 3224 le.
2252 3194 2363 3232 Origi-

1401 3254 1481 3277 nuin
1498 3254 1572 3285 cap.
1587 3246 1618 3276 (5.
1635 3244 1758 3277 scotia
1782 3243 1903 3274 eadem
1927 3245 1959 3272 et
1984 3241 2177 3281 Hibernia,
2190 3242 2361 3281 proaeima

1404 3296 1597 3327 Bicanniae
1634 3293 1756 3325 insula
1789 3292 1908 3332 spatio
1945 3295 2123 3323 terrarum
2146 3292 2360 3333 anau-etim,

1402 3345 1463 3375 secl
1484 3345 1556 3375 situ
1580 3343 1800 3383 foecundior.
