2500 4009
420 289 470 327 20
1185 284 1189 288 ’
1285 280 1332 320 Ji
1355 278 1383 319 N
1407 280 1438 319 1⁴:
1461 279 1491 319 A
1514 282 1538 318 S

474 355 657 395 ,ENEAs
679 353 855 404 Sylvius.
881 351 927 387 ab
953 350 1064 386 Anno
1101 348 1196 386 ¹4:30
1218 353 1258 395 a)
1291 349 1381 398 Epi-

417 428 561 466 scopus
583 416 770 454 Senensis
789 442 795 447 .
817 414 851 446 rt
877 421 965 446 mox
1008 408 1250 449 Cardinalis,
1291 408 1380 446 inde

417 478 520 514 inter
544 475 750 514 Pontifices
786 472 981 508 Romanos
1001 470 1131 508 clarus
1165 470 1240 508 sul)
1262 469 1325 507 Pii
1341 469 1385 506 ΙΙ

420 534 576 573 nomine
596 534 643 572 ab
663 533 775 570 Anno
804 530 901 568 1458
927 530 1025 580 Aug.
1046 532 1092 569 19
1112 530 1130 551 *ἓ
1145 530 1193 581 3(1
1213 531 1312 569 1464
1333 531 1379 569 14

419 597 516 645 Aug.
533 606 608 644 quo
625 593 728 629 diem
749 591 840 628 obiit
864 602 1108 641 supremum.
1125 592 1180 628 De
1202 591 1305 628 illius
1327 592 1383 628 in—

420 657 532 700 genio
567 658 603 690 et
631 653 789 702 scriptis
809 664 949 702 operae
986 654 1157 702 pretium
1182 657 1243 690 est
1277 651 1383 690 adire

419 716 608 753 Ioannem
632 713 850 752 Antonium
870 714 1120 763 Campanum
1139 714 1233 751 libro
1250 718 1289 751 et
1305 715 1385 764 epi-

420 775 517 812 stola
539 775 675 824 prima.
697 775 955 823 Eloquentiae
976 780 1181 824 praecepta
1207 780 1247 812 et
1271 786 1384 812 exer-

417 835 642 872 citationem
661 834 790 873 hausit
813 847 833 872 a
849 836 1056 873 Franciseo
1073 835 1250 873 Pliilelfo.
1266 835 1382 885 cujus

420 895 552 934 itidem
561 896 760 945 Epistolae
770 896 1033 934 consulendae
1044 898 1183 934 XXVI.
1195 899 1206 935 I
1220 898 1376 944 xxm,

426 957 435 994 1
460 962 495 994 et
514 953 673 1005 XXVII,
691 957 752 994 22.
765 958 892 1007 Opera
908 956 1055 995 AEneae
1073 958 1196 1008 Sylvii
1209 957 1377 1007 junctim

419 1016 521 1055 edita
544 1018 717 1055 Basileae
741 1018 783 1061 b)
820 1017 910 1056 1:37¹
941 1019 1000 1056 fol.
1019 1019 1226 1067 diligenter
1246 1030 1380 1057 recen—

422 1083 560 1116 sentur
584 1078 632 1116 ab
662 1079 827 1116 llenrieo
860 1079 1077 1117 Warthono
1099 1081 1134 1117 in
1166 1080 1379 1130 appendice

423 1140 471 1177 ad
491 1140 591 1178 Guil.
617 1139 736 1177 Cavei
762 1141 970 1178 llistoriam
994 1142 1250 1178 Litterariam.
1274 1141 1380 1179 Idem

423 1205 459 1237 et
486 1200 534 1237 de
554 1200 639 1238 aliis
654 1200 890 1250 quibusdam
910 1203 961 1238 Pii
980 1202 1023 1238 II.
1046 1200 1383 1240 lucubrationibus

424 1266 629 1308 memorat,
654 1272 755 1310 quae
781 1263 816 1299 in
839 1262 1032 1311 Operibus
1052 1260 1127 1299 illis
1151 1271 1226 1298 non
1249 1262 1385 1312 legun-

424 1328 498 1360 tur.
516 1322 614 1372 Ejus
633 1323 851 1374 observatis
876 1333 997 1372 pauca
1014 1322 1108 1360 haec
1131 1322 1265 1370 habeo⁷
1282 1335 1381 1372 quae

423 1382 647 1433 adjungam.
686 1382 862 1421 Historia
900 1394 1036 1421 rerum
1073 1383 1274 1422 Friderici
1306 1385 1379 1422 III.

424 1443 700 1493 Imperatoris.
737 1445 1033 1494 praemissaque
1057 1446 1090 1482 ei
1111 1444 1299 1484 Auso-iae
1334 1457 1381 1484 ac

429 1505 594 1542 Viennae
617 1504 845 1556 descriptio:
869 1517 960 1544 cum
982 1507 1196 1555 specimine
1221 1511 1383 1545 annota-

424 1567 574 1604 tionum
598 1568 760 1605 Joannis
782 1567 936 1606 llenriei
960 1568 1149 1616 Boecleri7
1174 1569 1301 1607 lucem
1325 1571 1383 1607 vi-

423 1626 480 1664 dit
503 1632 666 1665 curante
685 1630 835 1667 Ioanne
853 1629 1017 1677 Georgio
1033 1630 1219 1680 Kulpisio‚
1235 1630 1384 1680 Argen—

425 1689 537 1725 torati
552 1689 564 1726 1
576 1689 651 1727 (385
662 1689 722 1726 fol.
733 1689 955 1738 subjunctis
965 1692 1084 1729 variis
1099 1692 1383 1741 Diplomatibus

425 1752 464 1784 et
486 1749 758 1798 Docunientis,
781 1752 1021 1800 integrisque
1042 1753 1207 1791 aliorum
1229 1753 1383 1801 scriptis

425 1809 471 1846 ad
498 1811 704 1849 Historiam
726 1812 999 1850 Germanicam
1024 1813 1266 1851 facientibus.
1289 1812 1384 1850 Vide

423 1869 521 1908 Acta
541 1871 794 1910 Eruditorum
817 1878 908 1910 tom.
932 1874 962 1911 II
984 1874 1280 1923 ‚supplementi
1296 1884 1380 1923 pag.

426 1930 576 1969 73-81.
595 1932 655 1968 W.
681 1932 726 1970 E.
749 1934 936 1972 'l'entzelii
958 1934 1136 1985 Dialogos
1156 1938 1384 1972 menstruos

425 1990 551 2029 editos
569 1991 801 2032 Germanice
821 1995 895 2032 An.
918 1996 1018 2034 1694
1042 2007 1127 2046 pag.
1165 1996 1238 2034 100
1274 2006 1382 2045 seqq.

425 2052 623 2090 Historiae
642 2053 882 2093 Austriacae
898 2068 996 2106 opus
1017 2057 1290 2106 imperfectum
1306 2058 1383 2095 MS.

425 2112 571 2162 duplex
592 2111 840 2164 ἀυτόχαφον,
861 2128 937 2154 non
960 2116 1207 2155 mediocriter
1227 2118 1328 2155 inter
1344 2128 1385 2155 so

420 2172 649 2224 discrepans
668 2179 816 2215 servari
847 2180 883 2214 in
923 2177 1160 2216 Bibliotheca
1193 2178 1385 2216 Caesarea

428 2238 598 2273 testatur
622 2237 853 2276 Lamheeius
888 2242 980 2276 tom.
1003 2239 1035 2277 II
1053 2267 1061 2285 ,
1082 2250 1166 2289 pag.
1202 2238 1290 2277 972.
1323 2239 1383 2276 Ex

429 2293 565 2332 iisdem
587 2295 805 2336 Annalibus
837 2299 1054 2337 Austriacis
1088 2300 1215 2337 locum
1240 2299 1384 2348 profert

428 2365 512 2404 pag.
551 2357 624 2394 473
669 2358 892 2398 Orationem
928 2359 1123 2398 adversus
1161 2357 1384 2398 Ausci-iales

428 2414 501 2452 An.
528 2417 625 2455 1452
650 2418 822 2458 habitam
852 2421 1070 2468 Medi01ani.
1106 2421 1281 2471 vulgavit
1309 2420 1386 2457 ela-

429 2477 610 2516 rissimus
629 2480 864 2520 Muratorius
901 2487 993 2520 tom.
1021 2483 1051 2520 II
1094 2481 1383 2520 Anecdotorum

429 2538 652 2577 Latinorum
689 2552 772 2590 pag.
805 2543 871 2581 421
895 2541 1013 2580 -176,
1048 2543 1248 2581 Mediolani
1285 2543 1385 2581 1698

430 2597 504 2634 tto.
530 2598 637 2637 Idem
672 2601 767 2640 allas
800 2602 936 2640 decem
957 2604 1162 2642 Orationes
1195 2607 1385 2641 memorat

431 2669 513 2707 pag.
541 2660 615 2698 185
635 2671 851 2712 earumque
884 2669 1116 2713 argumenta
1140 2667 1179 2701 et
1201 2664 1305 2701 initia
1327 2674 1385 2700 rc-

431 2719 515 2755 fert.
555 2720 807 2772 Pentalossum
828 2723 874 2762 (Ie
893 2723 1016 2764 'rebus
1035 2724 1234 2763 Ecclesiae
1254 2727 1290 2762 el
1308 2724 1384 2760 Im-

425 2780 533 2828 perii
552 2810 558 2826 ⁷
582 2783 618 2818 in
639 2795 717 2832 quo
739 2785 1018 2835 colloquuntur
1038 2788 1233 2836 quinque,
1255 2784 1385 2823 Fride-

431 2841 535 2878 ricus
570 2843 619 2880 III
640 2872 647 2886 ,
670 2844 843 2884 nondum
882 2848 1044 2885 XXVIII
1084 2858 1208 2885 annos
1247 2850 1381 2893 natus,

430 2900 592 2950 :linc-as,
617 2904 766 2954 Caspar
795 2907 949 2946 Selilick
970 2908 1150 2946 Frideriei
1183 2906 1383 2947 Cancella-

486 3005 529 3043 n)
552 3006 704 3046 ughellus
728 3012 819 3041 Tom.
842 3012 898 3042 111.
922 3011 1035 3042 Italiae
1059 3013 1175 3042 Sacrae
1198 3018 1271 3050 pag.
1289 3010 1362 3040 574.

487 3055 498 3066 ⁸
531 3057 608 3088 Vide
634 3058 756 3089 Grinis.
781 3062 915 3092 Barzizii
945 3062 1106 3100 Epistolus
1140 3059 1193 3090 114
1219 3068 1288 3099 seq.
1318 3058 1374 3089 ubi

430 3112 514 3135 novo
531 3107 651 3138 Pontis.
676 3109 874 3147 gratulatur,
891 3114 924 3141 ct
946 3111 1116 3142 historiam
1134 3110 1310 3141 creationis
1328 3110 1375 3139 Pii

429 3154 454 3181 ΙΙ
477 3155 507 3184 in
526 3155 627 3188 celeb.
647 3161 696 3188 Jo.
716 3159 790 3188 Ger.
807 3159 1004 3190 Meuschenii
1022 3157 1225 3190 ccriinoniali
1244 3157 1380 3188 electio—

435 3203 485 3230 nis*
508 3208 538 3233 et
557 3208 784 3239 coronationis
806 3208 975 3240 pontificis
996 3210 1087 3238 Rom.
1112 3206 1263 3238 Francos.
1284 3206 1377 3243 1751,

431 3248 448 3278 4
466 3272 474 3285 ,
493 3251 569 3289 411,
587 3254 658 3285 421,

490 3299 533 3338 b)
556 3304 643 3333 Itane
666 3306 845 3338 editionem
868 3310 1025 3344 tanquam
1052 3305 1308 3336 emendatiorem
1335 3314 1385 3336 sc-

429 3352 485 3389 qui
510 3359 542 3381 se
565 3354 734 3390 profitetur
761 3357 924 3394 Launojus
951 3354 971 3384 I'.
995 3354 1065 3386 3256.
1090 3355 1193 3390 Epist.
1217 3359 1247 3385 et
1273 3354 1362 3384 alibi.

1453 350 1554 397 rius⁷
1577 351 1799 400 Sylvester‚
1825 356 1863 389 et
1888 351 2138 392 Nicodemus:
2179 351 2285 392 dedit
2319 353 2411 392 Ber-

1454 411 1601 450 nardus
1640 413 1713 450 Pez
1746 418 1851 451 tomo
1883 414 1932 452 IV
1967 413 2158 452 Thesauri
2192 412 2413 453 Anecdoto-

1454 481 1541 510 rum
1563 477 1671 522 parte
1693 474 1742 511 III
1773 485 1858 524 pag.
1881 474 1955 512 639
1970 474 2090 512 -71-4.
2112 475 2219 512 Inter
2237 474 2312 513 alia
2324 484 2411 525 pag.

1456 534 1530 571 680
1549 534 1689 572 suadet
1705 533 1868 578 AEneaS,
1889 538 1934 572 ut
1951 546 2104 586 semper
2121 534 2337 575 Concilium
2355 534 2414 573 in-

1456 596 1531 632 stet
1556 593 1729 645 aliquod,
1768 604 1835 632 nec
1869 605 1991 632 unum
2026 595 2289 643 dissolvatur,
2318 606 2415 647 qum

1456 654 1568 694 aliud
1585 655 1639 693 ad
1661 655 1988 706 quinquennium,
2011 655 2074 695 vel
2099 656 2328 696 decennium
2356 656 2415 694 in-

1457 716 1626 754 dicatur.
1650 717 1828 767 Namque
1852 714 2069 756 Concilium
2092 716 2266 756 timentes
2289 718 2419 755 Ponti-

1455 777 1548 826 fices
1566 776 1732 815 Romani
1744 776 1869 826 maqis
1889 774 2098 825 cavebunt,
2121 780 2156 814 ec
2177 776 2417 826 praesertim.

1455 848 1544 875 cum
1570 835 1744 877 Concilio
1763 847 1907 888 maqna
1922 840 2103 887 eaeparte
2119 836 2228 875 intra
2252 836 2417 875 Germa-

1453 898 1517 936 nia
1524 910 1559 936 m
1567 898 1660 949 sieri
1667 901 1845 948 oporteat
1856 901 2021 949 propter
2042 896 2272 936 libertatem.
2280 900 2417 938 Novis-

1452 961 1550 998 sime
1575 959 1793 999 Historiam
1815 959 2029 998 Gothorum
2052 959 2101 998 ad
2124 960 2338 998 Iohannem
2369 959 2418 998 de

1452 1022 1657 1071 (jai-vagial
1675 1052 1683 1069 ,
1703 1020 1953 1059 Cardinalem
1976 1022 2204 1070 Diaconum,
2229 1022 2414 1072 scriptam

1454 1083 1501 1120 al)
1524 1082 1647 1120 AEnea
1671 1083 1837 1120 Senensi
1860 1082 2072 1131 Episcopo,
2107 1086 2147 1120 et
2172 1082 2210 1119 in
2233 1083 2419 1132 tempori—

1455 1144 1529 1182 bus
1555 1144 1770 1181 Justiniaui
1808 1142 2057 1181 desinentem
2095 1141 2218 1180 edidit
2249 1143 2422 1181 Ioannes

1455 1204 1620 1243 Carolus
1634 1203 2118 1251 Newonus,F1-aneofurti
2136 1202 2236 1242 1730
2254 1199 2320 1241 t.²⁰
2342 1204 2423 1242 Ex—

1455 1270 1534 1305 stat
1554 1267 1672 1303 etiam
1693 1265 1813 1303 editio
1833 1265 2011 1315 Operum
2035 1263 2185 1303 AEncae
2206 1264 2331 1314 Sylvii
2355 1275 2423 1303 cu-

1455 1332 1538 1366 rata
1562 1325 1814 1373 Ilelmstadii,
1839 1330 1878 1364 et
1898 1325 2052 1365 duobus
2085 1325 2353 1364 voluminibus
2384 1327 2421 1364 in

1454 1392 1594 1438 quarto
1614 1388 1687 1426 An.
1725 1386 1950 1426 16961700
1977 1388 2013 1423 in
2042 1387 2171 1425 lucem
2206 1385 2297 1424 data
2333 1391 2423 1436 post

1454 1450 1642 1499 Casparis
1666 1448 1841 1495 Corberi,
1872 1447 2060 1498 praeclari
2088 1447 2163 1484 viri
2196 1451 2236 1485 et
2274 1447 2426 1485 Profes-

1455 1511 1553 1548 soris
1585 1509 1940 1556 llelmstadionsis,
1974 1507 2127 1546 obitum
2151 1508 2236 1545 aD.
2273 1508 2424 1546 Joanne

1456 1571 1606 1609 Adamo
1633 1570 1851 1619 Schmidio‚
1885 1570 1953 1619 qui
1986 1569 2104 1607 etiam
2131 1567 2422 1609 praefationem

1457 1632 1504 1670 de
1528 1632 1676 1670 AEneae
1699 1632 1780 1669 vita
1805 1631 2042 1681 scriptisque
2065 1629 2113 1676 c)
2143 1629 2358 1678 praemisit.
2382 1629 2425 1667 ln

1457 1694 1521 1732 illa
1553 1692 1858 1731 IIelmstadiensi
1886 1691 2056 1729 editione
2088 1692 2336 1728 occurrunt.-
2372 1691 2386 1728 1
2414 1690 2424 1738 )

1458 1752 1780 1804 Cosmoqraplu'a7
1802 1753 1845 1801 2)
1866 1751 2045 1791 Historia
2063 1749 2293 1799 Bohemica,
2319 1750 2362 1799 3)
2384 1750 2424 1789 in

1457 1814 1667 1852 Antonium
1683 1813 1954 1852 Panormitam
1968 1812 2014 1852 de
2030 1810 2144 1851 dictis
2164 1814 2202 1850 et
2228 1809 2347 1862 factis
2359 1809 2427 1848 Al—

1444 1875 1588 1926 plzonsi
1615 1876 1811 1925 Sapientis
1846 1875 1891 1923 4.)
1917 1873 1963 1913 cle
1986 1877 2097 1913 statu
2128 1873 2319 1923 Europae
2350 1872 2424 1911 sub

1457 1936 1660 1975 Friderico
1692 1936 1766 1974 III.
1804 1946 1931 1986 usque
1954 1934 2002 1974 ad
2038 1934 2200 1974 Annum
2246 1933 2347 1972 1458
2373 1933 2423 1973 ad

1457 1997 1673 2036 Antonium
1693 1996 1940 2037 Cardinalem
1960 1995 2213 2034 Ilerdensem.
2236 1997 2261 2034 5
2281 1994 2291 2043 )
2311 1993 2426 2033 Libri

1459 2058 1525 2096 III
1542 2058 1588 2096 cle
1613 2057 1783 2098 Concilio
1814 2055 2042 2095 Basileensi.
2083 2060 2124 2094 et
2157 2056 2205 2104 6)
2237 2055 2413 2105 Epicome

1458 2118 1657 2157 Decaclum
1672 2117 1821 2156 Blondi.
1837 2119 1939 2156 Haec
1958 2117 2091 2155 omnia
2111 2117 2228 2155 etiam
2247 2117 2362 2155 obvia
2383 2118 2421 2154 in

1459 2179 1628 2217 editione
1651 2180 1825 2228 Operum
1845 2179 1993 2217 AEneae
2011 2178 2250 2225 Basileensi,
2267 2181 2424 2227 praeter

1460 2240 1601 2278 librum
1625 2239 1673 2277 de
1697 2242 1803 2276 statu
1825 2239 2005 2288 Europae.
2029 2237 2104 2276 sub
2129 2238 2330 2276 Friderico
2353 2238 2418 2276 ΙΙΙ,

1459 2312 1577 2350 quem
1614 2298 1789 2338 ediderat
1820 2298 2016 2337 Freherus
2051 2302 2157 2337 tomo
2211 2298 2244 2336 ΙΙ
2287 2309 2420 2338 rerum

1458 2361 1800 2407 Germanicarum,
1826 2361 1863 2397 in
1886 2371 1964 2409 quo
1997 2360 2117 2398 etlam
2141 2360 2314 2398 occurrit
2337 2357 2422 2409 eju-

1460 2420 1570 2459 sdem
1608 2420 1743 2458 Oratio
1775 2418 2045 2470 (fraudatorio,
2065 2418 2121 2458 ad
2146 2417 2415 2470 Alphonswm,

1460 2485 1601 2532 Reqem
1635 2481 1811 2529 Siciliae,
1833 2491 1955 2531 super
1992 2478 2193 2520 Conuubio
2217 2478 2422 2518 Friderici

1460 2547 1497 2582 ec
1516 2545 1712 2582 Leonorae
1736 2541 1808 2581 An.
1831 2542 1932 2581 1458
1952 2545 1992 2580 et
2007 2541 2130 2580 altera
2147 2550 2225 2591 pro
2242 2539 2419 2593 Corona·

1459 2606 1557 2643 tione
1581 2603 1780 2642 Friclerici
1800 2603 1866 2641 III
1885 2602 1932 2641 ad
1963 2602 2166 2643 Nicolaum
2181 2601 2214 2640 V
2236 2610 2325 2639 eum
2348 2611 2419 2650 pe—

1458 2666 1587 2704 titione
1614 2677 1687 2716 pro
1718 2663 1888 2705 Concilio
1912 2661 2108 2714 qenerali3
2139 2662 2339 2710 tertiaque
2367 2660 2414 2699 ad

1457 2727 1627 2766 eundem
1642 2727 1861 2776 Nicolaum,
1881 2727 1927 2763 ut
1938 2721 2191 2762 Fridericum
2207 2720 2248 2760 iu
2268 2720 2413 2759 Turcos

1452 2787 1685 2837 passaqium
1700 2789 1910 2837 parantem
1932 2783 2126 2834 adjuvare
2145 2780 2249 2821 velit.

1509 2849 1618 2888 Adde
1639 2848 1742 2899 quod
1770 2847 1885 2886 Anno
1906 2846 2000 2885 1441
2025 2844 2178 2883 Poetiea
2198 2841 2328 2881 laurea
2351 2852 2413 2879 or-

1457 2915 1572 2949 natus
1603 2911 1672 2949 fuit
1702 2911 1723 2947 a
1747 2908 1942 2948 Friderico
1972 2907 2228 2955 Imperatore,
2249 2904 2293 2939 ut
2319 2911 2414 2940 con-

1454 2976 1531 3009 stat
1554 2982 1602 3009 ex
1626 2970 1836 3021 diplomate
1864 2967 1966 3018 quod
1987 2967 2118 3004 exstat
2136 2960 2238 3013 apud
2258 2962 2409 3001 clariss.

1453 3032 1720 3070 Menckenium
1746 3034 1839 3067 tom.
1858 3029 1880 3066 3
1904 3027 2088 3077 scriptor.
2109 3023 2158 3062 de
2178 3022 2297 3062 rebus
2313 3022 2411 3061 Ger-

1454 3105 1555 3131 man.
1594 3103 1679 3142 pag.
1710 3091 1811 3128 2039
1847 3089 1960 3126 I'Iura
1995 3086 2078 3135 ipse
2105 3083 2154 3122 de
2187 3093 2232 3121 se
2259 3081 2407 3120 AEneas

1454 3155 1514 3192 lib.
1544 3152 1722 3202 i‚13pist.
1749 3150 1824 3189 188
1841 3159 1924 3198 pag.
1950 3145 2047 3194 756,
2065 3157 2147 3195 seq.
2168 3145 2266 3193 Opp.
2283 3146 2323 3181 et
2341 3142 2406 3179 Jo-

1455 3226 1574 3253 amics
1597 3210 1895 3258 GOBELINUS,
1917 3208 1965 3247 de
1984 3218 2061 3257 quo
2082 3206 2196 3252 infra,
2220 3214 2290 3242 suo
2310 3203 2393 3241 loco

1507 3354 1547 3392 e)
1573 3350 1706 3386 Journal
1723 3351 1781 3383 der
1798 3353 1869 3383 sav.
1896 3345 1973 3380 1708
1990 3345 2123 3379 octobr.
2149 3351 2221 3383 pag.
2245 3341 2285 3373 55
2312 3349 2382 3381 seq.
