2500 4009
442 266 507 290 OQ!

435 313 1378 366 lingoniaml.11;„·‹lt11·‹=i=so111.atquoaiibi:r.=siqiio

433 381 563 418 Codex
596 378 750 416 sarculo
774 381 913 412 octavo
947 375 1133 424 scriptus„
1170 376 1203 421 a)
1238 375 1275 412 in
1301 385 1378 424 quo

434 443 618 480 formulae
650 437 1029 488 supei-scriptionum
1051 441 1090 473 et
1121 435 1378 486 subscriptio-

434 516 523 540 num
544 502 715 557 unihus
735 499 944 537 l‘ontilices
974 499 1138 536 Romani
1164 499 1202 535 in
1223 499 1378 548 Episto-

432 567 476 602 iis
506 564 604 600 soliti
627 567 717 599 sunt
743 562 795 599 uti
818 592 824 600 .
856 560 1070 598 electiones
1099 564 1150 597 et-
1168 559 1379 598 ordinatio-

430 636 498 661 nes
521 622 751 660 vinniacum
777 626 817 658 et
837 620 1197 660 suburbicariarum
1218 622 1379 672 Episco-

426 697 582 736 porum.
616 689 652 721 et
689 694 952 734 quaecunque
984 684 1031 722 ad
1067 694 1226 722 omnem
1266 684 1375 722 illum

426 754 540 784 ritum
560 750 757 796 spectant:
779 757 850 784 nec
873 757 949 783 non
968 746 1233 796 professiones
1256 745 1374 794 Fidei,

426 809 642 854 privilegia.
663 808 951 846 Concessiones
968 813 1007 844 ct
1026 808 1247 857 Praecepta.
1264 808 1375 846 llunc

421 883 467 908 ex·
490 870 631 909 Codice
657 874 946 919 nongentorum
986 880 1181 908 annorum
1215 869 1374 919 Collegii

421 932 710 971 Claromontani
741 932 825 969 Soc.
860 932 938 968 JeS.
970 931 1202 969 Parisiensis
1231 931 1374 969 collato

419 994 640 1045 apographo
678 993 832 1032 Codicis
866 994 1029 1031 Romani
1061 993 1214 1043 primus
1252 992 1374 1031 edidit

418 1056 587 1094 Joannes
610 1055 853 1098 Garnerius.
878 1056 965 1093 Soc.
986 1056 1064 1093 Jes.
1090 1056 1246 1110 Parisiis
1270 1056 1370 1094 1680

423 1120 456 1156 i.
480 1119 503 1155 h
540 1118 683 1156 additis
703 1117 869 1156 eruditis
884 1118 1000 1166 notis,
1021 1128 1065 1155 ac
1082 1122 1284 1168 praeterea
1306 1119 1374 1155 tri-

421 1182 494 1219 bus
518 1180 876 1221 dissertationibus,
901 1190 1071 1229 quarum
1097 1180 1223 1229 prima
1252 1180 1373 1218 refert

421 1243 574 1286 [110105.
594 1243 738 1292 quibus
759 1244 794 1280 in
816 1242 1086 1292 Epistolarum
1109 1242 1373 1292 inscriptioni-

419 1305 492 1342 bus
518 1306 575 1342 usi
601 1309 696 1343 sunt
728 1305 937 1343 Pontifices
965 1304 1123 1343 saeculo
1144 1304 1206 1342 IV.
1237 1304 1282 1342 V.
1307 1304 1370 1343 vi.

420 1367 806 1405 x‘11.i'111.‹2t1x.1n
821 1366 996 1405 secunda
1013 1365 1173 1404 disserit
1187 1366 1236 1404 de
1251 1377 1372 1405 causa

418 1430 570 1467 Honorii
598 1431 737 1479 Papae,
759 1441 879 1479 quem
902 1432 1055 1480 negata
1078 1428 1237 1479 Synodo
1257 1433 1372 1468 sexta

416 1492 642 1541 perculsum
680 1491 963 1541 anathemate,
997 1491 1100 1541 quod
1139 1493 1296 1530 unicam
1332 1492 1371 1529 in

416 1555 577 1592 (Iilristo
598 1554 845 1592 voluntatem
875 1564 966 1592 cum
1002 1553 1280 1592 Monotheletis
1305 1552 1373 1591 do-

415 1616 563 1653 cuisset
582 1646 589 1664 ,
615 1615 682 1653 sed
706 1620 862 1654 tantum
883 1615 987 1666 quod
1008 1615 1243 1654 docentibus
1267 1615 1372 1653 fave-

418 1678 489 1714 rit.
510 1677 754 1728 docendique
779 1679 1116 1729 opportunitatem
1143 1676 1371 1727 suppedita-

418 1740 530 1776 verit.
550 1741 680 1777 Tertia
698 1739 869 1790 denique
891 1739 939 1777 de
960 1750 1036 1778 usu
1070 1739 1175 1790 pallii
1206 1739 1373 1777 Patriar-

415 1800 540 1838 cli-alis
562 1811 652 1839 eum
684 1802 888 1852 Episcopis
921 1803 1213 1840 communicato
1264 1802 1372 1839 lianc

417 1862 593 1900 Garnerii
615 1863 827 1902 editionem
844 1863 976 1902 recudi
995 1875 1121 1914 nuper
1135 1863 1370 1902 curavitVir

417 1925 522 1962 Juris
560 1925 894 1964 Consultissimus
928 1924 1182 1965 Christianus
1212 1922 1371 1976 Goclfri-

417 1985 490 2024 dus
506 1987 764 2037 Hoffmannus
786 1989 823 2025 in
845 1999 947 2026 nova
964 1989 1202 2038 scriptorum
1223 1998 1268 2025 ac
1287 1997 1369 2025 mo-

418 2053 700 2087 numentorum
739 2049 1003 2096 Collectione⁷
1038 2053 1144 2086 tomo
1169 2047 1368 2095 secundo,

420 2109 569 2158 Lipsiae
590 2110 688 2146 4733
709 2110 743 2146 4.
760 2110 884 2147 Libris
899 2109 1370 2158 proiiibitisadscriptum,

419 2180 464 2206 cx
487 2170 658 2207 Danielis
690 2170 938 2220 Papebrochii
970 2171 1143 2220 apologia
1174 2169 1371 2208 adversus

420 2230 695 2268 sobasuanum
726 2244 746 2269 a
777 2232 893 2269 l‘aulo
923 2232 1177 2269 Carmeliiam
1217 2231 1369 2269 articul.

422 2292 521 2329 xiv.
544 2293 691 2329 notavit
713 2294 741 2339 cl
767 2293 828 2330 W.
853 2295 894 2331 E.
911 2294 1151 2331 'I‘entzelius
1169 2292 1274 2342 quod
1303 2294 1372 2330 mi-

423 2364 497 2390 nus
519 2355 659 2391 mirum
677 2359 750 2390 est.
772 2366 861 2392 cum
885 2354 1002 2392 editio
1022 2366 1140 2404 quam
1161 2365 1207 2392 ex
1231 2354 1371 2392 Codice

422 2415 592 2451 nomano
616 2416 737 2453 Lucas
769 2416 994 2454 llolstenius
1024 2417 1095 2454 An.
1121 2417 1232 2455 i660.
1261 2416 1373 2454 ador-

423 2480 609 2519 naverat,
642 2477 755 2526 plane
788 2479 838 2514 sit
879 2488 1103 2528 suppressa.
1145 2478 1372 2528 Stephanus

422 2536 603 2575 llaluzius
630 2540 732 2575 notis
763 2539 809 2577 ad
842 2538 1059 2578 Antonium
1101 2539 1368 2590 Augustinum

419 2597 466 2633 d.-
491 2599 766 2638 emendatione
790 2601 968 2639 Gratiani
991 2613 1075 2651 pag.
1101 2603 1185 2640 433.
1208 2599 1370 2640 Librum

418 2660 604 2698 diurnum
626 2673 699 2698 non
732 2665 875 2700 emtare
891 2661 1062 2714 putabat
1077 2663 1270 2703 Antonius
1290 2663 1369 2703 Au-

415 2722 608 2768 ·qustinus.
634 2723 665 2759 Ῑῖ
669 2726 682 2759 t
702 2726 829 2761 tamen
851 2725 937 2775 ejus
962 2724 1213 2776 ememplaria
1235 2726 1370 2764 etiam-

420 2794 507 2819 num
524 2789 748 2834 supersunt)
765 2796 887 2823 unum
907 2786 1053 2824 Romae
1071 2787 1110 2824 in
1131 2785 1367 2825 Bibliotheca

426 2846 626 2887 i'atirmm,
651 2845 818 2885 alterum
859 2849 1030 2887 Lutetiae
1060 2850 1098 2886 in
1131 2848 1369 2889 Bibliotheca

420 2905 580 2957 t'olleyii
614 2907 911 2947 flammantum
932 2910 1137 2949 Societatis
1172 2913 1292 2961 lesu,
1315 2924 1369 2950 et:

420 2979 492 3016 quo
517 2967 692 3006 nonnulli
724 2970 804 3008 viri
830 2971 1046 3010 elarissimi
1075 2973 1371 3025 descripserunt

423 3043 457 3064 ιιι
476 3042 565 3068 sitos
589 3044 696 3071 usus.
718 3033 836 3070 Immo
854 3033 917 3071 rit·
933 3034 1180 3074 clarissimus
1199 3037 1370 3076 loannes

478 3170 507 3192 a>
529 3165 704 3197 Garnerlus
722 3168 754 3197 in
775 3166 912 3204 praefat.
928 3172 957 3198 et
976 3169 1102 3200 caveus
1119 3169 1196 3201 hist.
1221 3169 1270 3201 lit.
1289 3172 1317 3200 S.
1338 3171 1373 3201 F..

420 3213 546 3241 Annum
569 3213 639 3245 714.

478 3259 506 3288 b·
538 3264 669 3295 Journal
687 3266 741 3296 des
761 3269 902 3298 scavans
925 3271 946 3297 Λ
984 3267 1062 3299 loeo
1081 3277 1155 3308 pag.
1180 3269 1231 3301 57.

481 3309 575 3387 (ἢθη
608 3312 747 3353 din‘ogis
772 3317 956 3347 vernaculis
994 3320 1171 3349 menstruis
1207 3322 1266 3351 An.
1296 3319 1372 3352 ¹698

422 3367 494 3398 pag.
523 3381 537 3387 ..
563 3360 590 3388 7.

1261 242 1586 281 iilliitNUs

1454 313 1655 364 Launojas
1692 313 1804 352 ‹uiud
1837 314 2048 366 exemplar
2084 313 2260 364 viderat,
2293 314 2328 364 a)
2365 319 2410 354 ut

1454 374 1534 426 ipse
1555 378 1724 413 testatur
1746 375 1785 413 in
1812 375 2089 414 dissertatione
2117 375 2164 414 de
2194 374 2346 415 Lazari
2371 380 2409 414 et

1452 434 1710 486 Maydalenae
1732 436 1771 474 iu
1792 437 2042 475 Provinciam
2056 436 2226 490 appulsu
2239 448 2324 489 cap.
2343 438 2405 476 io.

1452 496 1647 537 observat.
1668 498 1728 537 iO.
1748 498 1968 537 Laudatum
1990 510 2104 549 porro
2118 500 2315 538 Romanae
2333 499 2409 538 Ec-

1451 559 1594 597 clesiae
1616 561 1807 599 Diurnum
1825 590 1834 607 ‚
1856 559 1998 611 inquit,
2022 561 2089 610 qui
2115 560 2249 600 videre
2271 561 2407 600 volue-

1451 622 1513 668 rit,
1534 621 1639 672 apud
1661 632 1729 659 cos
1757 620 1918 668 videbit,
1942 621 1990 660 ad
2010 633 2110 672 quos
2137 623 2288 674 integra
2319 633 2409 674 per-

1451 683 1562 720 venit
1585 683 1711 721 Caroli
1735 682 1974 732 ittonttzlialli,
1990 683 2183 723 Tolosatis
2202 683 2407 736 Archiepi-

1451 745 1556 794 scopi
1576 773 1584 789 ‚
1605 744 1856 783 Bibliotheca.
1883 744 2113 784 Vaticanum
2133 745 2313 786 ediderat
2339 746 2408 786 Vir

1450 806 1496 843 (te
1519 805 1756 856 antiquitate
1783 805 2062 845 Ecclesiastico
2082 807 2222 858 optime
2242 808 2408 848 meritus

1450 868 1579 906 Lucas
1602 866 1829 907 Holstenius
1853 879 1956 906 anuo
1978 868 2165 908 MDCLX.
2184 870 2407 923 prioraque

1450 932 1487 966 et
1497 932 1704 980 postrema
1722 928 1821 982 folia
1836 929 2006 969 miserat
2018 929 2072 968 ad
2093 929 2409 971 illustrissimum

1454 992 1587 1030 Virum
1615 993 1776 1031 Petrum
1796 991 1842 1031 de
1864 993 2006 1032 Marca
2021 1024 2032 1042 ,
2057 991 2410 1045 Archiepiscopum

1448 1065 1493 1092 ea
1516 1058 1741 1105 tempestate
1763 1053 2014 1104 Tolosanum,
2039 1066 2060 1093 e
2082 1052 2196 1105 cujus
2219 1053 2405 1094 manibus

1447 1115 1516 1154 illa
1539 1116 1797 1168 recuperavit
1815 1115 1972 1156 Coelius
1988 1115 2282 1166 Picolomineus,
2299 1117 2408 1157 Nun-

1446 1178 1531 1218 cius
1553 1182 1634 1217 tum
1659 1177 1904 1230 Apostolieae
1926 1178 2040 1219 Sedis
2063 1178 2105 1218 in
2125 1178 2258 1219 Gallia
2271 1211 2282 1228 ,
2303 1191 2407 1220 nunc

1444 1252 1538 1280 vero
1562 1240 1894 1280 eminentissimus
1917 1240 2158 1281 Caramalis.
2176 1242 2404 1294 suppressa

1446 1307 1578 1342 autem
1594 1303 1727 1342 statim
1743 1307 1802 1343 est
1815 1302 1931 1342 editio
1951 1303 2021 1343 illa
2037 1303 2185 1342 Diurni
2194 1335 2205 1353 ,
2225 1304 2262 1354 h)
2275 1303 2406 1343 nescio

1447 1377 1569 1417 quam
1589 1364 1635 1403 ob
1660 1377 1838 1405 causam.
1872 1365 2080 1405 Fortassis
2103 1365 2201 1417 quia
2225 1365 2265 1404 in
2297 1364 2406 1404 initio

1447 1427 1611 1466 nimium
1627 1426 1751 1466 multa
1766 1427 1877 1466 circa
1892 1426 2115 1466 electionem
2123 1427 2292 1467 Romani
2304 1429 2405 1467 Pon—

1448 1489 1561 1540 tifieis
1590 1488 1824 1528 tribuuntur
1853 1489 2099 1541 Imperatori
2118 1493 2156 1529 et
2184 1488 2405 1529 Eoearchae

1446 1550 1556 1602 apud
1573 1553 1802 1591 Ravennam
1822 1551 2092 1591 commoranti.
2106 1552 2309 1591 Johannes
2327 1553 2406 1592 Ma-

1446 1614 1632 1653 billonius
1659 1615 1696 1652 in
1724 1615 1863 1653 itinere
1892 1614 2026 1653 Italico
2060 1625 2146 1666 pag.
2176 1612 2239 1652 77.
2270 1617 2405 1653 narrat

1447 1676 1682 1715 llilarionem
1714 1676 1933 1715 Rancatum
1954 1706 1962 1725 ,
1982 1676 2289 1715 Cisterciensem
2307 1705 2316 1724 ‚
2338 1674 2407 1714 ho-

1449 1739 1595 1775 minem
1618 1737 1843 1776 studiosum
1863 1741 1904 1776 et
1923 1736 2123 1776 eruditum
2137 1767 2145 1787 ,
2160 1737 2226 1787 qui
2255 1736 2406 1788 Ughelli

1446 1803 1678 1850 praeceptor
1701 1799 1855 1847 fuerat,
1877 1798 2062 1838 habuisse
2100 1800 2311 1849 antiquum
2340 1799 2406 1838 Di-

1444 1862 1533 1900 urni
1557 1861 1789 1912 exemplar,
1824 1860 1929 1910 quod
1958 1858 2129 1900 Allatius
2153 1859 2403 1900 commodato

1444 1935 1536 1962 cum
1557 1924 1797 1974 accepisset,
1824 1933 1901 1961 una
1940 1927 2055 1961 nocte
2082 1922 2338 1974 exscripserit
2365 1926 2406 1960 et

1442 1989 1579 2036 postea
1596 1985 1795 2036 publicare
1816 1985 1987 2024 voluerit
2003 2015 2012 2032 ‚
2031 1988 2071 2024 at
2093 1985 2400 2036 impressionem

1443 2047 1679 2097 prohibitam
1695 2046 1830 2085 fuisse.
1852 2046 1962 2084 Idem
1979 2046 2226 2085 Mabillonius
2247 2050 2341 2086 tom.
2365 2047 2401 2086 1.

1447 2109 1573 2146 musei
1594 2108 1715 2146 Italici
1740 2119 1825 2159 pag.
1853 2109 1915 2146 35.
1952 2111 2126 2146 testatus
2161 2117 2398 2146 concessum

1445 2169 1515 2207 sibi
1528 2179 1646 2207 usum
1663 2170 1928 2208 vetustissimi
1947 2169 2049 2209 illius
2065 2179 2260 2208 annorum
2276 2169 2402 2207 octin-

1445 2233 1654 2279 gentorum
1686 2230 1925 2280 exemplaris
1948 2231 2151 2278 Vaticani,
2185 2240 2233 2268 ex
2260 2229 2399 2269 eodem

1446 2292 1528 2330 loca
1551 2291 1745 2342 quaedam
1771 2291 2016 2342 supplendae
2052 2291 2214 2331 editioni
2252 2292 2403 2332 Garne—

1447 2354 1590 2401 rianae7
1625 2358 1666 2391 et
1702 2353 1840 2392 Varias
1873 2353 2079 2392 Lectiones
2118 2352 2247 2392 eidem
2267 2364 2402 2393 emen-

1444 2414 1596 2452 dandae
1620 2425 1710 2465 pag.
1742 2414 1883 2454 32-37.
1917 2415 2147 2466 publicavit,
2187 2414 2403 2466 subjuncta

1446 2477 1526 2514 vita
1547 2476 1731 2515 Hadriani
1753 2476 1965 2527 Pontificis,
1987 2478 2025 2515 in
2047 2488 2126 2527 qua
2150 2477 2341 2516 formulae
2360 2478 2398 2516 in

1445 2539 1592 2576 Diurno
1633 2539 1728 2577 libro
1766 2540 2060 2590 praescriptae,
2084 2542 2201 2590 prout
2224 2549 2247 2578 a
2273 2540 2405 2578 Ponti-

1447 2600 1518 2638 tice
1546 2605 1760 2651 usurpatae
1781 2605 1897 2649 sunt,
1913 2600 2141 2639 referuntur
2161 2610 2248 2652 pag.
2269 2600 2403 2640 38-44.

1496 2661 1517 2683 '⁸‘
1530 2662 1780 2712 Quamquam
1798 2663 1870 2700 viri
1888 2662 2024 2713 plures
2040 2661 2259 2700 doctissimi
2277 2662 2404 2712 inqui-

1443 2724 1585 2761 sitione
1610 2723 1915 2773 diligentissima
1951 2724 2133 2762 instituta
2161 2723 2403 2773 investigare

1442 2786 1572 2823 conati
1609 2790 1705 2824 sunt
1728 2789 1928 2834 aetatem,
1963 2796 2042 2836 qua
2067 2785 2165 2824 liber
2197 2785 2403 2824 confectus

1496 2926 1530 2966 a)
1554 2929 1703 2960 Meminit
1725 2928 1874 2969 ejusdem
1896 2929 2066 2969 Launojus
2087 2928 2122 2959 in
2147 2927 2335 2959 assertione
2356 2926 2411 2957 in-

1436 2978 1628 3016 quisitionis
1651 2979 1687 3009 in
1704 2978 1857 3011 chartam
1885 2978 2116 3010 immunitatis
2138 2979 2173 3008 B.
2200 2975 2354 3008 Germani
2372 2983 2407 3014 ρ.

1498 3076 1534 3115 b)
1560 3079 1833 3118 suppressionem
1869 3076 1961 3108 iiiam
1983 3083 2002 3108 a
2026 3075 2214 3108 curialibus
2241 3073 2408 3114 magistris

1438 3130 1470 3156 et
1493 3127 1755 3166 inquisitoribus
1779 3126 1901 3158 taciem
1916 3118 2073 3156 Romanis
2087 3147 2098 3163 ‚
2122 3127 2237 3164 utpote
2251 3130 2318 3154 non
2330 3122 2407 3155 ino-

1437 3176 1478 3206 ‹lo
1492 3179 1652 3215 tanquam
1673 3178 1830 3217 injustam
1847 3179 1880 3206 et
1896 3175 2084 3213 cognitioni
2101 3173 2322 3213 Antiquitatis
2339 3173 2407 3204 Ec-

1437 3224 1642 3256 clesiasticae
1660 3227 1920 3265 inopportunam
1933 3247 1943 3261 ‚
1959 3221 2016 3254 sed
2031 3220 2307 3255 contumeliosam
2317 3229 2407 3261 quo-

1437 3282 1500 3312 que
1525 3276 1557 3305 in
1582 3276 1778 3307 Pontificem
1804 3278 1836 3305 et
1858 3271 2042 3304 Ecclesiam
2069 3273 2275 3309 Romanam,
2303 3273 2405 3303 variis

1438 3323 1660 3361 epistolarum
1676 3324 1758 3355 locis
1773 3324 1921 3363 exagitat
1938 3321 2109 3361 Launojus
2125 3344 2134 3359 ,
2158 3327 2244 3360 quae
2266 3328 2408 3369 conges-

1438 3374 1479 3402 sit
1501 3372 1653 3404 laudatus
1678 3371 1865 3404 'rentzelius
1889 3375 1968 3402 tom.
1990 3370 2000 3400 Ι
2021 3377 2128 3402 exerc.
2146 3369 2258 3414 select.
2281 3378 2314 3410 p.
2328 3369 2405 3402 553.
