2500 3841
898 213 1223 254 CONCHIS

72 288 177 328 bitus
198 288 278 340 suit
293 287 344 326 ab
364 287 500 325 ultimo
526 290 696 337 tempore
723 287 939 335 witterici,
954 300 1031 339 per

69 357 246 401 tempora
288 348 538 388 Guiulemari
549 380 560 397 ,
596 347 797 388 Sisebuthi
811 381 822 398 ‚
859 349 1032 389 Svinthl—

68 413 174 458 iani‚
204 409 420 450 Siseuaudi
446 414 484 449 et
512 409 706 450 Cinthilae
736 413 896 461 Reyum.

121 472 340 512 Guilelmus
354 472 400 511 de
417 472 632 512 CONCHIS
643 472 867 523 Waddingo
884 485 920 523 p.
941 475 1028 512 151.

65 534 331 574 Bibliothecae
355 533 448 572 Ord.
478 534 673 572 Minorum
699 534 801 572 male
831 533 877 572 de
907 535 1029 574 COM-

65 597 171 645 BIS,
201 596 457 635 Ebroicensis
492 597 774 644 Normannus,
811 608 932 646 quem
961 608 1031 646 per

66 659 282 696 triennium
303 658 462 696 Parisiis
482 657 637 696 audivit
660 658 835 696 Joannes
856 658 1031 696 Sarishe-

70 720 238 767 riensis,
276 723 321 757 ut
359 719 443 769 ipse
481 719 602 757 refert
639 719 704 757 lib.
742 719 778 758 2.
813 719 1031 769 Metalogici

67 792 152 831 cap.
185 781 247 820 10.
284 780 395 818 Idem
430 780 494 818 lib.
529 781 564 818 1.
593 791 677 831 cap.
718 782 753 819 5.
786 780 1030 819 Guilelmum

66 843 174 881 hunc
190 872 198 891 ,
217 842 535 880 Grammaticum
558 847 648 892 post
670 842 917 881 Bernardum
935 842 1031 880 Car-

65 909 275 943 notensem
297 903 636 955 opulentissimum
651 905 834 954 appellat.
854 905 946 942 Fuit
961 914 1031 941 au-

65 971 148 1005 tem
176 966 439 1016 Philosophus
463 977 622 1016 quoque
646 971 687 1004 et
711 965 935 1015 Theologus
955 994 962 1011 ‚
988 968 1031 1002 ut

65 1032 176 1079 patet
199 1039 249 1066 ex
273 1027 363 1078 ejus
392 1028 641 1078 Philosophia
671 1029 824 1065 minore
848 1031 888 1065 et
913 1025 1033 1075 majo-

67 1102 110 1128 re
127 1120 136 1138 ,
161 1102 208 1129 ex
234 1102 312 1140 qua
335 1090 461 1129 multa
481 1090 717 1128 Vincentius
737 1089 1031 1127 Bellovacensis

65 1154 106 1190 in
130 1152 293 1203 speculo
315 1152 484 1191 naturali
506 1152 571 1190 lib.
590 1153 623 1190 ΙΙ
644 1156 685 1189 ct
708 1152 770 1189 lib.
799 1151 942 1189 XXIV.
967 1149 1029 1187 57.

67 1226 154 1265 seq.
183 1219 224 1252 et
246 1215 369 1253 XXV.
403 1215 464 1253 12.
496 1214 560 1252 29.
590 1214 632 1252 31
670 1217 744 1251 etc.
778 1210 1030 1263 Philosophia

65 1276 195 1314 minor
231 1276 417 1314 Guilelmi
455 1275 530 1314 sub
572 1275 687 1312 titulo
731 1271 906 1324 διδάξειαν
946 1275 1031 1310 sive

66 1341 239 1389 quatuor
259 1336 454 1376 librorum
474 1336 519 1374 de
541 1335 740 1374 elementis
756 1334 1029 1387 Philosophiae

65 1400 208 1450 prodiit
231 1401 334 1438 inter
357 1399 485 1437 Bedae
506 1410 624 1449 opera
648 1403 742 1436 tom.
765 1399 818 1446 ΙΙ,
841 1409 927 1447 pag.
951 1397 1027 1436 296

66 1465 112 1500 ut
121 1459 203 1510 jam
225 1462 360 1499 notavi
377 1472 510 1510 supra.
526 1459 673 1499 Prodiit
688 1461 807 1498 etiam
827 1459 901 1498 sub
925 1462 1025 1496 tem-

63 1534 141 1574 pus
185 1524 388 1561 nascentis
423 1522 725 1573 Typographiae
772 1518 1026 1571 Philosophia

67 1583 153 1635 ejus
181 1583 312 1635 major
332 1584 380 1622 de
406 1584 562 1622 naturiS
592 1584 878 1622 Creaturarum
909 1592 1028 1632 supe-

65 1647 214 1685 riorum
235 1651 275 1684 et
296 1646 522 1684 inferiorum
543 1674 551 1693 ‚
574 1646 660 1683 sive
681 1655 800 1695 super
819 1655 936 1694 opere
957 1654 1029 1680 sex

66 1709 223 1747 dierum
252 1708 339 1746 libri
363 1708 535 1746 XXXIII
565 1706 722 1745 duobus
751 1705 968 1754 majoribus
992 1705 1030 1741 in

68 1770 157 1808 folio
180 1769 453 1808 voluminibus
477 1769 681 1807 rarissime
701 1768 830 1806 obviis
848 1796 856 1815 ⁷
876 1767 1034 1804 excusi-

74 1842 175 1882 sque
200 1832 286 1868 sine
310 1832 404 1869 anui
427 1834 519 1867 nota
543 1830 681 1867 locive.
712 1830 756 1867 In
786 1829 860 1866 hoc
889 1839 1006 1878 opere
1022 1858 1031 1874 ,

69 1892 174 1943 quod
193 1893 277 1942 ipse
294 1889 588 1942 Philosophiam
608 1888 894 1940 quodammodo
917 1887 1033 1926 Theo-

68 1953 234 2004 loyicam
249 1953 477 2004 appellavit,
490 1952 681 1990 nonnulla
697 1952 912 2000 scripserat
929 1961 1030 1999 quae

68 2018 153 2067 ipse
169 2015 312 2054 deinde
328 2015 550 2053 recantavit
566 2015 603 2050 in
620 2012 878 2064 Draymatico
891 2013 923 2061 a)
941 2011 1032 2050 Phi-

70 2076 267 2129 losophiae
279 2107 291 2125 ,
308 2078 394 2114 sive
413 2075 565 2125 dialogo
581 2087 673 2114 cum
687 2075 854 2113 Henrico
874 2074 921 2112 ΙΙ.
936 2073 1033 2112 Nor-

68 2139 254 2178 manniae
273 2139 382 2176 Duce
405 2141 446 2175 et
469 2137 625 2176 Comite
648 2136 1003 2186 Andegavensium
1022 2164 1030 2184 ‚

71 2200 176 2251 quod
201 2201 395 2250 scriptum
417 2199 548 2238 adhuc
569 2200 608 2236 in
632 2199 754 2237 varus
777 2197 1032 2236 Bibliothecis

67 2262 234 2313 Angliae
264 2265 460 2300 servatur.
498 2259 739 2299 GUILELMI
769 2258 815 2297 de
843 2260 883 2298 S.
918 2258 1034 2297 Theo-

68 2324 202 2364 dorico
223 2323 463 2374 opusculum
488 2322 536 2361 de
557 2322 758 2360 erroribus
779 2321 964 2359 Guilelmi
985 2320 1035 2358 de

71 2386 243 2425 conchis
273 2384 322 2423 ad
347 2385 386 2423 S.
410 2383 688 2422 Bernhardum
713 2387 846 2420 exstat
876 2383 914 2419 in
944 2383 1036 2419 Ber-

69 2446 200 2485 trandi
222 2446 398 2484 Tissierii
426 2444 671 2484 Bibli0theca
702 2446 861 2482 Patrum
889 2443 1038 2482 Cister-

70 2509 266 2547 ciensium
285 2511 379 2544 tom.
401 2507 464 2545 IV.
485 2506 590 2543 Obiit
614 2505 838 2544 Guilelmus
863 2504 911 2542 de
934 2505 1038 2542 Con—

72 2570 158 2608 chIs
181 2569 285 2606 circa
309 2567 470 2606 Annum
491 2567 605 2605 1150.
626 2566 674 2603 de
699 2577 776 2615 quo
800 2565 972 2603 Bulaeus
997 2565 1034 2602 in

72 2631 235 2670 historia
273 2628 510 2667 Academiae
550 2627 784 2665 parisiensis
821 2631 916 2663 tom.
959 2626 1008 2663 IV
1028 2654 1036 2673 ,

71 2705 159 2745 pag.
186 2692 261 2731 143
289 2701 373 2740 seq.
396 2700 485 2739 pag.
509 2687 586 2727 742
611 2692 651 2726 et
674 2687 857 2725 Oudinus
883 2691 976 2723 tom.
1003 2687 1037 2724 II

71 2766 158 2806 pag.
185 2753 300 2792 1228.
332 2762 415 2801 seq.
446 2751 514 2800 qui
538 2753 673 2787 monet
704 2754 885 2787 notatum
917 2749 1036 2786 etiam

69 2870 119 2905 11,
147 2875 223 2908 pag.
259 2866 322 2897 285
356 2864 494 2897 alterius
532 2863 711 2895 conantia·
746 2863 899 2898 mentio,
923 2862 979 2900 qui
1009 2862 1043 2892 in

69 2918 148 2950 sede
173 2915 332 2948 'toletana
371 2913 486 2945 eodem
515 2917 665 2951 tempore
691 2912 854 2942 successit
881 2909 1043 2949 Adelphio

74 2971 136 2999 An.
159 2967 233 2998 658.

132 3015 165 3054 a)
187 3018 233 3047 Ac
270 3016 297 3046 si
334 3012 564 3053 Manipulum
603 3008 860 3048 Philosophiae
899 3009 1047 3046 dixeris,

74 3066 236 3105 Drayma
261 3065 351 3095 enim
369 3060 562 3101 manipulus
581 3082 590 3097 ,
609 3063 645 3090 ut
670 3067 709 3089 ex
734 3059 841 3089 Mario
865 3059 1049 3088 Mercatore

74 3121 220 3160 cangius
254 3121 324 3159 jam
360 3117 503 3148 notavit.
541 3113 744 3152 Hesychius:
769 3104 923 3156 δράγμα
952 3100 1042 3143 Z‘cov

78 3166 360 3218 περιλαμβάνει
384 3164 434 3216 τῇ
460 3164 609 3212 υἰριςεςᾷ
630 3159 727 3209 χειρὶ
753 3161 774 3193 0‘
791 3159 953 3209 θερέζων.
984 3174 1049 3202 Ve-

74 3237 150 3261 reor
171 3231 284 3259 autem
308 3234 349 3258 nc
368 3225 553 3257 Guilelmus
577 3222 617 3252 de
637 3222 787 3252 Conchis
812 3221 948 3252 titulum
971 3220 1048 3252 huic

76 3279 205 3318 scripto
229 3285 290 3308 suo
315 3276 432 3308 fecerit
456 3272 691 3306 Dramaticon
711 3284 719 3302 .·
747 3271 826 3302 iilud
856 3273 944 3302 enirn
966 3274 1044 3308 est,

78 3328 112 3358 in
137 3335 204 3366 quo
228 3325 295 3358 duo
318 3326 369 3359 vel
397 3324 508 3365 plures
532 3320 762 3360 colloquentes
788 3319 1003 3353 inducuntur.

1989 217 2065 254 377

1103 301 1124 328 a
1147 287 1426 328 GUALTERO
1455 287 1501 326 de
1531 288 1572 326 S.
1607 286 1760 326 Victore
1790 287 1828 324 iu
1858 297 1976 337 opere
2000 286 2072 324 ad-

1104 362 1248 390 versus
1273 355 1444 401 quatuor
1467 350 1616 388 Galliae
1648 348 1914 399 Labyrinthos
1935 378 1943 396 ,
1969 347 2074 398 quod

1104 424 1153 451 ex
1184 414 1548 452 minutissimorum
1580 422 1790 461 corporum
1822 411 2074 449 concretione

1105 474 1190 512 fieri
1214 476 1347 513 omnia
1368 474 1559 512 docuerit.
1582 472 1727 523 Majora
1748 477 1844 511 sunt
1865 483 1966 522 quae
1991 475 2075 522 ipse

1104 541 1296 575 retractat
1315 567 1322 583 ,
1343 541 1463 586 atque
1487 538 1589 573 inter
1610 536 1685 573 alia
1707 534 1812 585 quod
1835 536 2073 584 scripserat‚

1105 599 1268 636 Patrem
1285 609 1370 636 esse
1387 597 1609 635 Potentiam
1628 627 1635 645 ‚
1653 597 1800 634 Filium
1816 595 2074 647 Sapientiam,

1104 659 1303 710 Spiritum
1348 660 1541 697 Sanctum
1586 658 1839 697 voluntalem.
1886 658 2070 695 Glossam

1105 722 1292 759 Guilelmi
1315 720 1363 758 de
1389 719 1563 758 Conchis
1589 719 1630 756 in
1655 723 1833 770 quatuor
1857 718 2077 769 Evanyelia

1104 783 1253 821 MStam
1275 784 1472 820 memorat
1492 780 1664 818 Jacobus
1690 781 1724 818 le
1743 780 1854 830 Long
1876 792 1961 830 pag.
1983 779 2074 819 758.

1104 843 1370 882 Bibliothecae
1394 842 1650 892 Exegeticae.

1159 902 1588 948 CONCHUBRANUS,
1615 903 1680 952 qui
1713 905 1927 953 scripsisse
1957 903 2077 942 tradi-

1104 970 1171 1004 tur
1198 966 1327 1005 Vitam
1352 965 1391 1003 S.
1417 965 1623 1002 Darercae
1646 965 1732 1002 sive
1752 964 1965 1003 Monuz'nae
1989 965 2077 1002 Vir-

1105 1029 1209 1078 ginis
1231 1028 1483 1066 Britannicae
1504 1027 1647 1064 Seculo
1663 1027 1726 1065 Vl.
1744 1027 1889 1065 Exstat
1912 1027 1950 1062 in
1968 1026 2078 1063 Actis

1109 1090 1350 1128 Sanctorum
1380 1093 1475 1126 tom.
1501 1089 1548 1126 ΙΙ.
1574 1089 1668 1127 Julii
1690 1088 1755 1126 w.
1777 1099 1864 1139 pag.
1889 1087 2075 1125 297-312.

1100 1204 1103 1207 ¹
1161 1150 1585 1191 CONCORDANTIAS
1622 1152 1812 1198 Latinas7
1854 1151 1939 1188 sive
1977 1160 2078 1199 opus

1106 1215 1368 1252 utilissimum
1400 1213 1542 1251 indicis
1578 1214 1757 1250 omnium
1790 1211 2075 1250 vocabulorum

1104 1276 1344 1315 Biblicorum
1390 1277 1428 1312 in
1474 1276 1665 1313 universo
1710 1275 1915 1312 volumine
1964 1284 2076 1311 sacro

1105 1339 1316 1386 utriusque
1342 1338 1588 1375 Testamenti
1610 1366 1617 1383 ,
1640 1337 1737 1374 varii
1764 1337 1980 1385 scriptores
2003 1334 2074 1372 sibi

1105 1400 1338 1445 vindicant,
1360 1403 1404 1437 ut
1424 1398 1503 1436 dixi
1530 1400 1568 1435 in
1594 1398 1867 1436 CLEMEIN'TE
1894 1394 2011 1433 Floro
2036 1400 2076 1433 et

1105 1461 1308 1500 ARLOTO
1332 1472 1418 1511 pag.
1447 1458 1522 1498 127
1559 1464 1598 1497 et
1637 1460 1724 1496 366.
1756 1459 1833 1496 Nec
1868 1458 1969 1496 male
1994 1457 2075 1495 An-

1105 1525 1270 1562 toninus
1293 1523 1548 1560 Florentinus
1573 1531 1755 1559 summae
1779 1520 1990 1557 historicae
2012 1520 2072 1555 tit.

1103 1586 1234 1624 XXIII
1255 1615 1262 1634 ‚
1284 1596 1368 1634 cap.
1393 1584 1475 1631 XI7
1503 1583 1536 1633 ξ.
1564 1583 1586 1620 2
1607 1612 1614 1630 ,
1640 1587 1735 1619 tom.
1761 1582 1841 1630 ΙΙΙ,
1866 1593 1953 1631 pag.
1981 1581 2070 1618 682.

1103 1646 1269 1687 Librum
1307 1644 1695 1686 Concordantiarum
1737 1642 1853 1682 valcle
1892 1653 2073 1680 necessa-

1104 1710 1212 1748 rium
1251 1708 1305 1746 asl
1342 1706 1618 1746 inveniendum
1655 1705 1785 1744 subito
1827 1704 2072 1756 quotationes

1105 1769 1370 1822 capitulorum
1400 1768 1513 1806 circa
1541 1767 1809 1806 authoritates
1835 1766 2072 1817 Scripturae

1105 1836 1285 1881 sanctae,
1310 1843 1386 1868 uon
1407 1834 1541 1868 autem
1570 1829 1625 1867 acl
1649 1827 1924 1879 yeneranclum
1948 1827 2074 1865 scien-

1107 1895 1201 1933 tiam
1216 1926 1227 1943 ,
1264 1905 1289 1931 a
1325 1892 1529 1944 fratribus
1569 1889 1732 1929 Ordinis
1773 1889 2069 1938 (Dominicani)¹

1103 1954 1356 2007 compilatum
1391 1953 1518 2005 fuisse
1555 1963 1630 1989 non
1667 1949 1901 1998 dubitatur,
1941 1948 2012 1987 secl
2046 1959 2072 1985 a

1104 2030 1179 2069 quo
1194 2050 1204 2067 ,
1223 2029 1298 2055 uon
1317 2015 1427 2054 clare
1447 2014 1660 2053 invenitur.
1682 2012 1839 2050 Dicitur
1859 2023 1885 2049 a
1906 2009 2071 2062 quibus-

1104 2079 1195 2117 dam
1223 2078 1350 2130 fuisse
1380 2075 1634 2115 commissum
1664 2085 1762 2125 opus
1786 2071 1978 2124 pluribus
1997 2084 2072 2123 pa-

1106 2139 1235 2179 tribus
1259 2140 1299 2177 in
1328 2137 1498 2177 (liversis
1531 2136 1776 2183 Provinciis,
1807 2138 1853 2171 ut
1881 2145 1985 2172 tinus
2009 2132 2072 2185 fa-

1105 2205 1212 2241 ceret
1228 2213 1349 2240 unam
1366 2200 1539 2238 litteram
1552 2230 1563 2246 ,
1581 2197 1688 2236 alius
1712 2197 1835 2234 aliam
1851 2228 1862 2245 7
1883 2196 1981 2247 quia
1992 2205 2069 2245 per

1107 2262 1361 2315 alphabetum
1390 2264 1451 2300 est
1478 2258 1578 2298 liber
1607 2258 1671 2297 ille
1701 2258 1910 2297 ordinatus
1940 2256 1994 2294 ad
2022 2255 2075 2293 ci-

1111 2326 1187 2364 tius
1211 2322 1498 2363 inveniendum.
1530 2322 1626 2361 Vide
1651 2322 1750 2359 infra
1770 2351 1778 2369 ⁷
1803 2316 2073 2359 CONRADUS

1109 2385 1500 2434 Halberstacliensis,
1526 2383 1663 2422 HUGO
1693 2381 1740 2420 cle
1769 2384 1808 2421 S.
1842 2382 1948 2420 Caro
1964 2411 1974 2428 ,
2000 2380 2076 2417 J0-

1109 2449 1313 2488 HANIN‘ES
1329 2448 1377 2485 de
1391 2445 1682 2496 Derlingtonia,
1699 2442 1975 2488 JOHANNES,
1998 2440 2077 2478 Ab-

1110 2512 1181 2549 bas
1204 2509 1505 2554 Nivicellensis‚
1528 2505 1789 2545 ιΙΟΗΑΙΧᾏΝἸΞΞ
1813 2503 1860 2541 (le
1880 2500 2048 2551 Seyovia
2065 2531 2074 2546 ,

1109 2570 1398 2610 RICHARDUS
1424 2567 1689 2616 Stavenesby.
1720 2565 1754 2604 Α
1779 2566 1890 2603 Sixto
1915 2562 2075 2612 quidem

1113 2631 1278 2669 Senensi
1311 2628 1374 2666 lib.
1403 2628 1465 2665 IV.
1496 2625 1761 2664 Bibliothecae
1793 2625 1962 2661 Sanctae
1986 2633 2073 2672 pag.

1114 2693 1189 2731 312
1213 2690 1384 2728 traditur
1408 2688 1456 2726 ab
1480 2689 1642 2735 Ilugone
1668 2686 1831 2723 Carensi
1859 2683 2078 2733 injunctum

1111 2752 1238 2805 fuisse
1263 2748 1486 2802 qziz'tzyeizte's
1517 2746 1704 2786 studiosis
1728 2743 1916 2796 patribus
1946 2743 2077 2781 ‹liuer-

1113 2825 1250 2852 sorum
1289 2809 1601 2856 Coenobiorum,
1641 2811 1687 2845 ut
1723 2806 1871 2858 sinyuli
1897 2805 2076 2856 singyulas

1113 2874 1300 2913 dictiones
1318 2873 1357 2911 in
1371 2873 1400 2910 Α
1410 2870 1651 2924 lphabeticas
1668 2868 1814 2907 classes
1831 2867 2074 2916 reclicserent:

1115 2938 1248 2987 sieque
1275 2934 1390 2973 brevi
1412 2938 1582 2984 tempore
1620 2930 1832 2969 multorum
1867 2927 2076 2967 sedulitate

1109 2998 1332 3051 perfectum
1351 2995 1477 3048 fuisse
1499 3005 1607 3046 opus.
1628 2993 1703 3032 Sed
1726 3004 1816 3030 cuin
1839 2991 1974 3041 plures
1995 2990 2076 3027 lon-

1117 3072 1163 3109 ge
1184 3059 1412 3109 quingentis
1431 3057 1624 3095 dictiones
1645 3053 1880 3103 digerendae
1903 3053 2047 3090 suerint
2066 3083 2074 3101 ,

1117 3122 1356 3171 quingentos
1396 3118 1494 3156 dixit
1538 3119 1606 3167 (ut
1645 3120 1858 3154 sexcentos
1900 3113 2075 3152 solemus

1117 3194 1261 3233 ponere
1279 3183 1287 3230 )
1308 3192 1376 3231 pro
1398 3181 1601 3230 plurimis,
1625 3183 1659 3215 ct
1685 3177 1862 3225 singulas
1882 3175 2074 3213 dictiones

1116 3256 1184 3295 pro
1206 3244 1397 3294 pluribus.
1421 3243 1578 3280 Latinas
1599 3238 1907 3277 Conconlantias
1933 3239 2072 3276 imitati

1118 3311 1212 3346 sunt
1235 3305 1371 3344 Graeci
1391 3333 1397 3353 ‚
1422 3303 1470 3342 de
1495 3301 1639 3352 quibus
1663 3300 1813 3339 dictum
1838 3299 1901 3339 IV.
1925 3298 1988 3337 35.
2013 3300 2074 3337 Bi-

1562 3380 1613 3419 128
