2500 3841
828 222 1303 267 CUSENTINUS

82 303 198 343 verbi
218 302 313 341 DEI
346 313 434 339 eam
469 299 652 339 deserent
678 303 715 338 et
747 299 910 352 fument.
946 298 1025 337 Nec

80 365 202 406 stabit
235 364 347 404 Petri
365 367 438 402 aut
459 364 651 415 cujusque
673 362 850 415 Apostoli
876 373 1031 401 succes-

79 440 159 477 sor,
176 438 307 466 omnes
322 425 556 466 scandalum
570 425 787 478 patientur.
808 426 861 464 Et
874 423 1030 477 quando

79 491 138 531 sie
159 489 282 529 oculis
302 488 570 540 insipientium
595 487 761 527 ClIr‘z'sti
781 498 925 539 corpus
949 490 1030 524 tra-

80 553 197 592 detur
220 550 494 603 iynominiose,
521 550 643 602 quasi
662 563 737 602 per
760 550 893 589 crucis
928 561 1030 588 mor-

80 620 156 655 tem
178 615 224 654 de
251 613 396 653 mundo
420 612 645 661 sublatum,
676 616 878 651 resument
906 611 1035 651 sancti

80 679 188 717 vires
213 681 281 717 ete.
313 679 369 715 De
399 676 472 715 hac
496 675 723 726 conjectura
748 677 894 715 Cusani
931 687 1033 725 quae

79 742 293 792 separatim
308 751 401 778 cum
417 739 564 778 Gallica
581 740 764 778 versione
780 737 922 789 prodiit
937 737 1032 776 Am—

79 803 217 842 stelod.
245 801 374 851 47007
406 802 468 841 42.
499 806 654 852 praeter
684 801 875 839 editorem
906 800 1031 838 videri

79 870 248 918 possunt
268 867 393 904 Janus
416 866 551 904 Nicius
573 864 823 914 Erythraeus
839 864 902 902 lib.
924 864 958 900 4.
979 864 1031 901 F.-

77 931 170 980 pist.
184 928 233 967 ad
250 927 431 966 diversos
456 928 516 966 40.
534 928 675 965 Petrus
699 926 855 965 Baelius
875 926 1031 976 Episto-

78 992 127 1031 lis
159 991 208 1030 ad
238 991 412 1030 amicum
437 991 474 1028 in
502 989 708 1027 Provincia
733 992 827 1026 tom.
853 988 914 1036 ΙΙ,
944 998 1028 1037 cap.

80 1053 168 1094 447.
194 1053 414 1093 Morlierius
436 1053 575 1091 Essais
599 1051 648 1090 de
673 1052 911 1089 Litterature
935 1053 1030 1086 tom.

78 1118 112 1156 ΙΙ
130 1148 138 1167 ,
159 1128 247 1167 pag.
278 1116 329 1154 98
367 1114 626 1154 Monatlicher
649 1112 814 1163 Auszug
833 1112 906 1150 An.
929 1110 1031 1150 4700

78 1191 115 1230 p.
141 1180 215 1218 364
235 1210 243 1228 ⁷
268 1190 327 1228 sq.
352 1182 392 1217 et
413 1178 622 1216 Memoriae
640 1176 854 1214 litterariae
871 1173 1034 1212 Trevol-

80 1243 186 1281 tinae
214 1242 289 1280 An.
314 1240 419 1280 4745
445 1251 530 1291 pag.
563 1239 664 1287 420,
689 1238 805 1277 2453.

133 1305 199 1343 111.
228 1304 284 1342 De
316 1300 569 1342 Geometrz'cz's
587 1297 962 1338 trasmutatz‘onibus
984 1297 1033 1337 ad

78 1367 243 1406 Paulum
268 1365 444 1417 Magistri
467 1364 680 1411 Dominici‚
705 1362 922 1412 Physicum
949 1361 1036 1399 Flo-

78 1431 279 1468 rentinum
303 1440 340 1479 p.
366 1428 442 1466 939
467 1438 559 1465 cum
589 1424 912 1464 annotationibus
940 1423 1034 1461 Om-

81 1493 266 1530 nisancti.

130 1554 188 1592 De
202 1551 456 1591 Arihmeticis
473 1548 775 1602 complementis,
793 1549 841 1588 ad
858 1549 1032 1589 eundem

78 1617 256 1655 Paulum.
280 1627 368 1667 pag.
394 1616 483 1654 994.

131 1680 188 1717 De
210 1676 498 1718 Mathematz'cis
522 1675 833 1728 complementis,
858 1676 907 1715 ad
922 1677 1033 1715 Nico-

74 1742 182 1780 laum
202 1742 249 1780 V.
272 1740 347 1780 An.
374 1739 476 1780 4450
501 1751 538 1790 p.
569 1740 670 1778 4004
695 1750 787 1778 cum
808 1740 1032 1779 Omnisncti

81 1803 417 1843 annotationibus.

135 1865 400 1915 Quadratum
431 1864 588 1905 Circult'
617 1869 780 1904 auctore
812 1864 972 1903 Nicolao
1003 1865 1052 1904 de

81 1928 214 1976 Cusa,
244 1928 444 1967 Car-dinali
463 1957 470 1976 ‚
492 1929 638 1978 Legato
668 1927 870 1966 Pontificis
890 1932 930 1966 et
949 1929 1042 1979 Epi-

83 2003 201 2042 scopo
225 1991 464 2030 Brixinensi.
489 2002 577 2041 pag.
604 1989 722 2029 1094.
749 1990 894 2029 Confer
923 1991 1040 2029 Joan-

84 2055 147 2092 nis
167 2053 335 2093 Wallisii
359 2052 489 2103 Opera
506 2056 602 2091 tom.
622 2053 675 2091 III
697 2082 705 2101 ‚
730 2063 816 2103 pag.
840 2051 936 2102 6777
953 2063 1035 2103 seq.

135 2117 192 2156 De
210 2114 357 2168 sinibus
378 2119 416 2154 et
434 2114 595 2154 chordis
609 2146 620 2163 ,
646 2126 733 2166 pag.
767 2115 883 2154 4095.

134 2178 326 2230 Dialoyus
354 2177 400 2217 de
431 2176 588 2217 Circulz'
626 2176 908 2228 quadratura,
945 2188 1037 2217 cum

84 2243 204 2283 Paulo
227 2242 396 2292 Physico
425 2241 664 2279 Florentino.
690 2240 780 2279 ibid.

138 2301 201 2343 De'
212 2315 294 2343 una
313 2306 423 2342 recta
437 2302 630 2355 curvique
647 2315 850 2343 mensura.
867 2317 903 2356 p.
923 2306 1040 2345 4004.

85 2368 164 2405 1100
176 2367 368 2416 scriptum
380 2377 471 2404 cum
484 2366 613 2405 tribus
629 2367 899 2417 superioribus
910 2368 1040 2406 lucem

87 2428 186 2467 vidit
213 2428 458 2479 Norimberg.
473 2430 486 2468 4
499 2429 587 2478 533,
600 2429 623 2467 f.
639 2427 872 2478 adjunctum
901 2430 1041 2468 Joanni

86 2491 397 2541 Regiomontano
426 2489 475 2528 de
505 2491 714 2541 triangulis
737 2491 988 2529 omnimodis.

144 2550 475 2602 Complementum
508 2551 801 2603 Theoloyicum}
828 2553 1040 2603 figuratum

94 2617 130 2653 in
158 2614 464 2664 complementis
487 2614 787 2653 Mathematicis.
811 2627 899 2665 pag.
925 2615 1040 2655 4107.

143 2677 200 2715 De
222 2674 528 2714 Matlzemalhiea
550 2674 790 2727 perfectione
820 2689 906 2728 pag.
939 2680 1039 2718 4440

92 2739 139 2777 ad
171 2737 390 2777 Antonium
420 2736 670 2775 Cardinalem
701 2739 739 2776 S.
770 2738 1039 2790 Chrysogoni,

92 2801 236 2840 additis
259 2799 506 2838 Omnisancti
534 2798 880 2840 Annotationibus.

147 2861 360 2914 Reparatio
377 2859 620 2910 Calenclarii,
638 2874 674 2913 p.
695 2864 809 2902 4455.
830 2866 933 2904 llaec
948 2877 1039 2905 cum

95 2926 297 2977 superiore
315 2924 506 2975 opusculo
530 2928 570 2962 et
589 2924 697 2962 libris
716 2924 870 2964 duobus
886 2927 1042 2967 deludo

94 2988 196 3040 globi
220 2986 398 3038 prodiere
421 2987 542 3026 etiam
572 2982 785 3037 separatim
811 2989 847 3026 in
876 2990 974 3028 folio.

151 3048 352 3091 Correctio
373 3047 603 3087 tabularum
623 3048 828 3101 xllphonsz',
853 3063 888 3101 p.
917 3053 1044 3091 4468-

99 3111 213 3153 4487.
242 3111 340 3152 Vide
359 3123 480 3162 supra
503 3123 587 3162 pag.
613 3113 674 3150 68.

172 3175 371 3214 Hactenus
387 3172 472 3212 Nic.
497 3173 649 3213 Cusanz'
667 3176 969 3227 operajunctzm

494 3248 658 3275 eoecusn.

151 3298 273 3338 Video
296 3303 499 3350 praeterea
523 3305 681 3339 exstare
712 3302 870 3340 Staluta
898 3303 1044 3342 Cusani

103 3362 235 3411 Legati
259 3360 307 3400 dc
331 3361 454 3401 latere
484 3374 552 3412 per
590 3363 863 3402 Alemanniani
902 3365 1043 3404 lN'icolai

1975 223 2053 262 407

1107 297 1152 335 V.
1167 297 1292 346 Papae
1314 293 1354 332 in
1371 293 1542 333 Concilio
1566 292 1789 333 Coloniensi
1804 298 1961 345 recepta
1976 294 2051 333 An.

1106 358 1207 397 4452
1228 359 1267 395 in
1291 356 1478 396 Conciliis
1499 355 1641 395 Labbei
1659 386 1668 404 ,
1685 355 1889 404 Harduini,
1914 356 2051 404 Coleti7

1104 431 1177 459 nec
1201 431 1278 458 non
1300 421 1337 458 in
1359 420 1566 458 clarissimi
1589 419 1741 469 Lunigii
1757 419 2053 458 continuatione

1106 482 1301 533 Spicilegii
1325 482 1595 521 Ecclesiastici
1626 483 1738 519 Parte
1762 482 1804 528 Ι,
1829 493 1915 532 peg.
1942 482 2031 520 590.

1158 545 1248 583 Seb.
1264 545 1456 584 Munsteri
1476 544 1711 582 Germaniae
1745 548 1785 582 et
1812 544 1976 582 aliarum
1996 556 2056 583 re-

1107 608 1280 658 gionum,
1300 619 1401 657 quae
1412 606 1460 644 ad
1478 607 1693 656 Imperium
1716 617 1845 656 usque
1863 608 2058 646 Constan-

1107 670 1408 720 tinopolitanum
1435 668 1750 719 protenduntur,
1776 669 1987 719 descriptio
2007 681 2058 708 ex

1106 732 1309 770 Historicis
1332 734 1372 769 et
1396 730 1701 781 cosmographis
1724 741 1794 780 pro
1820 730 1956 770 tabula
1994 733 2057 771 Ni-

1105 793 1202 831 colai
1224 793 1370 832 Cusani
1396 791 1676 842 intelligenda,
1704 793 1742 829 in
1762 792 1856 830 Sim.
1880 794 2058 832 Schardii

1060 855 1071 864 '
1105 854 1364 905 scriptoribus
1388 864 1523 892 rerum
1547 853 1873 893 Germanicarum
1900 860 1994 894 tom.
2018 858 2059 906 l,

1104 928 1191 968 pag.
1217 915 1307 954 467.

1159 977 1281 1017 Video
1305 979 1425 1018 etiam
1450 979 1660 1017 memorari
1683 979 1704 1017 a
1725 979 1945 1018 Warthono
1967 981 2063 1017 scri-

1106 1045 1220 1092 ptum
1241 1042 1387 1081 Cusani
1406 1040 1452 1079 de
1470 1039 1637 1093 fortuna
1656 1046 1696 1080 et
1719 1041 1825 1080 aliud
1846 1040 1892 1079 (le
1912 1053 2060 1092 aequa-

1108 1103 1226 1153 litate,
1252 1115 1354 1154 quae
1379 1105 1416 1142 in
1441 1104 1629 1154 operibus
1654 1104 1742 1154 ejus
1766 1116 1844 1142 non
1870 1107 2034 1156 reperio.

1161 1167 1306 1206 InBibl.
1330 1166 1525 1206 Leodensi
1550 1167 1653 1205 inter
1677 1167 1842 1207 Codices
1863 1168 1912 1205 Is.
1935 1168 2064 1206 Vossii

1110 1230 1278 1269 habetur
1293 1231 1475 1269 Varietas
1496 1232 1730 1270 Lectionum
1750 1231 1841 1270 editi
1866 1231 2070 1270 itinerarii

1106 1283 1297 1322 Antonini
1316 1285 1418 1335 Aug.
1442 1284 1491 1323 ab
1510 1285 1618 1323 MSto
1643 1286 1861 1336 exemplari
1883 1286 1964 1324 lN'ic.
1989 1287 2067 1325 Cu-

1109 1348 1208 1385 sani.
1230 1347 1329 1385 Vide
1354 1348 1586 1397 Catalogum
1612 1348 1717 1386 illius
1732 1348 1829 1386 Bibl.
1849 1359 1936 1398 pag.
1964 1349 2054 1387 387.

1161 1410 1477 1449 CUSENTINUS
1505 1408 1866 1460 Archiepiscopus‚
1897 1410 1970 1448 1100
2000 1416 2063 1449 est

1110 1471 1370 1511 Consentz'nus
1394 1473 1433 1510 in
1470 1483 1592 1523 regno
1627 1473 1785 1523 Neapol.
1811 1473 1915 1523 apud
1941 1473 2068 1512 Ptole—

1109 1546 1267 1573 maeum
1294 1536 1516 1574 Lucensem
1541 1539 1649 1573 recte
1679 1539 1719 1573 et
1744 1538 1904 1586 saepius
1926 1537 2067 1574 611161·-

1109 1598 1191 1636 tino
1222 1598 1366 1636 Polono
1397 1597 1683 1648 distinguitur:
1722 1601 1762 1636 et
1801 1599 2068 1637 Cusentinum

1108 1660 1476 1711 Archiepiscopum‚
1486 1658 1673 1699 Chronicz
1686 1660 1933 1711 scriptorem,
1944 1673 2070 1711 quan-

1107 1722 1156 1761 do
1180 1734 1273 1762 cum
1309 1723 1522 1761 Ptolemaei
1554 1723 1749 1763 Chronico
1787 1728 1984 1762 memorat
2011 1725 2070 1761 Jo.

1106 1786 1259 1824 Gerson
1289 1785 1337 1824 de
1369 1790 1477 1824 statu
1506 1787 1591 1824 Vet.
1623 1789 1663 1824 et
1685 1786 1786 1825 Novi
1816 1787 2064 1824 Testamenti

1108 1851 1135 1884 t.
1160 1847 1207 1885 II.
1225 1847 1324 1898 Opp.
1341 1859 1377 1898 p.
1397 1848 1471 1886 454
1489 1859 1566 1885 non
1587 1859 1753 1886 necesse
1777 1852 1839 1886 est
1854 1849 2067 1887 Mart-inum

1114 1910 1302 1949 Polonum
1326 1910 1374 1948 ab
1391 1921 1436 1948 eo
1453 1910 1629 1959 intelligi.
1645 1910 1743 1949 Vide
1763 1911 1952 1950 Jacobum
1969 1911 2073 1957 Que-

1115 1972 1164 2010 tif
1183 1972 1231 2010 de.
1256 1972 1514 2022 scriptoribus
1535 1972 1626 2010 Ord.
1645 1972 1781 2012 Praed.
1804 1977 1831 2010 t.
1854 1974 1869 2011 I
1888 2002 1896 2020 7
1921 1985 1958 2023 p.
1980 1974 2070 2012 362.

1166 2035 1291 2085 Ignoti
1315 2035 1489 2073 auctoris
1513 2034 1762 2085 Opusculum
1782 2064 1789 2083 ‚
1811 2046 1888 2086 quo
1916 2034 2066 2074 Consu-

1112 2095 1192 2134 lum
1208 2098 1477 2135 Romanorum
1492 2098 1652 2136 nomina
1668 2097 1941 2147 quadrienniis
1962 2098 2069 2149 dige-

1113 2164 1175 2198 sta
1204 2159 1446 2207 traduntur,
1476 2161 1595 2198 toties
1625 2159 1830 2198 laudatum
1866 2171 1887 2198 a
1923 2160 2073 2197 Joanne

1114 2221 1415 2261 CUSPINIANO
1445 2223 1482 2260 in
1510 2223 1810 2260 commentariis
1834 2221 1882 2260 ad
1914 2223 2070 2261 Cassio-

1114 2284 1196 2323 dori
1215 2286 1412 2325 Consules
1427 2297 1514 2337 pag.
1538 2285 1614 2324 344
1640 2296 1684 2323 ac
1709 2286 1859 2335 passim
1884 2286 1975 2324 alibi
1998 2315 2006 2333 ,
2031 2290 2072 2324 et

1115 2347 1164 2386 de
1188 2360 1267 2398 quo
1291 2348 1490 2398 Josephus
1515 2348 1690 2398 Scaliger
1710 2349 1741 2386 V
1788 2347 1837 2386 de
1872 2348 2070 2387 emendat.

1115 2413 1342 2460 temporum
1368 2422 1403 2461 p.
1432 2411 1521 2448 404.
1545 2409 1647 2448 idem
1673 2410 1856 2460 estquod
1874 2409 2072 2448 Henricus

1115 2471 1303 2509 Norz'slus
1332 2483 1380 2510 ex
1411 2472 1554 2511 Codice
1590 2472 1667 2510 MS.
1705 2470 1804 2509 Bibl.
1847 2471 2072 2510 Caesareae

1116 2533 1299 2583 vulgavit
1322 2532 1370 2571 ad
1395 2534 1544 2571 calcem
1570 2534 1700 2584 operis
1723 2534 1912 2583 praeclari
1934 2533 1982 2570 de
2006 2546 2076 2572 an-

1116 2595 1178 2632 nis
1203 2598 1243 2632 et
1267 2594 1427 2645 epochis
1453 2595 1847 2644 S3=⁷romacedonum⁷
1874 2600 1962 2645 post
1991 2595 2072 2633 edi—

1116 2657 1262 2694 tionem
1274 2657 1542 2694 Florentinam
1559 2655 1633 2694 An.
1653 2656 1753 2694 4689
1772 2667 1956 2694 recusum
1970 2658 2074 2707 Lips.

1120 2719 1246 2764 4696,
1273 2718 1307 2756 4.
1334 2722 1373 2756 et
1393 2722 1490 2756 tom.
1515 2718 1690 2756 secundo
1714 2717 1887 2768 Operum
1910 2719 2074 2768 Norisii‚

1112 2779 1253 2830 juctim
1281 2779 1476 2819 editorum
1502 2781 1679 2819 Veronae
1715 2780 1844 2826 4729.
1872 2781 1935 2819 fol.
1965 2781 2073 2819 ldem

1117 2842 1356 2893 opusculum
1382 2845 1403 2881 a
1446 2843 1615 2881 Graevio
1640 2844 1758 2881 etiam
1780 2874 1786 2891 ,
1825 2843 2070 2881 Norisianam

1117 2905 1328 2943 editionem
1361 2910 1498 2944 secuto
1530 2906 1724 2944 insertum
1753 2909 1841 2954 est,
1882 2906 2073 2956 fastisque

1119 2967 1351 3018 Capitolinis
1394 2969 1521 3018 (quos
1562 2967 1813 3006 illustravere
1858 2968 2042 3014 Sigonius
2065 2998 2073 3009 .

1118 3030 1322 3077 OnusriuS,
1338 3029 1521 3080 Pighius)
1541 3029 1729 3068 idatianis
1749 3034 1788 3067 et
1806 3031 1960 3067 Tironis
1981 3031 2072 3068 Pro—

1119 3093 1222 3142 speri
1250 3091 1467 3130 Labbeanis
1492 3091 1751 3141 subjunctum
1771 3123 1779 3134 ,
1819 3092 2072 3131 tom-unde·

1117 3154 1218 3191 cimo
1258 3153 1434 3192 thesauri
1469 3152 1764 3203 Antiquitatum
1800 3156 2068 3193 Romanorum

1120 3229 1152 3266 p,
1181 3216 1365 3254 335-360.
1391 3214 1508 3254 Aliud
1545 3215 1752 3254 laterculrn
1789 3216 2009 3256 Consularc
2033 3226 2067 3264 af·

1175 3330 1207 3367 a)
1227 3330 1306 3361 Vide
1333 3330 1498 3362 illustriss.
1524 3332 1688 3370 Scipionis
1716 3331 1831 3371 Mass‘eji
1850 3333 2074 3371 antiquitates

1117 3380 1240 3411 Galliae
1264 3379 1399 3412 selectas
1424 3389 1496 3419 pag.
1521 3381 1571 3412 97.
