2500 4009
405 203 483 242 -220

1285 189 1531 230 BERNO

456 266 717 313 Ger-hardus,
737 261 956 302 Monachus
977 260 1017 299 S.
1044 259 1221 306 Quintini
1237 289 1247 308 ,
1270 264 1376 299 teste
1432 261 1623 301 eximium
1643 259 1692 301 de
1714 262 1862 302 Musica
1892 263 2077 304 laudatur
2099 266 2148 304 ab
2183 264 2394 316 Anonymo

402 333 569 373 llenrico
599 324 849 367 (landavensi
871 334 955 372 cap.
981 322 1031 361 52
1059 321 1276 373 composuit
1294 333 1365 360 an-

405 394 584 446 tiphonas
601 394 637 427 cc
657 383 912 437 responsoria
933 383 972 421 in
985 382 1199 435 festivitate
1219 384 1260 423 S.
1280 382 1364 422 Eli-

410 452 544 492 :obeth
585 445 795 485 cantanda.
830 446 1004 484 Neumas
1031 444 1052 466 ³*
1086 455 1180 482 vero
1217 443 1362 483 eisdem

406 509 627 562 antiphonis
644 511 681 546 et
692 506 955 558 responsoriis
970 505 1132 557 quidam
1145 505 1278 558 frater
1294 507 1363 545 Pe-

408 582 493 612 trus
511 604 518 613 .
539 571 568 610 C
571 569 763 608 anonicus
786 569 825 608 S.
842 566 1028 606 Autberti
1042 567 1361 616 Cameracensis,

406 632 596 685 apposuit.
616 630 721 669 Idem
739 630 857 668 ctiam
882 631 1024 668 Petrus
1041 658 1049 676 ,
1066 629 1242 668 Musicae
1261 629 1363 667 artis

405 694 582 745 peritus,
603 691 712 731 dulci
732 690 995 730 modulamine
1014 693 1051 728 et
1069 689 1204 728 limato
1241 689 1365 728 dicta-

411 758 510 793 mine
529 753 745 806 composuit
762 752 885 804 plura
911 752 1099 799 Cantica,
1124 763 1226 802 quae
1250 749 1365 801 vulyo

409 817 616 855 condictus
638 813 904 866 appellantur.

464 876 751 927 Grcqorianum
787 875 1114 926 Anli‘plwnarium
1148 889 1240 918 cum
1265 882 1368 918 notis

409 939 582 988 antiquis
606 938 765 975 Musicis
785 937 938 975 MStum
967 939 1003 975 in
1031 939 1271 979 Bibliotheca
1295 942 1370 979 Va-

411 1001 549 1038 ticana.
575 997 670 1036 Vide
695 999 866 1035 Diarium
887 999 1084 1037 venetum
1108 1001 1366 1040 Eruditorum

410 1059 542 1097 ltaliae
571 1063 663 1096 tom.
690 1059 783 1096 XIX
800 1089 809 1105 ,
835 1070 920 1108 pag.
944 1058 979 1096 7.
1018 1060 1224 1099 Excusum
1253 1073 1368 1101 accu—

411 1122 533 1158 ratius
556 1125 721 1157 curante
743 1119 914 1169 Joscpho
937 1121 1054 1158 Maria
1087 1121 1298 1160 Thomasio
1317 1154 1324 1172 ,
1347 1124 1366 1145 ³⁸·

410 1183 553 1219 Romae
579 1181 672 1219 1691
703 1181 735 1218 1.
758 1182 812 1218 De
827 1180 914 1218 aliis
929 1180 1168 1220 editionibus
1191 1182 1282 1221 vide
1306 1185 1368 1222 ,Ni-

410 1242 505 1279 colai
525 1243 623 1278 Petri
641 1241 805 1279 Sibbern
827 1241 1083 1280 schediasma
1098 1242 1147 1281 de
1169 1243 1278 1281 libris
1298 1246 1369 1283 La—

412 1304 584 1339 tinorum
633 1302 925 1340 Ecclesiasticis
963 1314 1048 1353 pag.
1099 1304 1161 1343 23.
1212 1305 1367 1344 Selecta

415 1375 462 1400 cx
512 1361 796 1412 Antiphonario
829 1364 1004 1401 Romano
1033 1376 1102 1414 pcr
1134 1365 1295 1404 Annum
1330 1369 1368 1405 in

417 1434 533 1461 usum
560 1423 826 1461 Ecclesiarum
865 1425 1080 1475 ruralium,
1118 1425 1242 1464 habeo
1278 1438 1369 1466 eum

414 1485 517 1521 notis
540 1484 700 1521 Musicis
721 1495 868 1523 excusa
893 1484 1148 1536 Antwerpiao
1173 1488 1276 1526 1617
1305 1490 1367 1528 fol.

414 1545 467 1581 De
487 1544 759 1594 Responsoriis
790 1543 1039 1582 Psalmorum
1063 1546 1152 1585 vide
1179 1553 1291 1586 notas
1319 1550 1367 1587 ad

415 1606 453 1642 S.
475 1605 726 1643 Ambrosium
743 1609 836 1643 torn.
854 1606 867 1643 I
891 1606 984 1644 edit.
1004 1607 1203 1645 Benedict.
1221 1621 1258 1658 p.
1279 1610 1368 1648 93¹.

468 1665 738 1715 Greyoriamze
758 1665 1008 1704 Psalmotliae
1026 1668 1270 1707 enchiridion
1289 1670 1372 1708 edi-

414 1732 499 1764 tum
520 1731 612 1763 ante
632 1726 768 1764 Annos
789 1726 1006 1773 ducentos,
1029 1728 1076 1765 dc
1098 1740 1176 1777 quo
1195 1730 1368 1779 Gangius

413 1786 629 1835 appendice
649 1786 696 1824 ad
717 1787 952 1836 glossarium
969 1787 1121 1826 mediae
1140 1788 1375 1830 Graecitatis

414 1857 500 1895 pag.
527 1847 588 1882 80.
620 1847 716 1884 Vide
740 1852 780 1885 ct
805 1848 1028 1886 Johannem
1069 1851 1217 1888 Bonam
1240 1851 1289 1890 de
1313 1854 1377 1891 Di-

415 1907 505 1943 vina
532 1907 750 1946 psalmodia
770 1919 854 1958 cap.
880 1908 942 1947 17.
966 1909 1150 1949 Guilelmi
1181 1911 1374 1953 Gabrielis

413 1967 555 2004 Nivers
574 1967 780 2005 Dissertat.
805 1970 842 2006 in
872 1970 1044 2008 Cautum
1067 1970 1371 2023 Gregorianum,

415 2032 452 2062 et
484 2027 679 2075 Anonymi
708 2028 948 2066 Bcnctlictini
980 2031 1123 2069 librum
1148 2033 1325 2082 editum,
1347 2037 1373 2082 ἦ

418 2087 574 2122 Parisiis
601 2087 702 2124 1677
727 2088 794 2124 4:¹⁰
823 2087 861 2125 la
880 2089 1030 2127 science
1054 2095 1089 2129 et
1110 2092 1148 2130 la
1163 2094 1374 2145 praelique

418 2144 470 2181 du
494 2144 603 2195 plain
640 2146 780 2184 ebant.-
805 2149 1009 2188 Baluzium
1048 2152 1096 2190 ad
1136 2155 1374 2204 Capitularia

419 2210 511 2242 tom.
535 2207 696 2255 ll,pa1.f.
724 2209 841 2248 4¹34.

472 2265 597 2303 Cnido
625 2268 812 2307 Aretinus
835 2271 1049 2310 Monachus
1071 2273 1229 2313 Ordinis
1254 2279 1377 2316 Bene-

417 2327 508 2364 dicti
533 2329 634 2365 cir‹·a
653 2328 812 2367 Annum
832 2331 944 2369 1030.
967 2332 1083 2379 cujus
1107 2339 1168 2372 cst
1192 2336 1376 2376 decanta-

417 2393 500 2424 tum
523 2390 698 2425 Musiris,
728 2391 775 2426 I't
793 2402 835 2427 re
860 2392 915 2429 mi
933 2392 975 2443 sa
998 2393 1126 2432 solla.
1145 2397 1213 2434 llic
1233 2398 1374 2436 Micro-

417 2448 545 2495 loqnm
581 2449 778 2488 Musicum
809 2454 853 2499 (a
891 2455 1095 2504 Micrologo
1134 2456 1182 2494 de
1223 2459 1372 2498 Officiis

417 2510 704 2547 Iicclesiasticis
723 2511 924 2551 diversum
943 2526 1105 2563 prorsus
1121 2517 1129 2564 )
1147 2520 1306 2569 scripsit
1324 2521 1373 2559 ad

417 2569 687 2608 'l'hoodaldum
704 2572 964 2623 Episcopum:
986 2580 1025 2613 ct
1042 2575 1374 2629 Antiphonarium

416 2628 618 2668 laudatum
659 2633 869 2671 Benedicto
905 2636 1004 2674 VIII.
1046 2639 1238 2678 Pontifici.
1276 2642 1372 2681 Vide

415 2689 624 2728 Baronium
654 2691 701 2729 ad
740 2691 901 2733 Annum
931 2697 1035 2736 1022
1070 2710 1178 2738 num.
1208 2701 1258 2740 20
1288 2713 1373 2753 seq.

415 2749 614 2789 Ondinum
633 2757 726 2790 tom.
744 2754 793 2800 11,
816 2766 900 2805 pag.
925 2757 1000 2796 600
1026 2763 1066 2797 et
1080 2761 1243 2799 Joannis
1264 2764 1372 2801 Wei-

416 2811 481 2846 tzii
520 2811 801 2861 licortologiuin
828 2827 912 2866 pag.
939 2818 1013 2857 261
1045 2831 1127 2870 seq.
1149 2826 1188 2859 et
1211 2823 1371 2862 Pezium

417 2874 509 2908 tom.
538 2873 586 2909 llI
616 2873 907 2915 Anocdotorum
940 2881 1054 2917 Parte
1079 2882 1146 2929 llI,
1172 2894 1257 2933 pag.
1280 2884 1369 2923 6l6.

417 2930 522 2968 Idem
539 2932 665 2971 Gvido
683 2933 818 2974 Abhas
837 2938 876 2976 S.
903 2940 1106 2992 Lcufridi,
1123 2943 1239 2993 cujus
1259 2945 1368 2996 Opus

469 3059 484 3112 .-
503 3061 623 3093 canius
646 3072 749 3102 genus
768 3072 799 3098 et
817 3071 901 3101 sacri
922 3071 1032 3110 jubili.
1052 3073 1130 3106 Vide
1147 3075 1263 3115 Cangii
1285 3075 1373 3115 glos-

412 3113 534 3138 sarium
560 3112 590 3140 in
609 3120 770 3149 pneuma.

473 3155 485 3166 ·
505 3158 656 3190 Giornale
674 3162 724 3192 ‹le'
740 3164 879 3196 lettorati
900 3168 930 3198 di
948 3171 1084 3203 Modena
1098 3173 1231 3206 A.160⁵.>
1247 3183 1323 3216 pag.
1340 3176 1371 3208 7·

413 3204 488 3231 Acta
505 3205 598 3234 I-Lrud.
615 3212 649 3238 A.
668 3210 746 3240 1692
761 3222 833 3254 pag.
848 3215 920 3248 477.

475 3249 498 3285 ἢ
520 3253 652 3284 Journal
669 3259 723 3289 des
741 3263 812 3293 Sav.
835 3262 912 3294 1677
935 3275 1009 3306 pag.
1027 3268 1100 3302 209.

1438 322 1651 362 Mellicensi
1679 335 1763 375 cap.
1789 326 1838 363 80
1868 330 1909 363 et
1937 326 2153 365 Trithcmio
2180 338 2265 379 cap.
2305 329 2393 369 318.

1435 383 1590 422 Dicavit
1626 385 1663 423 id
1691 386 1886 424 Guilelmo
1922 385 2064 426 Abbati
2088 390 2214 439 primo
2241 390 2396 428 Rieval-

1436 445 1548 483 lensi.
1570 446 1668 485 Vide
1687 448 1977 497 Jac.1{0mmey
1996 449 2197 499 Supplem.
2222 461 2308 502 pag.
2333 451 2395 489 68.

1490 505 1706 545 Guilelmus
1719 519 1767 546 ex
1785 508 2102 547 Emmeramensi
2116 511 2304 550 Monacho
2318 510 2397 551 Ab-

1436 567 1506 605 bas
1548 569 1865 619 llirsaugiensis,
1903 567 2019 607 Anno
2058 571 2153 610 1091
2197 572 2318 620 obiit,
2348 572 2396 610 de

1434 626 1552 678 cujus
1567 630 1714 668 Musica
1732 630 1895 667 scientia
1911 627 2146 679 Anonymus
2159 632 2396 671 Mellicensis

1437 700 1522 739 cap.
1544 691 1619 729 106
1641 691 1727 730 108.
1749 692 1804 728 De
1824 691 1971 728 Musica
1987 694 2028 728 et
2047 692 2166 738 tonis,
2187 696 2229 730 et
2249 692 2299 731 de
2314 704 2398 732 cor-

1441 752 1613 789 rectione
1630 751 1805 790 Psalterii
1825 752 2033 801 scripsisse
2053 755 2227 791 testatur
2245 752 2398 792 'trithe-

1443 812 1546 850 mius
1569 823 1652 863 cap.
1680 812 1768 850 352.

1495 872 1724 924 IIeIpcricus
1752 872 1968 912 Monachus
1994 873 2033 911 S.
2071 872 2172 912 Galli
2194 875 2298 913 circa
2320 874 2400 914 An-

1443 945 1539 972 num
1559 934 1672 972 1069.
1687 944 1807 983 quom
1837 932 1885 971 de
1908 933 2057 972 Musica
2085 935 2294 985 scripsisse
2316 937 2400 975 Tri-

1442 994 1616 1032 themius
1643 994 1744 1032 idem
1767 997 1877 1031 notat
1899 1004 1983 1044 cap.
2006 994 2096 1034 325.

1494 1056 1747 1093 Her-mannus
1786 1055 2038 1104 Contractus,
2075 1057 2252 1096 Musicus
2280 1058 2400 1097 etiam

1441 1116 1606 1165 insignis
1626 1121 1666 1154 et
1703 1116 1888 1155 omnibus
1916 1118 1978 1156 sui
1998 1119 2189 1168 temporis
2218 1119 2400 1158 subtilior

1440 1177 1622 1214 extitisse
1637 1207 1647 1223 ,
1668 1188 1714 1215 ac
1733 1177 1964 1215 Cantilenas
1979 1177 2172 1228 plurimas
2185 1178 2234 1218 de
2253 1180 2400 1219 Musica

1441 1238 1675 1287 Cantusque
1695 1266 1704 1285 ,
1733 1237 1782 1276 de
1818 1239 1968 1277 sanctis
2003 1240 2102 1277 satis
2137 1241 2400 1279 auctorabiles

1441 1299 1612 1337 edidisse
1636 1300 1690 1337 ait
1706 1298 1944 1349 Anonymus
1965 1300 2204 1339 Mellicensis
2224 1311 2309 1351 cap.
2335 1300 2398 1338 90.

1442 1362 1497 1398 De
1519 1361 1665 1398 Musica
1689 1371 1734 1398 ac
1770 1360 2030 1399 Monochordo
2053 1362 2262 1412 scripsisse
2282 1361 2403 1400 tradi-

1444 1426 1508 1459 tur
1527 1432 1549 1459 a
1573 1421 1750 1459 Johanne
1770 1422 1904 1472 Egone
1927 1421 2032 1472 apud
2056 1422 2218 1463 clariss.
2240 1423 2400 1461 Pezium

1443 1487 1537 1520 tom.
1561 1483 1587 1520 1.
1613 1482 1847 1521 Anecdotor.
1874 1484 1986 1521 Parte
2010 1483 2083 1521 ult.
2103 1494 2191 1533 pag.
2217 1483 2306 1521 689.

1500 1544 1763 1594 Hieronymus
1783 1543 1832 1582 de
1850 1544 2021 1582 Moravia
2049 1544 2152 1582 circa
2186 1543 2260 1583 An.
2288 1545 2404 1584 1260.

1444 1605 1602 1643 Ordinis
1617 1604 2006 1653 Praedicatorum,de
2027 1606 2143 1644 cuius
2159 1607 2344 1645 Tractatu
2355 1605 2403 1644 de

1443 1667 1590 1704 Musica
1607 1665 1697 1704 vide
1711 1667 1730 1703 J
1736 1666 1903 1704 acobum
1920 1665 2147 1704 Eehardum
2164 1669 2192 1704 t.
2213 1667 2241 1713 1,
2258 1677 2294 1716 p.
2314 1668 2401 1706 159.

1493 1724 1728 1776 Huqbaldus
1749 1726 1990 1765 Elnonensis
2008 1726 2225 1765 Monachus
2239 1726 2399 1765 Ordinis

1445 1787 1644 1825 Benedict.
1670 1786 1786 1836 cujus
1810 1785 1958 1825 librum
1980 1786 2028 1825 de
2049 1790 2138 1825 arte
2158 1787 2339 1836 Musica,
2364 1793 2405 1827 et

1450 1848 1602 1887 Cantus
1624 1847 1840 1886 multorum
1861 1848 2124 1899 Sanctorum,
2149 1846 2260 1887 dulci
2278 1852 2317 1887 et
2341 1860 2405 1888 re-

1443 1908 1586 1959 yulari
1615 1908 1782 1948 melodia
1804 1907 2036 1960 compositos
2072 1913 2266 1948 memorat
2298 1910 2406 1960 Sige-

1446 1970 1585 2008 bertus
1607 1970 1905 2009 Gemblacensis
1930 1981 2014 2020 cap.
2039 1971 2132 2009 108.
2151 1971 2258 2009 Vixit
2277 1971 2402 2011 Caroli

1438 2031 1557 2068 Calvi
1578 2032 1822 2080 temporibus
1844 2032 1951 2069 eirca
1973 2030 2138 2069 Annum
2163 2031 2254 2070 910.

1499 2090 1663 2129 loannis
1679 2093 1804 2140 Papae
1820 2092 1914 2130 XXI
1925 2092 2074 2130 Musica
2089 2090 2137 2130 ad
2153 2091 2407 2142 Fulgentium

1447 2149 1664 2200 Anglorum
1701 2151 1955 2201 Antistitem,
1982 2152 2059 2191 MS.
2095 2152 2247 2202 Lipsiae
2271 2154 2308 2192 in
2346 2154 2409 2193 Bi-

1449 2211 1583 2249 blioth.
1605 2212 1777 2250 Paulina.
1803 2212 1900 2251 Vide
1920 2213 1984 2251 W.
2006 2213 2052 2251 E.
2075 2213 2268 2252 Tentzelii
2288 2214 2408 2254 dialo-

1450 2284 1519 2321 gos
1539 2273 1583 2311 Λ.
1611 2275 1712 2313 1692
1736 2285 1821 2324 pag.
1847 2274 1937 2312 719.

1501 2333 1682 2373 Isidorus
1701 2336 1918 2385 Hispalens.
1933 2335 2030 2373 libro
2051 2335 2074 2373 3
2093 2334 2198 2386 Orig.
2214 2336 2403 2376 ο.14-22.

1500 2397 1574 2433 Leo
1599 2396 1653 2434 IX
1673 2397 1763 2435 vide
1787 2407 1931 2447 supra,
1955 2396 2102 2434 Bruno.

1498 2455 1694 2496 Notlcerus
1716 2457 1930 2496 Monachus
1949 2456 2264 2506 Ratisbonensis,
2288 2458 2405 2507 cujus

1452 2517 1663 2557 Theorema
1693 2522 1923 2570 troporum,
1943 2529 2017 2558 seu
2054 2516 2244 2557 Cribrum
2271 2519 2404 2557 Mono-

1447 2578 1588 2618 chorda·
1602 2581 1680 2620 MS.
1704 2582 1743 2619 in
1767 2579 2007 2619 Bibliotheca
2026 2578 2403 2618 Benedictoburana.

1448 2642 1544 2680 Vide
1567 2642 1727 2681 Pezium
1751 2645 1845 2680 tom.
1866 2641 1930 2679 111.
1955 2638 2190 2679 Auecdotor.
2211 2641 2325 2680 Parte
2339 2642 2404 2690 111,

1448 2714 1535 2754 pag.
1561 2704 1650 2742 616.

1498 2765 1662 2816 Notyeri
1681 2763 1845 2804 Abbatis
1867 2762 2079 2814 Augiensis
2101 2763 2140 2800 in
2163 2762 2312 2803 Musica
2334 2773 2402 2813 pe-

1445 2828 1622 2864 ritissimi
1643 2826 1786 2865 librum
1810 2824 2111 2875 sequentiarum
2134 2817 2268 2862 laudat
2295 2821 2402 2862 Ano-

1446 2900 1594 2938 nymus
1616 2888 1854 2927 Mellicensis
1877 2897 1910 2924 c.
1937 2886 2000 2924 65.

1500 2948 1691 2989 osbertus
1718 2947 1933 2987 Monachus
1962 2944 2260 2986 cantuariensis
2296 2945 2401 2985 circa

1443 3011 1605 3051 Annum
1621 3010 1735 3049 1020.
1751 3019 1870 3057 quem
1880 3007 1929 3045 de
1943 3006 2088 3045 Musica
2105 3005 2312 3054 scripsisse
2329 3016 2399 3044 no-

1441 3078 1499 3112 tat
1520 3072 1762 3113 Trithemius
1783 3079 1866 3118 cap.
1895 3067 1971 3106 313
2012 3070 2053 3104 et
2090 3064 2138 3103 de
2175 3065 2398 3106 illustribus

1440 3133 1706 3174 Benedictinis
1731 3131 1763 3168 ll
1789 3130 1849 3167 66.

1494 3198 1637 3235 Petrus
1661 3192 1881 3234 Canonicus
1923 3189 1961 3227 S.
2000 3186 2181 3227 Autberti
2216 3189 2398 3229 Camera-

1441 3261 1584 3299 censis.
1608 3255 1705 3295 Vide
1729 3262 1848 3303 supra
1874 3252 1910 3289 in
1931 3248 2116 3290 Gerardo.
