2500 3841
851 217 1294 259 ANSCHERUS

65 296 110 331 ut
133 292 172 339 S,
206 287 387 337 Ansgarii
415 286 506 325 Vita
530 287 568 324 in
598 285 707 325 Actis
737 288 970 329 Sanctorum
998 293 1020 330 3

64 351 261 393 Februarii
296 354 402 387 tomo
423 349 455 399 Ι7
489 359 575 399 pag.
602 349 670 388 394
708 354 748 387 et
775 351 971 390 Bemberti
999 354 1019 392 4

65 413 262 454 Februarii
294 415 387 450 tom.
419 411 457 459 I,
487 421 573 461 pag.
604 411 691 449 566.
722 413 777 450 De
805 411 1020 453 Anschario

63 475 153 514 vide
177 475 278 513 infra
300 474 339 511 in
367 473 639 511 REMBERTO
661 477 701 512 et
725 473 992 515 GVALDONE
1011 508 1019 525 ,

62 549 162 590 quos
181 537 317 576 ambos
335 535 457 575 habes
471 536 590 573 etiam
608 536 647 573 in
672 535 895 587 Originibus
909 539 1022 577 Lam-

61 601 160 640 becii
186 598 550 649 Hamburgensibus
570 628 578 647 ,
602 598 815 650 Hamburgi
848 601 940 640 4654
961 631 969 649 ,
998 602 1018 639 4

62 674 163 713 quae
187 674 250 701 me
279 665 445 701 curante
474 672 638 700 recusae
662 661 805 700 ibidem
832 661 932 701 4706
957 664 1019 701 fol.

62 726 226 765 Caetera
252 723 460 764 Anscharii
491 724 637 774 scripta
661 724 770 762 fuere
796 724 1021 775 Epistolae,

61 799 230 839 quarum
256 797 336 826 una
372 789 531 825 servata
563 787 602 824 in
640 785 796 825 laudato
834 786 1023 827 Actorum

60 851 296 890 Sanctorum
333 849 442 896 loco,
469 853 509 887 et
534 849 573 885 in
597 849 638 886 B.
664 848 806 887 Nicolai
838 850 1024 900 Staphor-

61 913 126 951 stii
138 917 244 951 tomo
256 912 582 963 primoHistoriae
597 911 896 950 Ecclesiasticae
910 913 1026 950 Ham-

59 974 288 1025 burgensis,
312 973 440 1012 editae
462 973 694 1012 Germanice
709 985 793 1024 pag.
817 974 879 1021 59,
899 975 966 1023 qui
986 977 1025 1011 et

61 1039 144 1088 ipse
173 1040 263 1087 post
286 1034 484 1074 Adamum
507 1037 764 1074 Bremensem
784 1065 791 1083 ,
817 1034 1023 1073 Albertum

60 1099 309 1148 Crantzium⁷
339 1097 619 1145 Lambecium⁷
640 1095 907 1145 Arrhenium,
931 1096 1023 1134 alio-

61 1172 176 1211 sque,
201 1171 301 1210 quos
325 1159 476 1207 laudat,
501 1158 549 1197 de
576 1158 792 1197 Anschario
815 1158 1024 1207 diligenter

60 1223 231 1261 disserit.
254 1226 294 1261 et
308 1233 394 1273 pag.
413 1223 461 1260 60
483 1222 725 1260 mentionem
742 1221 833 1258 facit
847 1218 1023 1259 Missalis

59 1284 187 1323 adhuc
211 1284 437 1335 superstitis
461 1281 719 1321 Anschariani
739 1312 747 1331 ,
769 1286 808 1320 et
835 1281 1023 1321 Codicum

57 1357 316 1398 maqnorum,
342 1347 379 1384 in
406 1345 552 1396 quibus
574 1344 785 1383 Remberto
808 1349 911 1383 teste
929 1356 1024 1396 pro-

57 1409 153 1461 pria
179 1420 303 1447 manu
323 1419 401 1459 per
428 1410 540 1445 notas
569 1405 888 1456 conscripserat,
919 1418 1023 1458 quae

58 1471 112 1510 acl
144 1470 300 1510 laudem
339 1469 617 1522 Omnipotentis
639 1468 737 1507 DEI
755 1469 1023 1521 pertinerent,

60 1537 97 1572 et
113 1532 167 1572 ad
175 1535 430 1584 peccatorum
443 1531 781 1583 redarqutionem:
799 1531 853 1570 acl
868 1531 1024 1571 laudem

59 1607 212 1648 quoque
229 1593 365 1634 beatae
385 1598 424 1634 et
443 1598 628 1633 aeternae
647 1593 754 1633 vitae
778 1598 816 1632 et
831 1597 1024 1633 terrorem

55 1656 277 1709 9ehennae,
309 1661 348 1697 et
375 1656 565 1709 quicquid
599 1656 653 1695 ad
690 1655 1025 1708 compunctionem

54 1720 227 1773 pertinet
243 1724 280 1759 et
300 1720 523 1759 lamentum.
551 1720 686 1758 Refert
711 1719 815 1757 idem
839 1719 1026 1757 Rembor-

57 1788 124 1822 tus
137 1783 401 1822 Anscharium
415 1781 628 1833 unicuique
645 1781 802 1819 Psalmo
813 1780 1025 1832 propriam

61 1848 218 1896 aptasse
235 1843 551 1892 oratiunculam,
567 1843 672 1895 quod
689 1843 772 1895 ipse
786 1843 1028 1894 piamentum

62 1905 237 1945 vocitare
256 1905 405 1945 solebat
419 1937 427 1955 ,
441 1910 488 1944 ut
505 1906 542 1945 ei
562 1905 717 1945 Psalmi
738 1905 810 1944 hac
834 1904 880 1943 cle
903 1916 1027 1943 causa

61 1967 336 2007 dulcescerent.
361 1969 529 2007 Videtur
549 1968 586 2007 id
599 1970 729 2020 ipsum
743 1980 832 2007 esse
851 1997 858 2016 ,
882 1968 930 2006 de
946 1979 1023 2017 quo

59 2031 271 2070 Crantzius
295 2031 333 2068 in
351 2030 551 2081 Metropoli
573 2031 669 2069 libro
686 2032 811 2080 primo
826 2034 1021 2068 extremo:

60 2096 234 2132 tenemus
257 2091 472 2131 devotionis
496 2093 582 2144 ejus
612 2091 729 2131 breve
752 2091 823 2131 sed
843 2091 1023 2130 clarissi-

62 2167 170 2194 mum
197 2158 513 2205 monumentum,
545 2153 737 2204 libellum,
769 2153 1020 2194 Psalmorum

59 2219 263 2258 Summam
289 2217 434 2270 paucis
470 2216 750 2266 includentem,
786 2216 857 2269 qui
890 2215 1024 2268 qualis.

56 2279 183 2333 fuerit
204 2280 245 2319 in
263 2279 484 2332 majoribus
501 2310 509 2329 ,
533 2279 631 2318 satis
649 2283 873 2319 attestatur.

110 2341 407 2383 ANSCHERUS
426 2341 559 2381 Abbas
581 2342 837 2381 Centulensis
854 2371 862 2389 7
880 2342 965 2379 sive
980 2342 1017 2380 S.

56 2405 224 2443 Richarii
241 2406 344 2444 circa
362 2403 525 2444 Annum
550 2406 651 2445 1400
670 2406 828 2455 scripsit
843 2404 951 2442 libris
969 2404 1020 2441 111

58 2465 179 2505 vitam
199 2470 237 2504 et
254 2466 454 2506 miracula
473 2469 512 2507 S.
530 2465 750 2518 Anyilberti
762 2466 925 2505 Abbatis
940 2466 1021 2503 edi-

60 2532 141 2566 t'am
166 2529 204 2565 in
224 2532 331 2567 tomo
360 2530 422 2568 IV.
448 2528 637 2568 Actorum
666 2528 907 2567 Benedictin.
933 2539 1018 2577 pag.

63 2590 139 2629 430
158 2618 166 2637 ,
182 2590 225 2628 84
238 2590 272 2628 4.
287 2591 430 2630 Confer
445 2590 543 2629 Acta
560 2592 795 2630 Sanctorum
813 2590 862 2629 ad
883 2591 931 2628 48
952 2590 1022 2627 Fe-

59 2651 188 2690 bruar.
212 2655 252 2688 et
275 2651 493 2689 Hariulfum
513 2652 609 2689 libro
630 2652 805 2690 secundo
828 2650 1022 2690 Historiae

61 2713 370 2760 Centulensis‚et
379 2712 524 2751 laudati
533 2713 1035 2763 MabilloniiProlegomena.

111 2773 390 2813 ANSEGISUS
411 2773 613 2812 Lobiensis
628 2772 779 2823 AbbaS,
795 2777 914 2823 atque
931 2772 1023 2811 inde

59 2836 375 2875 Fontanellensis
390 2867 401 2883 ,
433 2835 647 2874 defunctus
684 2834 757 2873 An.
795 2836 870 2873 834
907 2834 1022 2886 cujus

59 2903 171 2951 gesta
185 2897 464 2937 describuntur
479 2899 517 2936 in
528 2897 720 2937 Chronico
732 2896 1023 2935 Fontanellensi

60 2960 162 3012 apud
182 2960 418 2999 Dacherium
443 2964 549 2998 tomo
573 2960 618 2998 ll.
641 2959 862 3010 Spicilegii,
886 2957 1022 2996 editio-

61 3023 122 3060 nis
145 3033 271 3061 novae
289 3032 375 3073 pag.
393 3021 470 3061 278
495 3033 576 3072 seq.
598 3021 662 3060 ubi
680 3024 720 3059 et
735 3031 821 3071 pag.
843 3019 920 3057 282
937 3030 1018 3069 seq.

65 3083 293 3124 Constitutio
309 3082 397 3134 ejus
413 3084 598 3123 fratribus
614 3085 653 3121 in
667 3083 899 3122 Monasterio
911 3091 1022 3131 prae-

62 3146 217 3197 scripta.
238 3147 307 3184 Hic
322 3144 396 3184 An.
414 3145 490 3186 827
511 3146 666 3196 collegit
681 3144 922 3195 digessitque
945 3142 1022 3182 Ca-

60 3205 254 3257 pitularia
294 3207 433 3248 Caroli
464 3207 600 3259 Maqni
630 3211 667 3247 et
703 3205 893 3246 Lurlooici
931 3204 1018 3255 Pii,

63 3272 190 3318 atqua
220 3273 265 3308 ut
287 3267 493 3310 Albcricus
528 3270 546 3292 *³
572 3269 731 3320 quidem
768 3272 903 3307 auctor
930 3271 988 3304 est
1011 3296 1019 3315 ,

123 3338 138 3352 ⁸
163 3339 331 3374 Albericus
354 3342 534 3376 Monachus
557 3344 658 3375 trium
677 3341 840 3378 sontium,
864 3340 897 3370 in
922 3338 1024 3371 Chro-

1988 222 2064 261 105

1097 295 1245 331 statuta
1274 291 1555 330 Ecclesiastica
1585 290 1700 329 libris
1729 288 1881 329 duobus
1899 294 1938 329 et
1960 290 2061 341 leyes

1095 354 1317 393 mundanas
1336 354 1553 393 eorundem
1575 352 1688 392 libris
1709 352 1874 391 totidem.
1898 354 1953 392 De
1977 353 2060 392 edi-

1095 418 1267 456 tionibus
1290 415 1376 467 ejus
1396 417 1537 467 Operis
1561 417 1761 455 utilissimi
1776 427 1854 454 non
1870 420 2060 466 repetam,

1095 491 1195 530 quae
1220 481 1351 518 notavi
1377 483 1470 518 tom.
1497 480 1564 517 XI.
1595 478 1858 517 Bibliothecae
1887 478 2059 517 Graecae

1094 554 1179 593 pag.
1215 543 1263 580 85
1301 553 1383 591 seq.
1423 542 1478 578 De
1508 540 1730 579 differentia
1766 541 2003 579 Baluzianae
2037 553 2059 579 a

1094 605 1310 656 prioribus,
1332 614 1471 654 operae
1492 604 1663 653 pretium
1680 607 1741 641 est
1757 603 1966 641 consulere
1987 603 2061 641 Ca—

1095 668 1221 705 rolum
1240 667 1275 704 le
1291 665 1430 704 Cointe
1440 668 1545 702 tomo
1561 665 1640 702 VII.
1659 665 1800 702 Histor.
1818 666 2059 703 Francorum

1095 741 1182 779 pag.
1213 728 1289 766 805
1319 738 1401 776 seq.
1432 729 1551 776 atque
1585 726 1775 764 Jacobum
1807 727 1841 764 le
1872 727 1978 777 Long
2021 729 2058 764 in

1097 789 1335 829 Bibliotheca
1354 788 1636 826 Historicorum
1653 788 1800 826 Galliae
1821 800 1906 838 pag.
1929 790 2005 827 805
2020 794 2059 827 et

1097 853 1146 891 de
1169 851 1362 899 Ansegiso
1385 847 1481 888 Acta
1513 850 1749 888 Sanctorum
1770 850 1819 888 20
1840 851 1858 887 J
1866 851 1929 889 ulii
1954 856 2058 889 tomo

1097 916 1145 963 V,
1171 926 1256 965 pag.
1287 913 1336 950 90
1367 923 1476 962 seqq.
1500 911 1598 950 Vide
1627 913 1745 950 etiam
1778 912 1963 950 Carolum
1983 914 2061 950 Mo-

1096 977 1246 1015 lineum
1279 973 1327 1012 de
1362 974 1584 1013 Monarchia
1618 975 1858 1012 Francorum
1893 986 1979 1024 pag.
2006 974 2054 1012 72

1098 1050 1206 1089 seqq.
1227 1037 1410 1076 editionis
1432 1037 1593 1087 primae.

1150 1100 1362 1139 ANSELLI
1378 1098 1653 1137 Archidiaconi
1670 1098 1875 1137 Glossulas
1891 1099 2002 1138 MSS.
2022 1099 2062 1135 ia

1097 1162 1337 1202 Psalterium
1354 1161 1518 1200 laudant
1534 1162 1708 1211 Cangius
1719 1165 1759 1199 et
1774 1161 1953 1200 Labbeus
1969 1191 1977 1210 ,
1994 1162 2062 1211 qui

1096 1227 1136 1263 in
1160 1226 1347 1264 Vaticana
1376 1225 1479 1262 inter
1508 1222 1674 1262 Codices
1701 1224 1873 1273 Reginae
1897 1222 2063 1261 Christi-

1097 1299 1170 1326 nae
1207 1298 1275 1325 eas
1298 1290 1457 1324 exstare
1494 1289 1676 1324 testatur.
1702 1284 1871 1323 Jacobus
1908 1295 2005 1322 vero
2026 1285 2060 1322 le

1097 1351 1217 1400 Long.
1244 1349 1471 1399 suspicatus
1492 1352 1554 1386 est
1577 1348 1651 1386 sub
1675 1347 1738 1385 illo
1759 1348 1917 1385 nomine
1941 1347 2062 1384 latere

1096 1410 1324 1450 Anselmum
1343 1442 1350 1460 ,
1375 1409 1422 1448 de
1447 1422 1524 1460 quo
1547 1421 1638 1447 mox
1658 1440 1665 1459 ,
1688 1408 2007 1447 Laudunensem.

1153 1474 1172 1496 ᾖ
1195 1472 1307 1512 Alter
1329 1473 1377 1511 ab
1401 1472 1685 1511 Archidiacono
1716 1471 1814 1508 forte
1838 1474 1899 1508 est
1922 1469 2063 1508 Ansel—

1098 1537 1161 1576 lus
1186 1537 1267 1585 ille,
1292 1547 1411 1586 quem
1436 1534 1552 1573 credo
1578 1532 1830 1581 monachum,
1854 1534 1971 1570 cuius
1999 1537 2061 1570 est

1098 1599 1335 1650 opusculum
1361 1598 1398 1635 in
1420 1596 1512 1637 Cod.
1540 1595 1589 1635 57
1614 1596 1652 1634 S.
1678 1595 1788 1633 lllidii
1828 1594 2058 1633 Claromon-

1100 1662 1227 1700 tensis
1250 1658 1354 1711 apud
1380 1661 1418 1698 P.
1444 1658 1676 1697 Monsaucon
1699 1656 1796 1695 Bibl.
1835 1656 1939 1694 MSS.
1971 1668 2055 1706 pag.

1102 1724 1215 1763 4263.
1235 1723 1310 1761 Est
1331 1733 1425 1760 vero
1449 1722 1578 1772 operis
1603 1720 1756 1758 titulus.
1787 1718 1888 1758 Visio
1925 1718 2060 1756 cuius,-

1100 1785 1192 1824 clam
1214 1783 1396 1823 monachi
1417 1783 1457 1822 in
1476 1781 1714 1821 Monasterio
1744 1783 1784 1821 S.
1809 1780 1979 1831 Remiqii
1998 1780 2062 1819 de-

1100 1847 1253 1898 scripta
1272 1845 1322 1884 ab
1342 1843 1498 1884 Ansello
1514 1843 1762 1894 discipuloS.
1781 1842 1954 1882 Abbom's
1970 1841 2058 1880 abb.

1102 1907 1368 1947 Floriacensis
1383 1906 1506 1957 jussu
1531 1905 1700 1945 Oddonis
1722 1903 1900 1943 Abbatis.

1152 1968 1416 2010 ANSELMUS
1433 1999 1440 2017 7
1459 1969 1590 2008 Abbas
1605 1967 1820 2006 Beccensis.
1839 1967 1935 2005 Vide
1955 1978 2060 2012 mox,

1096 2034 1427 2084 Archiepiscopus
1444 2029 1761 2071 Cantuaricnsis.

1149 2095 1314 2135 Flavius
1329 2094 1609 2137 ANSELMUS.
1623 2092 1839 2131 Monachus
1856 2091 2063 2131 Reccensis

1095 2172 1117 2199 a
1141 2160 1341 2210 superiore
1362 2158 1565 2206 diversus,
1587 2156 1761 2206 Scriptor
1785 2153 1892 2193 Vitae
1912 2154 2058 2191 Beren-

1092 2221 1202 2273 9arz’i
1227 2220 1404 2260 Monachi
1427 2221 1466 2258 in
1492 2219 1595 2258 Urbe
1620 2219 1658 2257 S.
1684 2217 1818 2268 Papuli
1843 2218 1881 2254 in
1907 2216 2056 2264 Gallia,

1095 2296 1195 2334 quae
1216 2284 1396 2322 exstatin
1412 2281 1522 2321 Actis
1539 2282 1774 2320 Sanctorum
1792 2280 1840 2318 2ss
1861 2278 1948 2329 Maji
1964 2283 2059 2317 tom.

1095 2348 1170 2393 Vl,
1196 2358 1281 2397 pag.
1309 2343 1396 2383 447.

1147 2407 1413 2447 ANSELMUS
1430 2404 1638 2444 exAbbate
1660 2404 1794 2444 Ordin.
1814 2403 2057 2442 Benedictini

1094 2468 1280 2509 Beccensi
1311 2467 1643 2518 Archiepiscopus
1676 2466 1725 2504 ab
1760 2464 1834 2504 An.
1877 2465 1976 2503 4093
2011 2463 2060 2502 ad

1097 2533 1209 2572 ⁴409.
1248 2528 1567 2575 Cantuariensis,
1602 2528 1778 2566 doctrina
1819 2526 1982 2574 zeloque
2017 2529 2057 2562 et

1095 2593 1239 2644 ingenii
1264 2592 1481 2630 subtilitate
1506 2590 1604 2628 nulli
1626 2591 1710 2628 suis
1734 2587 1977 2637 temporibus
1998 2597 2062 2623 se-

1095 2654 1262 2695 cundus.
1286 2651 1385 2703 Ejus
1408 2654 1532 2691 vitam
1557 2652 1714 2701 scripsit
1737 2648 1984 2693 Eadmerus.
2010 2646 2058 2684 de

1091 2799 1167 2828 nico
1191 2796 1231 2827 ad
1253 2797 1386 2825 Annum
1404 2792 1479 2830 827,
1498 2794 1591 2832 cujus
1615 2791 1712 2821 verba
1738 2791 1781 2821 ita
1807 2797 1982 2830 perperam
2007 2790 2063 2819 in-

1093 2846 1216 2878 tellexit
1256 2844 1480 2879 Trithernius,
1515 2844 1551 2872 ut
1584 2843 1743 2878 Aiisegiso
1779 2846 1923 2878 quatuor
1958 2839 2061 2869 libros

1091 2894 1332 2935 Capitularium
1355 2891 1463 2923 Caroli
1486 2893 1526 2922 M.
1552 2896 1583 2921 et
1605 2894 1748 2929 quatuor
1788 2888 1889 2919 libros
1926 2890 2064 2928 Capitu-

1089 2944 1208 2977 larium
1239 2942 1398 2974 Ludovici
1436 2942 1486 2972 Pii
1525 2939 1650 2971 tribuat
1665 2963 1674 2977 ,
1714 2942 1813 2979 atquc
1849 2940 1883 2969 in
1923 2943 2063 2976 utraque

1089 2994 1215 3033 Sylloge
1252 2993 1349 3023 binos
1388 2991 1488 3021 libros
1513 2988 1757 3021 Ecclesiasticis
1776 3013 1784 3025 ‚
1822 2988 1918 3018 binos
1958 2996 2058 3017 mun-

1088 3042 1249 3078 dialibus,
1269 3045 1305 3071 ut
1332 3048 1398 3071 non
1414 3044 1558 3078 quatuor
1576 3037 1678 3078 libri,
1702 3037 1759 3069 scd
1782 3042 1858 3068 octo
1877 3036 2053 3076 prodeant.

1087 3095 1206 3123 verum
1223 3095 1367 3130 quatuor
1389 3093 1518 3120 tantum
1541 3088 1633 3119 fuere
1650 3113 1659 3126 ‚
1687 3095 1747 3119 nce
1771 3086 1879 3126 plures
1902 3089 2035 3115 exstant
2057 3109 2067 3121 ‚

1088 3141 1209 3180 quibus
1231 3140 1313 3170 alios
1347 3144 1413 3170 tres
1436 3142 1531 3169 Anno
1569 3137 1630 3168 845
1660 3136 1813 3177 adjunxit
1843 3135 2058 3166 Benedictus

1088 3190 1219 3220 Lentia.
1239 3190 1435 3227 Ansegisum
1458 3187 1548 3219 hunc
1572 3187 1614 3218 ab
1630 3187 1790 3225 Anscgiso
1809 3187 1977 3216 Senonum
1996 3187 2060 3215 Ar-

1089 3239 1300 3278 cliicpiscopo
1324 3237 1427 3276 probe
1456 3235 1733 3275 distingueudum
1772 3243 1843 3266 esse
1882 3237 1976 3265 notat
1999 3235 2064 3264 Sir-

1088 3287 1228 3319 mondus
1247 3290 1280 3318 in
1305 3287 1452 3326 Epistola
1473 3285 1513 3316 ad
1531 3287 1766 3317 Constantium
1784 3285 1966 3316 Caelanum
1980 3287 2060 3314 tom.

1091 3341 1127 3370 lv
1152 3341 1295 3377 operum
1320 3345 1392 3376 pag.
1424 3336 1492 3368 142.

1714 3403 1759 3442 Η
