2500 4009
391 172 469 213 212

392 243 534 282 ibidem
562 242 662 281 4745
692 238 762 278 8.'⁰
788 236 921 274 itidem
943 233 1099 272 duobus
1130 233 1349 272 Volumiiii-

392 307 477 346 bus.

450 368 624 407 Italicam
650 363 873 402 versionem
906 359 1173 411 Epistolarum
1196 357 1245 397 ab
1262 368 1352 396 eru-

391 433 471 470 dito
496 428 717 468 Florentino
741 424 1001 474 compositam
1029 421 1192 460 laudant
1219 420 1349 458 Julius

392 495 506 542 Niger
528 502 612 541 pag.
639 489 714 527 540
736 491 776 526 et
808 485 953 525 eruditi
988 483 1216 524 Academici
1253 482 1350 521 Cru-

391 555 586 592 scantium
609 553 694 589 sivo.
715 549 1032 589 FurfurarIorum
1051 548 1092 585 iu
1117 557 1188 585 suo
1207 545 1350 584 Dictio-

391 616 509 654 nario.
536 615 748 653 Sermones
771 612 816 651 Α.
839 611 941 651 4420
965 611 1010 657 a)
1035 610 1142 648 versi
1166 608 1302 647 Italice
1326 618 1347 646 a

389 677 567 716 Julianne
605 676 653 714 de
690 676 955 724 Tussignano‚
986 673 1178 723 Episcopo
1215 672 1349 709 Ferra-

389 741 534 788 ricnsi‚
576 739 704 778 lucem
741 737 930 776 viderunt
960 735 1137 773 Venetiis
1174 734 1276 773 4558
1313 733 1348 770 8.

390 803 475 841 Alia
496 803 627 842 versio
647 802 732 839 sine
757 800 915 838 nomine
931 797 1159 848 interpretis
1179 795 1348 834 Florent.

391 867 406 903 4
420 865 494 903 495
520 865 554 903 4.

444 927 505 978 (37
527 925 801 977 Volyarizzace
824 923 895 963 dai
917 924 994 963 ΡΡ.
1015 920 1178 961 Petrina
1198 931 1218 959 e
1235 919 1351 959 Se'an-

389 989 452 1028 da.
483 991 605 1028 Roma
636 989 752 1028 4756.
779 988 821 1026 in
851 988 886 1025 4.
908 998 949 1024 v.
978 986 1016 1025 2.

441 1052 615 1091 Jubilum
649 1048 867 1090 Bernhardi
897 1048 947 1087 do
983 1047 1213 1086 dulcissimo
1232 1044 1353 1082 JESU

391 1117 569 1162 nomine,
584 1119 621 1152 et
642 1113 738 1152 alios
753 1110 948 1162 quosdam
963 1109 1051 1161 ejus
1071 1109 1244 1159 hymnos
1260 1118 1353 1145 cum

393 1176 630 1216 Germanica
661 1174 901 1226 metaphrasi
927 1173 1140 1224 separatim
1173 1170 1354 1220 vulgavit

390 1240 587 1291 Josephus
607 1237 865 1285 WilhelmuS‚
889 1235 1027 1275 llamb.
1054 1234 1156 1273 4633
1183 1233 1220 1271 4.

445 1304 585 1341 Petrus
598 1302 832 1340 Franciscus
842 1298 1047 1337 Chilletius
1063 1297 1148 1336 Soc.
1163 1298 1241 1335 Jes.
1257 1307 1350 1336 cum

390 1367 597 1404 Dissertat..
616 1375 686 1403 sua
703 1363 752 1401 de
768 1373 911 1413 genere
927 1361 1069 1399 illustri
1086 1362 1123 1398 S.
1135 1359 1351 1399 Bernliardi

392 1440 510 1479 quam
536 1426 753 1466 memoravi
782 1435 902 1475 supra
924 1434 1011 1474 pag.
1033 1422 1110 1460 ‘219
1126 1426 1200 1460 eta
1223 1422 1357 1461 Mabil-

392 1493 495 1530 Ionio
512 1494 740 1540 excerptam
756 1488 887 1526 notavi
905 1497 990 1537 pag.
1009 1485 1085 1524 646
1107 1485 1202 1523 haec
1217 1489 1357 1523 vetera

392 1557 651 1594 monumenta
688 1550 811 1589 edidit
854 1549 1018 1587 Divione
1055 1548 1154 1586 4660
1198 1544 1264 1585 430
1304 1547 1352 1595 b)

392 1614 535 1652 (Isionis
565 1615 638 1651 iter
676 1623 698 1650 a
736 1609 930 1650 Ludovico
968 1608 1043 1647 VII
1073 1608 1221 1647 Galliae
1250 1609 1354 1658 Rege

391 1680 623 1727 susceptum
650 1676 686 1712 in
709 1675 925 1712 Orientem.
961 1671 1162 1720 Anonymi
1190 1669 1356 1709 Chroni-

390 1752 459 1778 (οη
486 1735 806 1779 Claraevallense
829 1735 878 1773 ab
901 1732 1016 1772 Anno
1042 1732 1144 1772 4447
1168 1732 1214 1769 ad
1239 1732 1354 1771 4492.

392 1802 608 1841 illustrium
640 1799 789 1847 aliquot
825 1797 1006 1834 Virorum
1028 1793 1257 1846 Epitaphia.
1288 1794 1352 1831 Jo-

391 1862 531 1901 lianm's
560 1859 762 1899 Eremitae
801 1858 849 1896 de
870 1859 952 1896 vita
985 1858 1026 1898 S.
1054 1855 1284 1896 Bernhardi
1307 1857 1352 1894 li-

388 1927 480 1964 bros
493 1925 606 1963 duos.
631 1922 756 1962 Vitam
774 1919 1040 1959 PetriPrioris
1056 1921 1093 1957 in
1113 1920 1349 1958 Monasterio

389 1988 609 2038 puellarum
631 1985 843 2023 Juliaccnsi
859 2014 870 2031 7
891 1987 931 2020 et
959 1979 1148 2019 Herbertz·
1168 1982 1349 2031 Episcopi

392 2051 428 2087 in
455 2048 659 2094 Sardinia,
684 2045 803 2083 libros
824 2045 875 2082 lII
899 2043 947 2081 de
969 2043 1171 2081 miraculis
1191 2042 1350 2081 Ordinis

392 2109 668 2148 Cisterciensis
689 2111 728 2144 et
742 2106 1068 2154 Congreaationis
1084 2104 1351 2143 ClaraevalliS.

447 2174 467 2191 ¹*
498 2171 537 2209 S.
567 2167 800 2207 Ber-nardus
825 2165 1081 2217 Bzcrqundus.
1103 2166 1351 2214 Quamquam

393 2232 480 2270 nolo
513 2232 574 2269 liic
609 2230 817 2280 dogmatici
849 2228 1033 2277 Theologi
1057 2231 1192 2278 partes
1214 2237 1350 2277 ager03

394 2299 456 2331 est
498 2295 602 2331 enim
635 2293 743 2330 locus
778 2291 956 2338 alienus·7
996 2294 1041 2328 ut
1077 2291 1185 2340 parIa
1217 2293 1350 2328 tamen

394 2357 564 2394 Fabricio
589 2355 755 2393 reseram
782 2352 1052 2392 admonendos
1077 2351 1210 2402 judico
1235 2353 1354 2391 lecto-

391 2430 453 2457 res
469 2419 659 2456 bonorum
675 2427 837 2467 operum
857 2415 1137 2453 necessitatem
1154 2426 1201 2453 ex
1213 2415 1352 2454 S.Ber-

392 2480 536 2527 nardo,
559 2481 661 2518 sicut
685 2484 725 2516 et
754 2490 803 2516 ex
841 2478 926 2516 aliis
958 2477 1163 2516 catholicis
1187 2478 1352 2528 scripto-

391 2544 497 2581 ribus
522 2544 608 2580 eius
628 2541 770 2580 aetatis
790 2539 945 2578 defendi
963 2549 1091 2590 posse,
1109 2549 1350 2589 quamquam

392 2608 493 2643 inter
515 2608 734 2643 assertores
753 2603 938 2640 contrarii
962 2602 1158 2651 dogmatis
1186 2603 1353 2641 Bernar-

391 2667 485 2706 dum
510 2677 721 2705 accensere
757 2666 935 2704 laborant
973 2664 1188 2703 Luthcrani
1216 2665 1352 2715 plures

391 2729 494 2779 apud
532 2729 751 2767 fabricium
789 2728 852 2766 hic
889 2738 976 2778 pag.
1014 2727 1105 2765 206.
1130 2728 1232 2779 Lege
1262 2728 1354 2766 Ser-

392 2802 548 2828 monem
586 2791 672 2829 eius
713 2791 757 2828 Il.
804 2791 840 2828 in
880 2790 1043 2828 Cantica
1088 2799 1193 2840 oper.
1225 2789 1266 2827 T.
1303 2790 1349 2828 11.

390 2853 476 2891 7253.
499 2852 590 2890 edit.
615 2852 810 2891 Mablllon.
835 2853 1034 2900 Venetus,
1053 2850 1117 2890 ubi
1141 2851 1248 2890 illud.
1271 2851 1350 2890 Nec

393 2914 474 2951 sine
494 2913 569 2965 fide
589 2925 688 2966 opus
714 2912 854 2951 bonum
872 2927 880 2962 ς
899 2913 967 2952 secl
986 2917 1023 2951 et
1037 2912 1135 2964 fides
1159 2913 1242 2952 sine
1266 2925 1352 2966 ope-

392 2973 504 3013 ribus
526 2979 684 3013 moi-tica
707 2979 786 3022 est,
810 2976 912 3013 sicut
931 2974 1121 3013 inutiliter
1137 2975 1210 3026 flos
1225 2977 1350 3024 (nem-

394 3048 439 3085 pe
461 3037 556 3075 fides
582 3043 625 3076 ut
650 3039 833 3088 superius
862 3037 1059 3087 explicat)
1085 3040 1255 3089 apparet
1283 3037 1346 3077 ubi

451 3196 481 3231 a)
499 3198 660 3235 scipionis
677 3198 781 3229 ,ποποῖ
797 3223 806 3234 ,
826 3197 1016 3229 Traduttori
1040 3197 1169 3230 Italianl
1186 3207 1261 3239 pag.
1276 3198 1329 3230 38.

449 3243 482 3280 b)
520 3246 750 3287 L'nschuldiye
783 3248 1018 3279 Nachricmen
1048 3258 1113 3279 von
1146 3249 1247 3280 Ulten
1278 3249 1350 3280 und

394 3293 513 3324 Neuen
537 3294 801 3335 Tlieoloyischen
820 3298 974 3336 Cochen,
990 3298 1177 3332 Ann017⁶20
1190 3307 1263 3340 pag.
1277 3299 1351 3331 ⁶240.

1163 160 1612 202 BERNARDUS

1425 243 1503 271 non
1534 233 1717 284 sequit-ur
1746 232 1926 284 fructus;
1957 234 1994 273 id
2022 238 2085 275 est
2106 233 2247 276 bonum
2270 249 2382 292 opus.

1422 294 1519 334 Vide
1546 296 1753 335 Mabillonii
1790 301 1904 335 notas
1938 296 1987 335 ad
2025 307 2144 336 serm.
2179 300 2318 341 LXVII
2343 303 2382 340 in

1421 358 1537 397 Cant.
1565 358 1850 398 Bcllarminum
1880 359 1929 398 de
1951 359 2084 398 Justif.
2117 361 2198 400 Lib.
2223 363 2273 402 IV
2295 374 2381 415 cap.

1423 421 1517 459 XXI
1542 425 1582 458 et
1607 420 1670 459 lib.
1695 422 1739 459 V.
1765 432 1849 472 cap.
1875 422 1956 460 VII.
1981 423 2161 473 Denique
2191 424 2386 476 legendus

1421 482 1548 521 Serm.
1576 483 1731 521 LXVIII
1761 482 1827 521 ubi
1866 482 1961 521 illud
1997 484 2036 521 in
2074 485 2213 534 primis
2248 490 2385 526 nostro
2424 522 2425 525 ,

1390 543 1595 593 'dogmati
1632 544 1847 583 asserendo
1881 543 2202 585 validissimum:
2232 547 2389 602 Sufficit

1422 604 1477 642 ad
1497 604 1680 643 meritum
1705 604 1810 644 scire
1833 604 1938 656 quod
1958 616 2036 643 non
2054 605 2258 659 sufficiant
2267 609 2387 648 meri-

1422 670 1474 705 ta.
1496 666 1574 706 Sed
1595 671 1641 705 ut
1660 666 1714 705 ad
1734 666 1921 705 meritum
1943 666 2044 706 satis
2078 671 2138 706 est
2161 667 2209 708 de
2231 669 2387 710 meritis

1421 740 1497 766 non
1515 739 1797 780 praesumere;
1812 728 1869 768 sic
1887 740 2027 768 carere
2047 728 2202 770 meritis
2215 731 2316 771 satis
2331 732 2386 772 ad

1414 787 1615 843 judicium
1648 795 1716 830 est.
1752 792 1880 830 Porro
1918 789 2131 844 infantium
2152 796 2389 834 renatorum

1425 854 1575 892 nemine
1600 865 1741 893 carere
1769 852 1923 892 meritis
1941 865 1950 902 ς
1971 852 2042 893 sed
2065 853 2219 894 Christi
2243 855 2390 898 habere

1423 916 1578 954 merita.
1605 914 1758 966 Quibus
1775 926 1817 955 se
1833 914 1989 954 tandem
2010 914 2188 967 indiqnos
2204 918 2389 970 reddunt,

1425 978 1463 1017 si
1482 991 1559 1018 sua
1572 977 1745 1030 junyere
1768 989 1845 1016 non
1866 977 2118 1029 nequiverint
2131 1011 2143 1029 ‚
2165 979 2237 1020 sed
2263 982 2392 1034 meyle-

1425 1041 1591 1090 oeerint;
1615 1040 1721 1093 quod
1742 1039 1901 1093 quidem
1918 1039 2149 1092 periculum
2163 1043 2255 1096 jam
2276 1044 2392 1085 adul-

1428 1107 1489 1142 tae
1513 1104 1658 1143 aetatis
1682 1107 1751 1143 est.
2318 1101 2325 1109 '

1478 1166 1708 1218 Antequam
1733 1178 1897 1207 manum
1922 1178 2054 1207 meam
2077 1179 2100 1208 a
2124 1169 2163 1208 S.
2188 1170 2390 1210 Bernardo

1426 1229 1650 1280 retraham,
1675 1235 1894 1269 annotasse
1927 1228 2045 1280 juvat
2082 1242 2172 1271 esse
2201 1232 2305 1284 apud
2330 1245 2395 1272 me.

1425 1292 1665 1331 Sermonum
1689 1294 1777 1332 eius
1808 1294 1846 1331 in
1882 1293 2045 1332 Cantica
2074 1293 2250 1334 codicem
2282 1306 2394 1347 egre—

1426 1355 1534 1403 gium
1562 1355 1721 1394 saeculo
1747 1355 1890 1394 saltem
1905 1355 1997 1394 XIII
2016 1366 2094 1394 non
2117 1358 2393 1405 recentiorem,

1429 1417 1805 1468 membranaceum,
1833 1419 1870 1456 in
1895 1429 1973 1468 quo
2011 1428 2143 1458 sermo
2171 1420 2302 1460 XXIV
2331 1420 2393 1460 bis

1429 1484 1765 1530 repraesentatur.
1791 1481 1921 1519 Primo
1936 1479 2098 1530 quidem
2115 1481 2262 1520 reiecto
2277 1493 2391 1522 exor-

1429 1541 1492 1580 dio
1530 1543 1667 1594 incipit
1700 1543 1748 1581 ab
1787 1543 1871 1582 illo:
1897 1542 2008 1582 Recti
2032 1541 2201 1594 diliqunt
2218 1546 2281 1592 te,·
2303 1548 2390 1584 tum

1429 1606 1617 1644 continuo
1641 1605 1821 1644 succedit
1836 1605 1937 1644 alter
1953 1615 2086 1644 sermo
2101 1616 2194 1644 cum
2216 1606 2389 1656 exordio,

1430 1671 1474 1704 ut
1497 1671 1560 1705 est
1584 1667 1622 1705 in
1647 1667 1775 1707 editis.
1800 1669 1926 1707 Huius
1950 1667 2199 1718 repetitionis
2226 1679 2390 1709 causam

1431 1728 1562 1768 reddIt
1579 1730 1827 1768 Mabillonius
1852 1730 1889 1767 in
1915 1732 2008 1767 nota
2030 1728 2080 1767 ad
2103 1729 2216 1768 illum
2238 1730 2396 1770 Sermo-

1431 1801 1522 1829 nem
1541 1803 1550 1839 3
1581 1792 1805 1842 asseritque
1843 1801 1887 1829 se
1925 1790 2236 1842 duplicationem
2274 1792 2391 1834 Istam

1426 1853 1630 1892 Sermonis
1645 1853 1809 1892 alterius
1833 1856 1923 1904 post
1942 1852 2114 1892 alterum
2135 1853 2174 1892 in
2200 1865 2278 1894 uno
2302 1859 2391 1895 tan-

1426 1919 1513 1954 tum
1537 1916 1643 1965 regio
1666 1914 1800 1954 codice
1824 1915 2033 1966 reperisse.

1478 1977 1779 2017 BERNARDUS
1811 1978 1860 2016 dc
1898 1976 2149 2017 Claromonte
2166 2010 2179 2028 ,
2217 1980 2304 2019 aliis
2341 1981 2390 2020 de

1427 2038 1640 2087 Alvernia,
1664 2040 1727 2078 vel
1752 2039 1801 2077 de
1824 2039 2030 2089 Gannato,
2050 2039 2211 2079 Ordinis
2234 2042 2392 2081 Praedi-

1426 2105 1548 2141 cator.
1566 2102 1669 2139 circa
1685 2099 1845 2139 Annum
1863 2101 1965 2140 4292
1981 2101 2140 2152 scripsit
2155 2102 2390 2151 Quodlibeta

1426 2174 1495 2214 pro
1526 2163 1676 2201 Thoma
1699 2161 1910 2213 'Aquinate
1945 2161 2141 2202 adversus
2170 2164 2388 2206 Henricum

1427 2226 1748 2275 Gandavensem,
1764 2225 1960 2264 adversus
1975 2224 2212 2277 Godfridum
2227 2227 2276 2267 de
2291 2230 2318 2267 F
2321 2240 2393 2268 on-

1428 2289 1535 2327 tibus
1552 2318 1561 2334 ,
1581 2289 1811 2339 Magistrum
1832 2288 2095 2326 Parisiensem
2111 2319 2121 2338 ,
2138 2292 2179 2328 et
2197 2288 2394 2330 adversus

1426 2349 1855 2389 JacobumdoViterbio
1867 2349 2218 2401 Augustinianum,
2231 2351 2394 2392 Archie-

1426 2415 1632 2464 piscopum
1647 2413 1962 2464 Neapolitanum.
1978 2413 2032 2452 Et
2046 2414 2258 2453 Lecturam
2268 2426 2392 2467 super

1426 2474 1566 2514 Libros
1589 2474 1895 2515 Sententiarum.
1915 2474 2013 2514 Vide
2035 2475 2227 2516 Jacobum
2242 2477 2393 2517 Echar—

1427 2539 1522 2577 dum
1547 2543 1653 2577 tomo
1673 2539 1714 2586 Ι,
1739 2549 1826 2589 pag.
1854 2538 1929 2576 493
1950 2541 1991 2577 et
2015 2537 2091 2576 384
2112 2537 2147 2577 b.
2169 2539 2235 2578 ubi
2270 2541 2395 2580 etiam

1427 2601 1475 2639 de
1498 2599 1586 2651 ejus
1602 2599 1861 2640 Sermonzbus
1879 2632 1886 2651 ,
1904 2600 1979 2640 sub
1995 2601 2156 2640 nomine
2170 2601 2391 2642 Bernhardi

1423 2662 1649 2712 Jacobitae‚
1673 2668 1714 2702 et
1736 2662 1954 2702 Bernhardi
1978 2661 2287 2703 praedicatoris.

1478 2725 1800 2775 BERNARI)US‚
1839 2724 2055 2765 Monachus
2087 2723 2387 2778 Utummensis,

1425 2790 1583 2840 scripsit
1605 2788 1654 2828 ad
1677 2790 1881 2840 Huyonem
1898 2817 1906 2837 ‚
1926 2786 2122 2827 Abbatem
2150 2788 2389 2828 Cluniacen-

1425 2863 1527 2900 sem⁷
1557 2853 1625 2902 qui
1653 2850 1769 2890 Anno
1799 2851 1900 2891 4409
1930 2850 2041 2900 obiit,
2079 2849 2386 2890 Consvetudines

1426 2913 1700 2954 Clunz'acensis
1722 2911 1959 2953 Monasteriz·
1971 2942 1980 2962 ‚
2005 2923 2106 2963 quas
2127 2912 2261 2951 laudat
2281 2913 2387 2952 Hen-

1422 2978 1528 3015 ricus
1547 2975 1824 3015 Gandavensis
1839 2986 1922 3026 cap.
1947 2975 1983 3014 2.
2008 2975 2087 3013 Has
2106 2973 2235 3012 MStas
2259 2974 2295 3012 in
2322 2976 2386 3014 Bi-

1420 3038 1614 3077 bliotheca
1629 3037 1990 3087 Sangermannensi
2024 3035 2198 3086 (langius
2217 3035 2380 3075 evolvit.

1419 3099 1639 3151 Epistulam
1679 3097 1733 3137 ad
1773 3099 1975 3149 Jluyonem
2011 3096 2380 3138 Consuetudinibus

1420 3164 1680 3212 praemiSsam
1703 3159 1825 3199 edidit
1848 3159 2027 3198 Andreas
2047 3158 2101 3198 du
2125 3158 2284 3199 Chesne
2309 3171 2379 3199 no-

1418 3226 1468 3262 tis
1492 3224 1540 3263 ad
1564 3223 1844 3263 Bibliothecam
1874 3221 2177 3261 Cluniacensem
2200 3232 2288 3273 pag.
2311 3222 2375 3263 23.

1418 3287 1503 3326 Alia
1525 3286 1623 3325 infra
1641 3316 1649 3336 ⁷
1673 3283 1905 3324 Bernardus
1927 3281 2200 3324 Morlanensis.
