2500 4009
438 174 512 212 160

433 249 620 295 animani,
646 259 717 286 seu
753 247 1030 286 conscientiam
1061 247 1377 298 pertinentibus,

433 310 536 360 quod
549 311 596 348 ab
614 312 619 347 i
626 322 694 360 pso
711 320 864 348 sunima
875 307 1029 347 Rosella
1044 309 1272 360 appellatur.
1291 311 1378 349 Pro-

433 371 500 409 diit
528 374 681 410 Parisiis
705 372 817 409 4499.
843 370 938 408 Vide
961 371 1219 410 Trithemium
1243 374 1376 412 ο.926.

487 437 504 454 *
525 433 605 471 Sub
629 433 783 470 nomine
806 433 1003 483 Baptistae
1026 432 1074 472 de
1107 434 1208 473 Salis
1229 434 1375 474 editam

433 496 584 550 reperio
618 504 816 531 summam
847 494 1058 543 Bosellam,
1083 507 1155 535 scu
1178 497 1371 536 Boseilam

430 559 586 593 Hennae
618 566 679 592 an.
720 556 832 594 4484.
866 558 972 595 Hanc
1004 562 1138 597 autem
1161 557 1372 598 editionem

429 628 497 666 ego
519 619 554 653 in
579 616 815 656 Bibliotheca
840 629 926 657 mea
946 629 1074 657 servo.

480 678 716 717 BAPTISTA
736 679 987 729 Trovamala,
1001 680 1158 720 Ordinis
1171 683 1374 734 Minornm,

426 740 526 791 apud
540 741 820 789 Lovanienses,
830 743 1037 793 scripsisse
1053 743 1220 783 traditur
1238 747 1374 796 etipse

425 805 629 841 Summam
654 814 819 843 casuum
843 804 1132 853 Conscientiae,
1154 806 1374 847 litterarum

423 864 614 914 digestam
639 864 791 914 ordine„
816 878 917 916 quae
940 866 1228 918 Baptistiniana
1254 869 1302 908 ab
1329 880 1375 908 eo

422 926 495 964 dici
519 928 740 965 consuevit.
777 927 922 966 Prodiit
945 929 1087 968 Romae
1118 930 1219 969 4479
1242 929 1376 981 Augu-

422 993 505 1025 stae
524 988 636 1027 4484.
649 988 923 1040 Norimbergae
939 991 953 1029 4
966 991 1051 1028 488.
1070 991 1243 1030 Venetiis
1259 994 1273 1032 4
1286 993 1372 1041 495,

423 1051 536 1098 4498,
553 1051 709 1088 Parisiis
731 1052 832 1090 4545
855 1055 895 1090 ct
918 1051 1156 1103 Argentinae
1175 1055 1372 1094 45431440

424 1114 594 1162 Baptista
623 1114 769 1152 rectius
792 1123 883 1152 cum
913 1116 1113 1165 superiore
1152 1115 1271 1165 idem,
1308 1128 1372 1156 ea-

421 1174 589 1224 demque
613 1187 770 1214 summa
806 1175 973 1214 habetur
997 1186 1018 1214 a
1043 1176 1197 1216 Labbeo
1231 1183 1324 1216 tom.
1353 1179 1367 1217 1

419 1236 467 1273 (le
490 1238 527 1275 S.
553 1237 596 1275 E.
627 1248 709 1288 cap.
750 1238 825 1276 482
864 1249 1094 1288 quanquam
1131 1239 1195 1278 alii
1230 1240 1369 1279 distin-

419 1305 561 1348 guunt.
586 1304 628 1337 ut
652 1299 897 1350 Waddingus
921 1302 959 1338 in
984 1300 1221 1341 Bibliotheca
1257 1302 1369 1342 Ordi-

421 1362 481 1398 nis
503 1362 696 1400 Minor-um
719 1373 804 1413 pag.
832 1362 892 1400 47.

475 1423 713 1462 BAI'TISTA
750 1425 923 1473 varana,
964 1425 1039 1464 filia
1069 1426 1256 1477 Principis
1293 1426 1368 1465 Ca-

419 1488 648 1535 niertensiS,
668 1487 851 1525 Monacha
870 1488 907 1526 S.
925 1488 1074 1536 Clarae,
1090 1488 1244 1539 quaeA.
1264 1490 1364 1528 4500

417 1546 518 1585 diem
542 1548 653 1595 obiit,
673 1560 763 1587 cum
787 1550 1013 1600 scripsisset
1038 1551 1240 1590 historiam
1265 1552 1365 1591 Con-

416 1611 608 1648 versionis
631 1621 741 1655 suae,
778 1616 818 1649 et
855 1612 927 1650 An.
954 1613 1054 1651 4488
1078 1613 1126 1651 de
1164 1613 1363 1652 doloribus

414 1678 500 1710 octo
522 1674 675 1711 animae
709 1674 876 1720 Cllristi,
900 1679 941 1712 et
960 1674 1032 1712 An.
1060 1676 1153 1714 4494
1184 1675 1362 1714 recorda-

412 1735 556 1778 tiones,
581 1736 665 1773 sive
687 1737 966 1774 instructiones
986 1737 1181 1787 spiritales
1201 1747 1357 1775 novem.

413 1797 595 1835 Carmina
618 1798 734 1835 ctiam
754 1799 886 1835 Latina
904 1802 944 1836 et
967 1799 1117 1847 Italica,
1147 1799 1362 1850 Epistolas-

412 1869 500 1907 que.
528 1857 621 1896 Vide
644 1858 922 1910 Waddingum.

466 1920 528 1958 325
549 1922 651 1959 Suae
679 1920 777 1959 vidit
800 1922 1049 1961 eversionem
1079 1923 1211 1974 gentis
1233 1927 1274 1962 et
1296 1923 1355 1963 ob.

411 1979 471 2018 ‹lie
496 1982 563 2019 ult.
588 1983 673 2021 Maii
697 1981 769 2021 An.
797 1985 910 2023 4523.
935 1985 1045 2023 Cous.
1084 1984 1177 2025 Lim
1208 1985 1357 2024 [storia

412 2041 454 2079 di
469 2042 675 2082 Camerino
691 2049 729 2081 et
747 2045 939 2083 Pascucci
962 2048 1124 2094 (Matteo)
1151 2046 1236 2086 Vita
1254 2046 1357 2086 della

411 2104 455 2141 B.
485 2104 585 2142 Butt.
621 2106 769 2143 l'arant
798 2106 1051 2158 Principessa
1079 2106 1122 2146 di
1149 2108 1357 2148 Camerino

413 2176 431 2202 c
458 2163 675 2216 fundatrice
717 2166 780 2204 del
805 2168 1026 2207 ,nonastero
1066 2168 1109 2208 di
1134 2172 1173 2209 S.
1206 2170 1358 2210 Chiam

412 2238 482 2264 con
510 2226 583 2264 ale.
609 2231 777 2277 operette
791 2228 996 2280 spirituali
1011 2229 1113 2269 della
1135 2231 1355 2271 medesima.

411 2289 614 2327 Macer-ata
646 2290 760 2329 4680.
794 2292 830 2329 ss.

466 2353 484 2372 ⁵
507 2352 657 2401 l'igeret
678 2352 738 2389 hic
763 2352 987 2392 illaudatam
1009 2356 1255 2405 praeteriisse
1283 2357 1357 2395 Va-

411 2424 544 2451 mnam
565 2413 727 2452 alteram
746 2414 815 2453 hac
836 2416 1112 2466 antiquiorem,
1137 2429 1255 2468 quam
1272 2418 1356 2470 lego

408 2476 621 2512 orationem
637 2476 1225 2531 eloquentiss.ornatissimamq.
1237 2482 1358 2532 scrip-

408 2538 524 2586 sisse,
548 2542 586 2575 et
611 2539 797 2577 recitasse
821 2550 951 2578 coram
977 2541 1118 2580 Blanca
1138 2543 1254 2581 Maria
1271 2542 1356 2581 Phi-

411 2600 498 2650 lippi
536 2601 582 2638 M.
625 2601 873 2640 vicecomitis
909 2601 1208 2643 Mediolanensis
1236 2606 1356 2644 Ducis

409 2662 483 2699 filia
507 2673 597 2700 cum
617 2664 757 2701 aetatis
772 2674 921 2702 annum
938 2665 1025 2703 XIV
1043 2677 1118 2704 non
1134 2666 1353 2706 excederet.

409 2724 537 2761 'sestis
561 2724 678 2763 huius
705 2730 767 2763 est
804 2730 844 2764 et
881 2726 1059 2766 laudator
1097 2728 1354 2768 Guinisortius

411 2786 606 2823 Barzizius
630 2787 665 2824 in
689 2788 851 2837 epistola
875 2800 919 2827 ea
938 2788 986 2827 de
1010 2790 1114 2829 read
1140 2791 1243 2830 illam
1261 2793 1354 2831 scri-

411 2851 472 2896 pta
496 2847 585 2885 data
613 2859 674 2886 an.
701 2849 801 2887 4434
826 2862 910 2901 pag.
939 2852 1012 2890 434
1037 2852 1129 2891 edit.
1153 2865 1176 2892 a
1199 2847 1353 2893 Furieto

409 2915 577 2947 curatae.
614 2909 675 2948 An
709 2922 802 2949 vero
842 2914 975 2952 Latina
1013 2914 1108 2954 haec
1127 2916 1179 2954 sit
1206 2917 1352 2966 oratio,

412 2982 479 3008 seu
501 2973 708 3011 vernacula
731 2974 874 3023 ignoro.

461 3033 699 3072 From-iscus
723 3034 998 3083 BARBARUS.
1021 3038 1211 3079 Candiani
1229 3040 1349 3090 lilius,

411 3093 552 3131 Nobilis
576 3096 749 3134 Venetus
768 3108 812 3134 ac
830 3098 1051 3138 Praefectus
1068 3102 1229 3150 Brixiae,
1246 3103 1350 3141 illam

412 3155 608 3194 civitatem
631 3157 824 3197 adversus
848 3164 977 3199 motus
1006 3163 1203 3213 internos,
1231 3169 1350 3215 atque

413 3218 625 3255 exercitum
656 3219 979 3262 Mediolanensem
1002 3236 1068 3274 per
1087 3229 1169 3265 tres
1193 3238 1350 3266 menses

415 3276 820 3320 formosas-fvnditAn.
839 3285 852 3323 4
868 3284 951 3323 438.
963 3285 1067 3326 Ideni
1085 3288 1214 3330 clarus
1230 3290 1347 3330 ctiam

1238 177 1610 218 BAPTlsTA

1452 251 1610 300 litteris,
1634 264 1680 292 ac
1699 253 1957 305 Chrysolorae
1995 255 2228 308 discipulus,
2252 257 2400 300 Graeca

1452 316 1492 350 et
1509 314 1640 353 Latina
1658 315 1787 367 lingua
1802 317 1944 366 valuit,
1961 321 2001 356 et
2019 318 2161 358 florens
2183 320 2399 361 eti-tunnam·

1450 372 1576 414 Annis
1595 378 1752 428 scripsit
1774 378 1891 416 libros
1913 377 2012 418 duos
2026 378 2073 418 [Ie
2086 391 2131 419 re
2153 380 2322 430 uoeoria,
2340 393 2401 421 re-

1448 446 1565 475 cusos
1587 438 1712 477 Amst.
1732 440 1848 488 4639,
1871 440 1932 479 42.
1958 441 2110 488 Latine,
2134 441 2156 466 *
2176 453 2248 482 nec
2265 443 2400 483 minus

1447 498 1594 548 Italice,
1618 500 1775 540 Alberto
1799 502 1917 540 Lollio
1941 503 2182 542 Ferrariensi
2206 505 2400 556 interpre-

1446 565 1485 598 te
1508 562 1680 600 Venetiis
1712 564 1827 610 4548,
1851 564 1888 602 8.
1912 564 2038 602 Vertit
2052 565 2172 603 etiam
2197 577 2218 604 e
2242 566 2400 606 Plutar-

1446 622 1518 660 cho
1542 625 1663 662 vitam
1692 623 1879 664 Aristidis
1907 629 1946 664 et
1971 624 2129 666 Catonis
2165 626 2398 677 dicavitque

1447 685 1553 723 fratri
1577 686 1791 725 Zachariae.
1815 685 2004 736 Ejusdem
2022 686 2226 727 Orationes
2247 692 2287 726 et
2301 687 2397 740 Epi-

1445 744 1636 785 stolarum
1659 746 1755 786 libri
1770 748 1864 787 XVI.
1887 748 2146 788 celebrantur.
2171 750 2308 789 Plures
2341 750 2391 790 ad

1447 807 1551 846 hunc
1575 810 1768 848 Francisci
1791 810 1980 861 Philelphi
2002 811 2212 863 Epistolae.
2248 811 2392 852 Habuit

1447 869 1507 908 hic
1532 872 1763 911 Franciscus
1782 873 1901 912 etiam
1925 872 2047 912 filium
2068 872 2269 924 Zacharia,
2283 877 2325 912 et
2344 885 2393 913 ex

1446 931 1517 970 hoc
1534 938 1713 984 nepotem
1724 934 1985 985 llermolaum,
2001 934 2396 987 PatriarchamAqui-

1446 993 1645 1045 lvjonsem.
1681 996 1758 1035 Sed
1782 1000 1822 1035 et
1845 996 1991 1044 fratriS,
2031 997 2253 1046 Zachariae,
2289 997 2394 1037 tillus

1444 1058 1672 1096 Hermolaus
1681 1057 1964 1109 appellabatur,
1979 1058 2216 1097 Veronensis
2227 1053 2390 1110 Episco-

1442 1131 1527 1170 pus.
1554 1121 1608 1158 De
1646 1120 1811 1171 singulis
1847 1120 2032 1159 distinete
2077 1130 2167 1160 sum
2200 1119 2391 1160 dicturus.

1441 1181 1672 1221 Franciscus
1690 1182 1750 1221 hic
1769 1183 1873 1221 diem
1890 1182 1983 1222 obiit
1999 1181 2112 1221 Anno
2127 1181 2296 1222 ⁴4542de
2315 1194 2392 1234 quo

1439 1247 1594 1294 praeter
1616 1244 1874 1284 Trithcmium
1910 1255 1993 1296 cap.
2017 1243 2107 1283 766.
2144 1244 2321 1284 Baelium
2350 1245 2390 1283 in

1440 1306 1597 1356 Lexico,
1617 1311 1797 1345 accurate
1812 1306 2023 1358 Apostolus
2037 1307 2165 1346 Zenus
2180 1309 2208 1345 t.
2223 1307 2389 1347 XXVIII

1440 1369 1555 1407 Diarii
1575 1369 1829 1408 Eruditorum
1855 1369 1994 1408 ltaliae
2009 1379 2095 1421 pag.
2121 1368 2198 1408 430
2213 1379 2295 1420 seq.
2319 1369 2387 1420 qui

1440 1442 1524 1482 pag.
1550 1432 1625 1471 243
1645 1433 1763 1470 etiam
1787 1431 1993 1470 Volumina
2017 1431 2094 1471 duo
2116 1429 2390 1484 Epistularum

1438 1494 1543 1533 MSS.
1569 1498 1775 1542 memorat,
1799 1506 1820 1532 e
1843 1493 1997 1545 quibus'
2016 1493 2178 1532 historia
2200 1493 2388 1533 litteraria

1437 1557 1557 1594 seculi
1592 1557 1662 1595 XV
1697 1557 1900 1607 insigniter
1934 1556 2120 1595 illustrari
2161 1559 2312 1607 possit:
2346 1560 2387 1595 et

1435 1619 1689 1669 Evangelista
1723 1618 1942 1658 Manelmus
1984 1618 2215 1657 Vicentinus
2246 1616 2295 1656 de
2323 1628 2389 1668 ge-

1434 1681 1508 1717 stis
1531 1681 1727 1721 Francisci
1751 1680 1928 1728 Barbari,
1944 1679 2074 1719 editus
2097 1691 2120 1718 a
2142 1681 2291 1718 Joanne
2305 1677 2386 1718 An-

1432 1741 1525 1780 drea
1540 1740 1743 1790 Astezato,
1758 1743 1910 1781 Brixiae
1927 1741 2044 1789 4728,
2063 1737 2130 1789 4²⁰,
2149 1752 2241 1780 cum
2257 1741 2388 1779 Fran-

1431 1803 1529 1842 cisci
1560 1803 1739 1843 Barbari
1771 1804 1922 1844 actione
1953 1802 2183 1855 qratiarum
2195 1834 2207 1854 ,
2251 1801 2386 1842 habita

1424 1864 1568 1918 populo
1586 1862 1798 1906 Brioez'ano'.

1483 1928 1776 1980 *Epistolarum
1797 1930 1869 1968 viri
1893 1928 2012 1968 huius
2031 1928 2247 1968 doctissimi
2264 1928 2381 1968 colle-

1428 1991 1597 2030 ctionem
1640 1992 1737 2030 satis
1772 1992 1942 2042 amplam
1977 2003 1998 2030 e
2034 1991 2139 2030 MSS.
2169 1990 2268 2030 cod.
2302 1991 2382 2029 fere

1429 2064 1478 2091 ex
1501 2054 1649 2103 integro
1663 2058 1816 2092 erutam
1838 2052 1946 2092 dedit
1961 2053 2217 2092 Eminentiss.
2233 2063 2278 2091 ac
2293 2063 2384 2091 eru-

1429 2113 1553 2152 ditiss.
1570 2115 1608 2154 S.
1629 2116 1671 2154 R.
1697 2115 1740 2153 E.
1766 2114 1983 2155 Cardinalis
2000 2114 2099 2166 Ang.
2115 2115 2162 2165 M.
2179 2114 2380 2163 Quirinus,

1429 2177 1490 2214 cui
1515 2181 1555 2215 et
1581 2175 1838 2227 appendicem
1875 2187 1924 2214 ex
1959 2176 2044 2214 aliis
2082 2174 2262 2215 eiusdem
2289 2175 2385 2214 Bar-

1429 2239 1509 2277 bari
1533 2242 1573 2276 et
1595 2238 1758 2277 aliorum
1781 2237 1829 2277 ad
1855 2238 1983 2289 ipsum
2003 2237 2180 2289 epistolis
2216 2249 2265 2276 ex
2293 2237 2380 2276 aliis

1429 2300 1534 2339 MSS.
1560 2299 1678 2338 Codd.
1712 2299 1870 2348 adiecit,
1895 2303 1939 2339 ut
1962 2299 2080 2338 simul
2103 2309 2241 2337 omnes
2269 2308 2380 2338 sum-

1429 2373 1532 2401 mam
1554 2362 1762 2401 conficiant
1784 2361 1981 2413 epistolar.
2001 2361 2088 2400 368.
2108 2361 2253 2400 Prodiit
2274 2371 2374 2411 opus

1428 2425 1579 2464 Brixiae
1602 2435 1663 2463 an.
1689 2423 1789 2464 4743
1815 2425 1851 2462 in
1875 2424 1909 2462 4.
1930 2424 2136 2462 Praemisit
2158 2422 2250 2462 huic
2266 2423 2378 2462 volu-

1428 2487 1522 2524 mini
1545 2485 1686 2525 author
1708 2485 2000 2525 eruditissimus
2022 2485 2211 2524 volumen
2234 2484 2274 2522 in
2298 2495 2377 2535 quo

1428 2552 1550 2587 totam
1573 2548 1729 2587 Barbari
1759 2548 1967 2587 Historiam
1995 2547 2189 2586 latissime
2224 2550 2265 2585 et
2291 2540 2378 2586 dili-

1427 2614 1564 2661 genter
1583 2610 1953 2661 exponit.Eiusdem
1969 2609 2127 2650 Barbari
2146 2612 2376 2649 commenta-

1427 2671 1544 2712 riolos
1553 2671 1787 2712 Brioeienses
1804 2676 1997 2712 memorat
2006 2671 2087 2712 Nic.
2097 2672 2228 2711 Restis
2247 2671 2284 2710 in
2302 2667 2389 2711 sua'

1427 2735 1550 2786 Epist.
1575 2734 1622 2773 ad
1642 2734 1813 2774 eundem
1835 2734 2062 2784 Barbarum,
2086 2745 2187 2785 quae
2205 2737 2268 2773 est
2295 2733 2372 2773 433

1428 2797 1463 2834 in
1489 2795 1625 2835 eadem
1649 2797 1889 2836 collectione.
1924 2788 2203 2836 Praefationem
2225 2795 2373 2834 versio-

1427 2859 1486 2895 nis
1502 2857 1549 2897 de
1565 2860 1645 2897 vita
1661 2857 1843 2897 Aristidis
1857 2861 1898 2897 et
1912 2857 2084 2898 Platonis
2101 2869 2151 2897 ex
2166 2856 2372 2897 Plutarcho

1424 2919 1601 2970 vulgavit
1625 2920 1737 2960 Card.
1762 2920 1948 2966 Quirinus
1971 2920 2009 2958 in
2038 2919 2209 2959 Diatriba
2230 2919 2371 2970 praeli-

1425 2981 1590 3021 liminari
1613 2981 1661 3021 ad
1684 2982 1953 3021 collectionem
1995 2982 2251 3034 epistolarum
2276 2982 2371 3020 Bar-⁴

1423 3043 1516 3082 bari.
1540 3044 1601 3083 Ex
1624 3044 1709 3082 eius
1732 3043 1973 3082 orationibus
1997 3043 2182 3093 vulgatae
2197 3041 2364 3081 suntab.

1423 3107 1550 3145 Emin.
1575 3106 1734 3152 Quirino
1759 3104 1892 3144 Oratio
1912 3102 2092 3156 funebris
2123 3115 2202 3155 pro
2227 3113 2364 3142 amzco.

1474 3199 1489 3214 ⁸
1511 3202 1624 3232 Lattnc
1656 3202 1786 3242 saepius
1809 3200 1963 3233 viderunt
1997 3197 2128 3240 lucem,
2160 3203 2197 3232 ut
2232 3179 2362 3235 notavit

1415 3250 1650 3283 Hendrclchtus
1675 3259 1749 3291 pag.
1771 3249 1845 3282 440.
1878 3248 2005 3281 Prodttt
2024 3250 2126 3283 etiam
2149 3249 2272 3284 Gallica
2294 3260 2365 3286 ver·-
2392 3280 2394 3288 .

1415 3302 1483 3341 sio,
1510 3300 1594 3334 Jollo
1617 3302 1795 3342 interprete
1817 3301 1951 3333 Parisiis
1975 3297 2066 3332 1607.
