2500 4009
461 255 533 292 '030

454 325 596 374 quibus
622 325 844 362 lletruscain
873 323 1042 371 linguan)
1070 323 1212 359 mirum
1249 324 1285 360 in
1313 334 1393 361 mo-

454 385 547 424 duni
575 386 803 424 illustravit:
831 382 897 420 sed
922 394 1022 432 quae
1048 384 1182 421 Latine
1207 384 1255 422 ab
1278 396 1323 423 eo
1353 387 1391 423 in

457 448 603 484 litteras
627 456 743 483 missa
769 448 861 481 sunt
891 446 1149 492 praetermitti
1175 447 1195 483 3
1217 457 1280 484 nie
1297 458 1393 486 neu-

456 515 600 560 tiquam
622 506 778 544 debent.
804 507 840 542 in
864 505 1007 554 quibus
1033 507 1284 546 notissimum
1305 507 1392 557 ejus

452 568 681 618 opusculum
702 568 939 616 tripertitum
964 566 1012 605 de
1031 568 1196 618 Imperio
1217 571 1392 619 superio-

453 641 491 665 re
518 628 725 674 lici-iosus,
751 629 868 665 etiam
894 629 1092 668 Romana:
1117 634 1153 667 et
1194 630 1391 680 pendente

452 702 523 727 non
550 692 569 726 ii
597 691 692 740 Papa
711 720 720 735 .
747 689 815 727 sed
841 691 861 728 ii
887 691 1010 729 DEO:
1037 692 1138 742 quod
1164 691 1210 730 cle-
1233 693 1392 731 Monar-

448 751 532 787 vlii‘a
555 750 693 789 ‚ilunde'
715 751 844 790 laudat
872 752 1112 792 Tritlieniius
1133 765 1215 804 cap.
1242 754 1317 793 546
1341 755 1390 794 (10

448 815 484 848 S.
511 813 553 850 F..
579 814 810 863 primusque
846 814 966 852 edidit
1005 816 1138 854 Simon
1175 816 1390 856 schardius

448 887 481 911 in
506 875 654 925 sylloge
688 878 921 926 scriptorum
948 877 995 915 de
1022 879 1212 928 imperiali
1230 878 1391 928 jurisdi-

443 940 572 975 ctione
589 943 626 974 et
644 943 838 988 potestate
858 939 1143 988 Ecclesiastica,
1162 941 1276 979 Basil.
1289 941 1388 980 1566

445 998 506 1035 sol.
531 1010 615 1049 pag.
643 999 717 1037 237
745 1000 832 1037 inde
857 1003 1018 1051 Argent.
1047 1003 1160 1046 1609,
1187 1004 1302 1051 1618,
1327 1004 1389 1042 fol.

445 1071 627 1099 recusum
652 1073 807 1112 quoque
833 1065 1043 1114 separatim
1078 1066 1251 1104 Basileae
1274 1067 1388 1116 1599,

441 1123 475 1158 8.
502 1123 603 1172 apud
635 1125 862 1173 Oporinuni.
896 1125 956 1163 ‘85
984 1125 1167 1165 Coloniae
1196 1127 1324 1176 1740,
1350 1129 1385 1165 8.

442 1185 615 1222 Venonis
646 1185 775 1228 1760,
806 1187 867 1233 8.)
907 1188 1067 1238 Propter
1103 1189 1207 1227 hunc
1245 1190 1388 1229 librum

443 1247 590 1284 Dantes
615 1252 701 1297 post
727 1248 877 1286 obitum
915 1250 1017 1288 inter
1054 1250 1273 1291 haereticos
1296 1263 1388 1291 con-

440 1308 652 1347 demnatus
675 1314 749 1349 051.
775 1315 814 1348 ut
843 1316 1020 1351 notatum
1043 1314 1197 1352 Bartolo
1226 1316 1323 1354 JGzo
1348 1317 1385 1353 in

442 1370 564 1419 legem
592 1371 618 1408 l.
640 1370 739 1417 mvi,
766 1372 797 1422 3
823 1373 1044 1423 Praesides,
1071 1376 1114 1414 1).
1140 1377 1309 1424 XLVIII,
1337 1376 1385 1416 17

438 1431 483 1468 cie
499 1432 747 1483 requiremle's
764 1434 857 1473 reis.
874 1437 902 1474 Α
911 1437 1150 1476 reimboldus
1163 1449 1334 1489 quoque⁷
1351 1441 1384 1487 a')

437 1494 769 1545 Arelliopiscopus
791 1497 1093 1537 iilediolanensis
1109 1532 1118 1546 ,
1147 1502 1182 1537 in
1208 1501 1384 1552 catalogo

439 1556 756 1605 haereticorum,
787 1559 967 1607 ejusdem
999 1560 1083 1598 libri
1129 1563 1309 1600 meminit
1346 1568 1386 1600 et

439 1618 618 1668 prohibet
635 1650 643 1666 ,
671 1630 717 1657 ne
742 1622 831 1669 quis
859 1632 951 1658 euni
977 1622 1091 1672 legat.
1117 1624 1264 1663 Multus
1288 1637 1386 1675 quo-

437 1692 514 1729 que
548 1686 610 1718 051
640 1682 678 1719 in
715 1693 760 1719 eo
798 1683 1121 1732 reprehendendo
1159 1686 1384 1726 Antoninus

439 1742 714 1782 isiorentinus.
739 1755 919 1783 summae
956 1746 1239 1786 Chronieoruni
1274 1754 1384 1799 parte

441 1803 476 1839 3.
502 1805 559 1840 tit.
587 1805 629 1843 ‘2¹
654 1816 738 1856 rap.
759 1806 800 1842 V.
829 1806 862 1853 ξ.
887 1807 920 1843 2.
948 1819 1030 1857 pag.
1057 1810 1156 1856 306,
1181 1820 1263 1860 seq.

491 1866 547 1903 lix
575 1866 760 1917 Epistolis
784 1869 920 1906 nantis
944 1871 1091 1908 Latinis
1116 1882 1193 1909 003
1216 1871 1271 1910 ad
1304 1873 1380 1912 Ca-

437 1938 521 1964 nem
559 1927 803 1979 Scaliqerum
825 1962 834 1977 ¹.
866 1932 1111 1983 l’rincipatus
1141 1934 1316 1974 Veronae
1340 1941 1380 1974 et

436 1989 634 2028 vicentiae
675 1992 869 2030 vicarium
907 1994 1130 2044 generalem
1154 2026 1162 2043 ,
1186 2001 1318 2035 exstat
1340 1998 1378 2035 in

438 2062 573 2089 100500
608 2054 804 2091 Minervae
845 2055 1016 2094 Venetae
1051 2057 1098 2102 (13
1136 2058 1305 2097 Galleria
1342 2059 1380 2097 di

437 2113 617 2160 Minerva)
645 2114 818 2152 Venetiis
850 2115 975 2162 1700,
1016 2117 1077 2154 fol.
1108 2121 1202 2156 tom.
1228 2119 1263 2156 3.
1294 2131 1382 2170 pag.

437 2174 634 2212 iio-⁵228.
663 2177 699 2212 in
742 2177 858 2226 cujus
894 2178 1093 2228 Epistulae
1131 2181 1382 2230 inscriptione

440 2232 705 2273 Florentinwn
735 2249 776 2275 se
808 2239 959 2276 natione
989 2250 1064 2277 non
1100 2239 1277 2280 moribus
1318 2254 1383 2293 ap—

433 2381 521 2404 mum
553 2378 600 2404 est
640 2377 754 2405 Drama
794 2378 974 2414 satyricum
1008 2379 1049 2408 tle
1088 2380 1191 2411 Coelo
1206 2405 1215 2419 ‚
1253 2382 1386 2421 Pon-ya-

432 2423 523 2451 tore'o
546 2427 578 2452 et
604 2424 745 2462 Inferna
779 2427 969 2465 saepissime
991 2427 1119 2460 editum
1145 2435 1177 2461 et
1205 2432 1385 2463 multorum

435 2470 632 2502 illustratum
651 2476 897 2505 commentariis
913 2499 922 2513 ‚
946 2477 984 2508 de
1006 2479 1127 2516 quibus
1154 2479 1314 2511 videndus
1338 2484 1388 2512 Jo.

434 2521 472 2550 u.
489 2521 756 2552 crescimbenius
773 2525 806 2553 ln
826 2523 962 2555 historia
978 2527 1111 2566 poeseos
1134 2527 1282 2565 italicae,
1297 2529 1388 2568 p.90.

431 2575 461 2601 et
485 2571 544 2600 '258
566 2579 633 2609 seq.
649 2575 679 2601 et
695 2574 721 2602 J.
738 2574 834 2611 Niger
852 2575 884 2604 in
901 2574 1038 2607 historia
1062 2579 1177 2618 script.
1192 2578 1337 2610 Floreat.
1356 2589 1387 2620 p.

434 2619 492 2650 145
505 2622 561 2660 qui
580 2624 718 2651 testatur
732 2623 846 2653 Latine
861 2625 962 2654 etiam
978 2633 1108 2657 versum
1123 2625 1141 2657 a
1156 2627 1269 2658 Pau'o
1287 2628 1392 2660 Nico·

431 2670 532 2707 !etto,
551 2671 686 2708 veneto,
699 2673 836 2703 eremita
859 2674 947 2704 circa
959 2677 1018 2705 An.
1038 2674 1186 2708 1410013
1202 2679 1388 2717 mcccv-de,

431 2720 593 2759 Theologo
617 2721 814 2758 carmelita,
839 2722 980 2754 Andrea
1004 2726 1220 2765 Neapolitano
1243 2732 1276 2759 et
1298 2730 1386 2761 circa

434 2773 492 2800 An.
517 2769 605 2801 1400.
625 2770 825 2808 Guinisoree
849 2772 1015 2805 Barzizio
1031 2799 1040 2812 ,
1056 2776 1137 2808 JCto
1150 2780 1359 2818 Bergomensi
1376 2803 1385 2817 ,

435 2823 464 2848 rt
488 2819 667 2850 ,nuilliaco
691 2821 820 2858 Romi,
844 2823 985 2861 veneto,
1010 2824 1144 2858 Ordinis
1168 2829 1288 2859 Montis
1317 2828 1387 2860 Oli-

432 2870 509 2900 veti.
526 2868 739 2902 editionibus
758 2869 909 2902 addenda
933 2875 1129 2914 novissima,
1155 2878 1285 2918 Neapol.
1304 2878 1385 2910 1716

435 2915 479 2947 ¹⁴2.
503 2920 581 2950 vide
605 2921 693 2951 Diar.
711 2921 872 2952 eruditor.
890 2922 1002 2954 italiae
1016 2947 1026 2962 ,
1051 2929 1076 2957 t.
1098 2927 1213 2958 XXXV.
1232 2936 1265 2967 p.
1287 2927 1360 2961 2⁶25.

489 2966 524 3005 d)
550 2970 591 3000 Le
613 2977 708 3009 prose
725 2970 757 3001 di
780 2972 913 3003 nantec
927 2971 958 3003 di
977 2975 1156 3007 Boocaccio
1172 2999 1181 3014 ,
1206 2978 1238 3009 in
1267 2979 1383 3010 Firen0

431 3023 465 3048 ze
489 3015 580 3050 1723.
615 3017 673 3049 Adi
713 3020 863 3050 niarium
904 3021 1112 3055 eruditorum
1137 3025 1274 3064 italiae,
1302 3031 1382 3058 tom.

433 3067 559 3097 xxxvi.
581 3075 654 3106 pag.
677 3067 750 3099 511.
774 3071 864 3106 Quae
887 3070 966 3101 Luni.
994 3072 1226 3106 castelvetrius
1258 3078 1289 3107 in
1318 3076 1381 3108 hoc

437 3115 547 3146 Dentis
568 3115 715 3148 dramate
730 3120 857 3149 notavit
873 3142 881 3155 ,
906 3119 979 3151 vide
1015 3129 1034 3151 n
1060 3123 1129 3162 eJ‘us
1144 3125 1313 3163 opusculis
1329 3133 1384 3157 va-

435 3164 490 3192 riis
504 3164 635 3197 etnicis
653 3172 814 3206 postumis
837 3170 934 3202 editis
957 3171 1090 3210 italice,
1110 3173 1211 3214 Lugd·
1233 3174 1333 3215 1727,
1350 3175 1380 3207 4:

435 3218 508 3248 pag.
533 3211 602 3244 157.
627 3223 718 3256 seqq.

495 3261 529 3296 3)
550 3264 699 3296 munius
722 3269 905 3307 nernegger
919 3272 951 3300 in
972 3269 1058 3301 idolo
1080 3274 1262 3305 Lauretano
1279 3299 1288 3312 ‚
1306 3284 1380 3315 pag.

439 3307 506 3339 194.
528 3312 609 3387 {ime
631 3315 673 3342 sis
695 3319 792 3346 eiiam
817 3320 1028 3350 Possevinurn
1046 3325 1124 3353 tom.
1146 3322 1157 3352 1
1181 3329 1380 3363 apparatus,

437 3365 509 3397 ρας.
568 3359 596 3389 ⁷1.

1287 254 1574 294 DANTES

1465 326 1597 376 pellat.
1615 328 1675 376 (86
1694 333 1734 367 01
1753 340 1842 370 cuni
1864 331 1951 371 aliis
1972 332 2008 370 in
2033 332 2414 375 edit.1>ataviii827

1468 388 1504 424 in
1526 388 1550 424 8
1569 394 1734 429 curante
1762 391 1810 429 01.
1841 393 1977 431 Carolo
2003 395 2101 433 Prot.
2123 394 2288 444 Witte.)

1520 449 1620 488 Libri
1646 450 1723 490 duo
1743 451 1788 490 de
1808 453 1971 504 vulyari
1987 454 2204 507 eloquentia
2219 459 2252 507 a)
2278 460 2415 499 Latine

1466 509 1560 548 editi
1585 513 1744 552 Parisiis
1769 514 1883 562 1577,
1909 516 1945 553 8.
1970 517 1991 554 a
2013 518 2157 557 Jacobo
2180 520 2414 566 Corbinello‚

1466 577 1534 612 eta
1557 577 1687 614 nescio
1712 587 1790 627 quo
1813 578 1919 616 versi
1940 578 2414 631 Italice,Vincetiaei529‚

1467 634 1530 673 sol.
1575 641 1615 674 et
1660 638 1857 678 Ferrariae
1897 640 2016 688 1583,
2054 641 2092 679 8.
2128 653 2220 682 cum
2263 643 2416 697 dialogo

1466 696 1657 736 Joliannis
1679 699 1833 751 Georgii
1857 701 2035 751 Trissini,
2064 706 2105 741 et
2124 704 2162 741 in
2183 703 2265 754 jam
2282 705 2414 745 iauda-

1466 764 1504 796 10
1528 770 1666 798 museo
1690 762 1888 800 Minervae
1923 763 2096 802 Venetae
2121 768 2148 802 t.
2165 766 2200 804 1.
2216 777 2254 817 p.
2272 767 2413 806 36-64.

1517 822 1704 866 Quaestio
1720 821 1766 860 de
1783 825 1932 861 natura
1946 821 2117 862 duorum
2136 825 2415 868 elementorum

1463 894 1592 934 aquae
1623 887 1662 922 et
1693 887 1850 933 terrae,
1874 885 1978 924 edita
2002 887 2024 924 a
2046 886 2225 928 Johanne
2248 891 2413 930 Benedi-

1463 951 1525 983 cto
1546 947 1765 986 Monacetto
1784 976 1793 995 ,
1818 948 1994 987 Venetiis
2017 948 2120 988 1508
2142 978 2151 997 ,
2178 950 2213 989 4.

1522 1007 1582 1057 (87
1601 1008 1727 1061 Opere
1747 1009 1897 1050 Minori
1913 1008 1957 1048 di
1968 1009 2093 1050 Dante
2114 1009 2312 1063 Alt'yhieri
2326 1012 2416 1053 Flo-

1464 1071 1617 1112 rentiae
1639 1071 1825 1110 1839-40.
1841 1073 1878 1110 10
1895 1072 1972 1111 vol.
1990 1072 2054 1111 111.
2075 1073 2308 1113 Monarchia
2321 1085 2413 1115 cum

1463 1136 1591 1175 italica
1613 1136 1772 1184 interpr.
1794 1135 1951 1173 Marsilii
1972 1135 2158 1174 Ficini—
2172 1136 2230 1176 De
2249 1135 2414 1188 Vulqari

1462 1197 1626 1249 Eloquia
1656 1207 1747 1235 eum
1779 1196 1907 1236 italica
1938 1198 2099 1249 interpr.
2123 1199 2156 1238 J.
2178 1199 2225 1238 G.
2248 1200 2412 1238 Trissini

1460 1283 1513 1290 —
1536 1258 1736 1310 Epistolae
1757 1269 1859 1308 quae
1883 1263 2022 1298 extant.
2045 1270 2137 1299 cum
2166 1260 2412 1312 disquisitio-

1462 1323 1541 1361 nib.
1552 1328 1591 1359 ot
1617 1322 1695 1360 ital.
1709 1323 1870 1372 interpr.
1884 1321 1996 1360 Petri
2006 1321 2282 1362 Fraticelci.—
2292 1324 2412 1362 Prose

1461 1396 1479 1422 e
1510 1384 1642 1422 Poesie
1665 1382 1822 1422 Liriche
1859 1383 1898 1422 di
1937 1384 2064 1423 Dante
2100 1383 2301 1436 Aliighieri
2327 1396 2409 1425 cur.

1460 1445 1683 1486 Alexandro
1708 1446 1832 1484 Torri.
1857 1446 1900 1484 T.
1926 1447 1954 1484 1.
1982 1446 2070 1485 Vita
2096 1447 2250 1495 Nuova.
2279 1448 2323 1486 V.
2344 1449 2409 1487 lli.

1459 1508 1691 1547 Monarchia
1714 1519 1746 1547 c.
1774 1509 1852 1547 ital.
1880 1510 2042 1561 interpr.
2066 1511 2115 1549 M.
2140 1509 2283 1550 Ficini.
2296 1511 2342 1550 V.
2363 1511 2406 1551 V.

1459 1570 1656 1622 Epistolae
1685 1582 1720 1610 c.
1751 1571 1830 1609 ital.
1876 1571 2037 1622 interpr.
2068 1572 2111 1610 P.
2142 1571 2346 1612 Frati'celli
2385 1585 2408 1612 0

1460 1634 1495 1672 13
1544 1633 1836 1671 Dissertazione
1880 1635 2035 1671 intorno
2079 1631 2146 1672 all*
2161 1645 2293 1686 acqua
2319 1645 2340 1674 0
2369 1633 2409 1673 la

1461 1698 1588 1734 terra.
1616 1696 1658 1734 V.
1687 1695 1746 1733 IV.
1772 1695 1827 1733 De
1854 1693 2019 1745 Vulqari
2046 1693 2212 1748 Eloquio
2242 1697 2410 1736 Livorno

1461 1758 1632 1797 1842-50
1649 1789 1660 1806 ,
1682 1759 1716 1795 8.
1743 1762 1783 1795 et
1803 1757 1881 1796 vol.
1902 1758 1948 1796 li.
1970 1756 2038 1809 Op.
2060 1756 2218 1796 Minori.
2240 1758 2409 1797 Firenze

1458 1819 1642 1858 Barbera
1661 1818 1773 1868 1857,
1793 1820 1854 1858 16.
1869 1820 1925 1858 De
1942 1829 2100 1858 summo
2120 1819 2319 1871 Aligherio
2341 1831 2410 1859 au-

1458 1887 1537 1921 tem
1568 1883 1670 1919 inter
1700 1882 1907 1920 innumera
1941 1891 2042 1930 quae
2080 1880 2209 1919 forent
2244 1879 2410 1932 subjun—

1452 1943 1590 1995 genda.
1604 1944 1702 1995 Opp.
1720 1944 1783 1982 cui
1801 1944 1861 1981 tit.
1882 1941 2069 1982 Memorie
2084 1953 2161 1994 per
2175 1941 2306 1982 servir
2326 1941 2409 1982 alla

1452 2007 1536 2045 vita
1563 2005 1605 2044 di
1630 2006 1755 2043 Dante
1778 2004 1844 2054 (di
1869 2004 2067 2056 Giuseppe
2091 2005 2213 2053 Pelii)
2241 2004 2408 2044 Venezia

1457 2069 1557 2108 1759
1575 2098 1585 2114 ,
1612 2069 1645 2105 [1.
1671 2072 1711 2105 01
1734 2066 1903 2105 Firenzc
1925 2067 2040 2114 1823,
2057 2067 2093 2105 8.
2120 2067 2206 2106 Vita
2225 2066 2267 2106 di·
2286 2067 2335 2105 D.
2357 2065 2404 2105 A.

1455 2129 1496 2167 cli
1520 2129 1667 2168 Cesare
1691 2126 1826 2165 Balbo.
1853 2128 1992 2165 Torino
2023 2129 2153 2177 1839,
2183 2129 2219 2167 8.
2250 2139 2288 2167 ν.
2320 2129 2356 2168 2.
2386 2140 2406 2167 0

1451 2202 1520 2229 con
1543 2201 1634 2229 note
1657 2188 1698 2227 di
1722 2189 1862 2227 Eman.
1888 2191 2023 2229 Rocco.
2049 2188 2192 2242 Napoli·
2222 2190 2338 2238 1840,
2369 2191 2406 2228 4.

1457 2251 1614 2291 Artaud
1628 2250 1801 2290 Histoire
1817 2250 1864 2289 de
1879 2251 1924 2289 D.
1940 2250 2275 2302 Alzyhz'erifflaris
2289 2252 2405 2301 1845,

1458 2317 1492 2352 8.
1505 2326 1576 2353 000
1594 2325 1669 2352 000
1686 2313 1987 2352 elaboratissimi
2004 2313 2285 2365 utilissimique
2304 2315 2406 2366 Ope-

1458 2379 1511 2415 ris
1531 2378 1657 2426 (euius
1674 2376 1816 2415 author
1840 2378 2051 2415 immature
2071 2375 2134 2415 die
2159 2377 2220 2416 14.
2244 2377 2403 2416 Januar.

1458 2451 1519 2477 an.
1547 2441 1648 2479 48:55
1669 2445 1745 2477 aet.
1761 2439 1945 2478 s.xi.111.
1971 2438 2190 2478 Florentiae
2219 2438 2405 2479 humanis

1458 2502 1575 2540 rebus
1600 2501 1812 2550 valedixit)
1843 2501 1981 2539 notitia
2006 2511 2082 2539 non
2107 2500 2320 2540 reticenda.
2340 2499 2406 2539 Bi-

1458 2562 1662 2615 blioyrafia
1670 2564 1866 2602 Dantesca
1880 2563 1983 2601 ossia
2000 2559 2174 2613 cataloyo
2189 2560 2288 2601 dalle
2303 2561 2402 2601 ediz.

1458 2625 1687 2664 traduzioni
1702 2656 1710 2675 ,
1743 2624 1879 2665 00ιίἱοὶ
1907 2625 2019 2665 MSS.
2045 2636 2066 2663 e
2095 2623 2273 2665 Comenti
2297 2622 2402 2664 della

1456 2689 1541 2727 Dz'v.
1564 2688 1710 2728 Comm.
1733 2690 1779 2738 (e
1799 2688 1901 2727 delle
1920 2698 1981 2739 op.
2004 2688 2143 2726 minori
2165 2698 2224 2728 ec.
2247 2687 2402 2739 seguito

1455 2750 1558 2790 dalla
1586 2752 1687 2790 serie
1722 2749 1959 2802 de'biografi
2001 2749 2041 2788 di
2084 2749 2164 2798 lui)
2193 2748 2403 2802 compilata

1453 2812 1522 2850 dal
1563 2812 1735 2852 Visconte
1779 2810 1938 2852 Colomb
1980 2811 2026 2851 de
2066 2811 2235 2851 Batines.
2279 2812 2401 2850 Prato

1458 2874 1534 2927 Tip.
1554 2874 1699 2914 Aldina
1721 2875 1916 2924 ista-48,
1931 2874 1967 2914 8.
1985 2886 2023 2914 v.
2041 2875 2064 2914 3
2078 2875 2162 2914 Duo
2177 2877 2401 2926 postremae

1452 2942 1586 2988 partes
1614 2942 1750 2977 autem
1779 2936 1909 2977 adhuc
1937 2935 2226 2976 desiderantur.

1512 3078 1543 3119 (a
1565 3079 1734 3111 Genuinos
1756 3080 1872 3110 nantis
1889 3086 1960 3111 esse
1981 3078 2040 3110 iios
2053 3077 2154 3110 libros
2170 3077 2300 3111 dubitat
2316 3078 2404 3117 Apo-

1444 3126 1547 3158 stolus
1570 3130 1675 3159 Zenus
1691 3151 1702 3166 ‚
1729 3127 1804 3159 vide
1821 3129 1958 3168 Nigrum
1981 3136 2013 3167 p.
2040 3127 2100 3159 142
2126 3127 2184 3160 ubl
2206 3125 2304 3166 longe
2328 3123 2404 3166 piu-

1443 3185 1478 3207 ra
1512 3177 1552 3208 de
1574 3180 1679 3210 Dante
1716 3182 1816 3218 atque
1841 3178 1911 3217 ejus
1937 3178 2088 3217 scriptis.
2114 3178 2248 3209 leonem
2270 3174 2403 3208 lauren-

1443 3230 1510 3258 tam
1534 3231 1566 3258 et
1587 3227 1694 3268 elogia
1727 3227 1854 3259 dabunt
1890 3228 2004 3259 Jovius
2026 3234 2103 3267 pag.
2141 3225 2192 3257 10.
2215 3227 2401 3257 Reusnerus

1447 3277 1480 3306 in
1506 3278 1708 3316 imaginibus
1731 3277 1849 3309 claror.
1877 3279 2024 3308 virorum
2047 3276 2203 3308 Graeciae
2229 3278 2262 3306 01.
2285 3274 2400 3306 italiae

1445 3328 1504 3356 An.
1532 3327 1562 3357 7.
1587 3327 1617 3357 b.
1642 3326 1833 3358 Boissardus
1858 3331 1942 3358 tom.
1967 3327 2118 3366 iimagg.
2141 3333 2175 3365 p.
2197 3324 2251 3359 72.
2273 3325 2402 3358 Bullat-

1442 3376 1509 3405 tius
1533 3376 1684 3408 Academ.
1709 3381 1789 3409 torn.
1813 3376 1832 3406 ἓ
1855 3383 1928 3416 pag.
1953 3374 2015 3406 305
2032 3378 2097 3408 etc.
