2500 3841
0 3275 2 3356 ἴ

842 268 922 305 llA
946 264 1320 305 LBURGIUS
1994 258 2061 297 '4²21

88 344 193 373 Aurea
211 343 387 382 progenies
405 340 496 372 fulvo
515 337 658 370 lucidior
675 346 778 375 auro,

137 392 241 425 Cor-Ie
254 415 264 430 ,
277 391 377 437 Jubar
397 395 568 428 nostrum,
582 388 688 430 piebis
703 393 733 420 et
750 388 836 420 altus
853 395 957 419 amor.

90 444 156 475 Rex
174 443 228 483 pie
242 465 251 479 ‚
268 444 341 473 Dux
357 443 491 481 sapiens
507 466 517 479 ‚
534 442 658 471 virtute
675 440 818 478 insignis
836 442 868 469 et
886 439 986 469 armis
1002 460 1011 475 ‚

105 493 212 530 Quem
227 491 322 523 decet
339 498 438 522 omne
455 489 757 529 decens,quicquid
776 490 810 520 in
827 488 914 519 Orbe
928 487 1047 528 placet.

89 542 209 581 Exigui
234 541 348 572 famuli
373 540 519 581 Doqulfi
535 548 628 571 sume
646 539 793 570 laborem

130 593 316 631 Dignanter
331 590 431 623 docto
450 592 541 623 mitis
559 594 590 621 et
612 589 763 629 orelege.

90 642 144 674 Sic
166 644 235 677 Tua
254 649 312 681 per
328 641 452 672 mullos
466 640 669 672 decorentur
685 642 815 679 sceptra
832 637 1019 678 triumphos
1039 660 1048 676 ‚

131 693 292 724 navidico
306 695 340 723 et
357 692 492 723 demum
509 692 702 723 consociere
718 689 836 721 choro.

140 759 304 803 *Codex
318 759 382 798 ille
398 770 518 810 quem
540 759 747 799 Lambecio
760 758 958 798 indicante
974 759 1045 800 Fa-

86 822 236 866 bricius
258 821 322 860 hic
345 822 496 873 profert
512 821 607 861 mihi
623 822 716 860 olim
741 821 836 861 dum
861 820 1042 861 Biblioth.

86 884 439 929 vindobonensem
476 885 719 932 inviserem,
749 885 974 936 inspectus,
999 893 1045 922 ac

90 948 358 1000 perlustratus
391 958 470 986 uon
507 947 739 998 psalterium
768 944 1045 985 tantummodo

85 1010 272 1059 exhibet,
297 1009 367 1049 sed
398 1014 438 1049 et
466 1011 620 1049 cantica
643 1009 796 1049 biblica.
829 1010 872 1048 ln
901 1008 1045 1060 priuci-

85 1075 148 1125 pio
177 1084 273 1112 vero
292 1072 487 1124 quaedam
508 1073 628 1112 habet
647 1073 847 1125 generalia
866 1071 915 1111 de
938 1071 1042 1123 psal-

86 1136 164 1174 mis
187 1139 233 1174 ut
255 1135 304 1174 de
328 1146 466 1174 eorum
490 1137 639 1187 origine
669 1140 710 1174 et
737 1135 954 1188 prophetia.
978 1133 1039 1173 An

90 1197 165 1236 ista
209 1197 419 1236 authorem
462 1198 634 1237 habeant
674 1199 884 1250 Dagulfum
926 1197 1042 1250 plane

89 1259 236 1310 ignoro.
266 1259 437 1310 Insuper
465 1260 610 1310 legitur
640 1260 783 1300 ibidem
814 1260 889 1300 sub
918 1260 1044 1298 nomi-

87 1332 138 1361 ne
153 1321 192 1361 S.
210 1322 441 1372 Hieronymi
464 1324 658 1373 expositio
682 1323 748 1363 illa
770 1323 860 1362 fidei
879 1323 1043 1363 catholi-

82 1396 177 1435 cae,
201 1396 322 1435 quam
362 1386 466 1424 inter
502 1385 714 1437 apocripha
747 1387 786 1425 S.
812 1387 1040 1436 Hieronymi

83 1447 193 1487 dedit
221 1447 278 1487 Cl.
309 1448 530 1487 Vallarsius
560 1449 599 1487 in
629 1448 801 1489 editione
837 1461 910 1489 sua
939 1451 1036 1500 Opp.

85 1511 428 1561 Hieronymianor.
453 1515 481 1549 t.
507 1512 542 1551 1.

138 1573 311 1613 Joannes
326 1573 590 1613 Camerarius
596 1572 849 1614 DALBURGI
857 1575 929 1624 US,
939 1575 1041 1615 Can-

80 1636 266 1676 cellarius
286 1636 484 1676 Electoris
513 1637 705 1687 Palatini,
741 1642 781 1676 et
818 1638 1041 1689 Episcopus

84 1699 399 1739 wormaciensis
423 1699 640 1740 defunctus
667 1699 741 1740 An.
772 1701 876 1740 1503
910 1700 1043 1740 erudi-

83 1766 150 1806 tus
174 1762 259 1813 ipse
282 1765 323 1800 et
345 1763 552 1801 Maecenas
581 1762 855 1812 eruditorum,
887 1764 952 1803 cui
981 1764 1039 1801 J0.

79 1824 1040 1877 ReuchlinuS,etRudolphusAgricolaplurimum

82 1886 250 1939 professi
265 1890 362 1925 sunt
377 1897 421 1925 se
445 1886 589 1926 debere
613 1892 654 1926 et
672 1888 938 1927 Bibliothecae
954 1887 1042 1939 ejus

83 1949 233 1988 Latinis
249 1948 410 1988 Graecis
421 1953 462 1988 et
475 1949 676 1988 Hebraicis
690 1951 858 1990 refertae
875 1951 1043 1990 volumi-

82 2012 212 2051 nibus.
229 2011 328 2051 Vide
343 2013 402 2052 J0.
418 2013 632 2052 Henricum
649 2011 793 2063 Majum
813 2014 1042 2053 inReuchli-

80 2075 120 2113 ni
141 2075 223 2115 vita
247 2085 334 2125 pag.
359 2074 436 2114 189
460 2079 501 2113 et
523 2076 603 2114 Nic.
629 2076 785 2115 Hieron.
810 2075 1039 2126 Gundlingii

78 2136 377 2180 observationes
400 2137 571 2178 selectas
594 2149 631 2189 p.
663 2139 711 2178 19
735 2168 743 2187 ,
768 2139 812 2178 21
837 2167 846 2188 ,
871 2149 954 2189 seq.

132 2198 249 2239 *Viri
268 2198 389 2238 huius
412 2199 634 2239 doctissimi
659 2202 817 2240 nonnisi
840 2202 956 2240 unica
980 2201 1037 2240 lu-

80 2261 259 2304 cubratio
282 2263 392 2314 typis
426 2261 533 2302 edita
570 2263 666 2302 mihi
689 2266 862 2303 occurrit
886 2265 1037 2316 absque

79 2324 164 2365 loco
179 2328 220 2363 et
235 2327 413 2375 tempore
431 2324 635 2376 editionis3
649 2326 767 2366 credo
791 2330 925 2366 tamen
951 2339 1039 2379 pro—

81 2386 203 2426 diisse
231 2386 393 2426 Romae.
435 2389 495 2427 En
539 2390 626 2428 eius
664 2390 826 2429 titulum
845 2404 853 2428 :
874 2390 1037 2429 Jocmm's

83 2447 315 2487 Camerarii
326 2447 528 2501 Dalburqi
546 2451 838 2492 Vormacz'ensz's
854 2452 1042 2505 Episcopi

83 2509 257 2548 oratoris
277 2509 452 2564 Philippi
465 2513 572 2552 Com.
590 2514 769 2553 Palatini
782 2514 908 2554 Rheni
924 2516 1040 2554 Inno-

82 2571 204 2611 centio
237 2572 343 2610 VIII.
371 2572 480 2612 dicta
504 2575 726 2626 maculatio
758 2578 948 2616 αη.1485
972 2590 1039 2630 pr.

76 2634 183 2687 prid.
207 2646 294 2674 non.
318 2634 426 2674 Julii.
466 2637 541 2676 Est
573 2640 694 2677 oratio
732 2640 944 2690 gratularia
969 2652 1038 2691 per

82 2697 358 2753 assumptione
387 2699 474 2739 eius
506 2700 543 2737 in
572 2700 816 2742 Pontificem.

134 2760 322 2810 Magister
357 2758 578 2800 Guilelmus
613 2762 899 2803 DALLlNGUS
919 2795 928 2813 ,
958 2765 1038 2804 An-

77 2825 193 2875 glus,
216 2822 335 2873 cujus
366 2825 621 2874 quaestiones
646 2826 683 2863 in
714 2826 857 2866 librum
886 2828 1038 2867 Aristo-

84 2887 175 2927 telis
212 2888 289 2934 περὶ
333 2885 638 2934 ἐρμνινειάςΜ85.
685 2888 960 2941 Cantabrigiae
999 2893 1035 2928 in

83 2949 255 3000 Collegio
279 2949 372 3000 Cajo
395 2949 627 2989 Gonvilensi
653 2962 690 2989 n.
724 2952 813 2990 997.
837 2964 913 2991 una
944 2964 1034 2992 cum

85 3012 387 3062 quaestionibus
429 3014 602 3064 Magistri
645 3013 821 3052 Gualteri
864 3015 1035 3066 Burley·,

12 3071 14 3076 ’
85 3079 206 3126 atque
229 3076 269 3114 in
286 3075 486 3115 Elenchos
505 3077 668 3115 loannis
684 3076 732 3115 de
750 3076 1034 3128 Flemingham.

140 3138 228 3177 Vita
278 3138 316 3177 S.
355 3137 633 3188 DALMATII,
673 3138 879 3178 Ruthenae
930 3141 1037 3178 urbis

89 3200 276 3252 (Rhodez)
298 3203 335 3241 in
361 3203 485 3243 Gallia
507 3204 689 3255 Episcopi
716 3205 781 3254 qui
807 3203 850 3242 Α.
878 3205 919 3244 C.
949 3206 1036 3244 535.

88 3265 260 3304 Concilio
284 3266 527 3306 Arvernensi
549 3279 582 3314 a)
609 3271 648 3305 et
682 3266 755 3305 An.
786 3267 875 3306 511.
914 3267 1039 3306 Aure-

88 3326 254 3366 lianensi
281 3329 485 3378 interfuit,
511 3334 551 3368 et
571 3334 687 3380 cujus
712 3330 900 3368 memoria
920 3329 944 3368 [ι
965 3331 1039 3368 No-

1121 348 1203 376 nar.
1228 335 1465 376 Novembris
1502 333 1756 381 celebratur,
1800 330 1885 370 Vita
1916 328 2020 367 edita
2050 340 2070 365 :i

1118 399 1272 442 Labbeo
1296 400 1333 438 in
1359 397 1576 450 appendice
1603 395 1652 436 ad
1690 395 1841 439 calcem
1872 392 1969 431 tomi
2008 402 2070 430 se-

1119 462 1240 501 cundi
1263 461 1528 501 Bibliothecae
1552 470 1680 498 novae
1703 458 1811 497 MSS.

1172 523 1390 563 Guilelmus
1408 521 1689 568 DALTONUS,
1709 519 1886 559 Medicus
1902 517 2069 569 Anglus⁷

1117 586 1234 637 cujus
1258 587 1475 625 Practicam
1500 584 1776 624 medicinalem
1800 586 1939 621 contra
1968 581 2073 620 soni-

1116 654 1202 688 tum
1223 647 1567 694 aurium,Londini
1585 648 1818 697 impressam
1845 643 1980 684 laudat
1996 645 2074 683 Pit-

1117 723 1211 751 seus
1234 724 1271 763 p.
1302 710 1393 750 813.
1417 710 1507 748 Fuit
1529 713 1570 748 et
1603 708 1735 759 junior
1766 707 1929 759 quidam
1968 706 2072 745 Lau-

1115 772 1269 812 rentius
1291 771 1514 818 DALTON,
1539 770 1614 810 An.
1641 772 1736 810 1561
1767 769 1884 820 cujus
1916 768 2073 808 Certifi-

1117 836 1219 874 catio
1257 833 1327 873 sed
1365 833 1530 884 Anglice
1559 833 1706 883 scripta
1745 836 1990 873 memoratur
2033 832 2069 868 in

1118 896 1304 946 Catalogo
1339 895 1540 934 MStorum
1582 894 1748 945 Angliae
1785 893 2072 932 Oxoniensium

1118 970 1155 997 n.
1181 958 1299 997 5078.

1167 1020 1527 1061 DAMALDUTIUS
1550 1019 1853 1065 Foroliviensis‚
1878 1017 2070 1068 Augusti-

1116 1084 1272 1133 manus,
1300 1095 1350 1122 ex
1366 1083 1537 1134 Josepho
1553 1081 1756 1133 Pamphilo
1772 1085 1891 1119 notus
1911 1080 2070 1130 Gangio:

1116 1145 1194 1185 Sed
1216 1148 1254 1185 in
1278 1146 1470 1197 Pamphili
1491 1145 1699 1185 Chronicis
1728 1143 1878 1183 ordinis
1904 1143 2070 1182 fratrum

1116 1210 1375 1248 eremitarum
1401 1209 1440 1248 S.
1466 1208 1680 1259 Augustini
1702 1237 1710 1254 ,
1735 1208 1845 1245 Rom.
1878 1206 1971 1245 1581
1997 1235 2005 1253 ,
2037 1205 2070 1242 i.

1115 1282 1152 1321 p.
1186 1272 1234 1310 50
1272 1276 1365 1322 atq3
1397 1270 1502 1321 apud
1542 1270 1804 1308 Possevinum
1842 1280 1878 1319 p.
1919 1266 1994 1306 477
2032 1272 2073 1304 et

1113 1334 1269 1372 Elsium
1294 1346 1333 1385 p.
1357 1335 1434 1373 168
1460 1334 1609 1372 rectius
1632 1331 1979 1372 DlMALDUTIUS
2002 1341 2072 1368 vo-

1113 1400 1252 1443 catur,
1278 1397 1346 1446 qui
1371 1395 1444 1434 An.
1471 1396 1573 1435 1336
1599 1406 1692 1434 eum
1716 1395 1897 1434 floruisse
1921 1397 2075 1432 testan-

1113 1461 1203 1506 tur,
1229 1463 1269 1497 et
1292 1462 1448 1509 praeter
1472 1459 1680 1497 Sermones
1700 1457 1838 1495 Varios
1859 1457 2070 1507 scripsisse

1115 1522 1269 1572 insigne
1293 1521 1487 1560 Volumen
1513 1519 1559 1558 de
1582 1518 1877 1558 resurrectione
1892 1550 1902 1568 ,
1928 1523 1969 1558 et
1992 1522 2073 1557 tra-

1114 1588 1266 1623 ctatum
1296 1583 1343 1623 de
1380 1586 1526 1636 septem
1560 1582 1847 1622 Sat-ramentis.
1883 1582 2000 1621 Plura
2024 1581 2072 1620 de

1114 1658 1160 1685 eo
1197 1658 1315 1686 nosse
1339 1646 1523 1692 dabitur,
1547 1656 1641 1685 cum
1677 1645 1834 1697 Georgii
1867 1644 2074 1684 Marchesii

1112 1711 1354 1761 promissum
1384 1720 1486 1760 opus
1515 1709 1564 1747 de
1593 1707 1762 1747 eruditis
1791 1707 2071 1746 Foroliviensi-

1116 1772 1192 1811 bus
1217 1773 1256 1810 in
1280 1772 1411 1811 lucem
1436 1771 1638 1823 prodierit.

1171 1834 1192 1857 ³¹⁶
1211 1836 1323 1885 Opus
1346 1834 1444 1874 illud
1474 1846 1590 1874 suum
1611 1864 1619 1883 ‚
1643 1834 1749 1886 quod
1778 1834 2073 1886 expectandum

1119 1897 1231 1937 nobis
1248 1897 1450 1937 Fabricius
1473 1896 1798 1947 annunciat,jam
1823 1897 2010 1948 produxit
2025 1897 2074 1935 cl.

1113 1960 1372 2011 Marchesius,
1389 1962 1427 1999 in
1445 1972 1523 2011 quo
1549 1972 1626 1998 non
1645 1960 1694 1999 de
1710 1959 1878 1999 eruditis
1895 1963 2074 1998 tantum—

1114 2023 1230 2063 modo
1250 2022 1678 2069 Foroliviensibus,sed
1702 2021 1750 2061 de
1775 2023 1872 2060 viris
1888 2022 2073 2061 omnibus

1112 2088 1263 2138 patriae
1291 2086 1396 2125 illius
1425 2097 1522 2125 suae
1560 2086 1794 2124 illustribus.
1820 2085 1946 2124 Huius
1975 2095 2070 2122 vero

1111 2148 1353 2188 Damaldutii
1393 2149 1576 2187 meminit
1613 2147 1693 2186 Lib.
1711 2147 1747 2187 2.
1766 2158 1799 2186 c.
1822 2148 1857 2186 1.
1883 2146 2073 2197 appellat-

1112 2223 1190 2262 que
1235 2211 1487 2262 Raynaldum
1515 2210 1798 2250 Wilduccium.
1832 2210 1942 2248 Inter
1986 2210 2073 2247 eius

1112 2285 1231 2326 opera
1252 2278 1413 2326 praeter
1435 2285 1482 2313 ea
1501 2285 1604 2324 quae
1641 2273 1706 2312 hic
1743 2276 2007 2311 recensentur
2030 2271 2074 2310 li-

1111 2338 1229 2377 brum
1253 2341 1392 2376 contra
1416 2336 1614 2376 Hebraeos
1637 2335 1812 2375 adducit.
1838 2337 1877 2374 P.
1899 2334 2074 2374 Gandul-

1113 2400 1176 2439 fus
1200 2401 1239 2438 in
1264 2400 1430 2438 Dissert.
1456 2398 1505 2438 de
1530 2399 1607 2439 CC.
1632 2397 1938 2448 Augustinianis
1958 2409 1994 2448 p.
2021 2398 2069 2436 59

1113 2462 1257 2501 obiisse
1282 2463 1415 2501 virum
1440 2461 1548 2501 hunc
1571 2460 1732 2510 conjicit
1747 2472 1809 2500 an.
1832 2461 1933 2499 1336
1961 2460 2074 2498 circi—

1113 2528 1188 2572 ter,
1218 2526 1322 2563 inter
1344 2526 1431 2563 eius
1450 2535 1571 2576 opera
1607 2523 1704 2562 nihil
1745 2534 1865 2575 supra
1892 2526 2071 2560 caeteros

1114 2586 1227 2624 affert
1251 2590 1411 2637 praeter
1439 2587 1649 2625 Sermones
1678 2583 1733 2623 ad
1762 2583 1933 2624 Clerum.

1167 2648 1205 2686 S.
1227 2647 1490 2695 DAMASUS,
1518 2649 1718 2698 Hispanus
1742 2648 1869 2697 patria
1891 2651 1931 2685 et
1955 2647 2004 2685 ab
2024 2646 2072 2685 A.

1112 2711 1155 2750 C.
1181 2710 1268 2749 367.
1293 2711 1343 2749 15
1367 2710 1474 2760 Sept.
1508 2709 1556 2748 ad
1582 2710 1672 2748 384.
1711 2710 1758 2748 10
1790 2709 1884 2747 Dec.
1911 2709 2073 2760 Episco—

1111 2784 1188 2823 pus
1211 2773 1440 2821 Romanus,
1465 2772 1681 2811 defunctus
1717 2782 1838 2822 prope
1862 2775 2072 2822 octogena-

1112 2836 1195 2873 rius
1219 2837 1322 2872 teste
1347 2835 1590 2884 Hieronymo
1614 2845 1647 2872 c.
1675 2834 1722 2873 10
1747 2833 1796 2872 de
1820 2833 1859 2872 S.
1882 2833 1926 2871 E.
1943 2832 2070 2883 Hujus

1114 2897 1346 2936 memoriam
1378 2897 1558 2936 recolunt
1597 2895 1872 2947 Martyrologia
1910 2896 1957 2935 10
1995 2896 2070 2936 Dc-

1110 2959 1257 2998 cembr.
1270 2963 1310 2998 et
1325 2959 1536 3010 diligenter
1551 2959 1599 2998 de
1621 2959 1685 2998 illo
1701 2964 1858 3010 praeter
1873 2958 2065 2997 editorem

1110 3023 1294 3060 Martium
1318 3022 1512 3061 Milesium
1539 3022 1798 3061 Sarazanium
1822 3052 1830 3070 ,
1856 3025 1896 3059 et
1933 3020 2067 3059 Anna-

1113 3085 1207 3123 lium
1232 3085 1466 3135 scriptores,
1491 3084 1767 3123 Tillemontius
1799 3088 1904 3123 tomo
1925 3088 2066 3122 octavo

1113 3148 1393 3186 memoriarum
1419 3148 1514 3185 [list.
1541 3147 1693 3185 Eccles.
1725 3147 1907 3186 Nicotaus
1937 3149 2061 3185 Anto-

1114 3210 1204 3247 nius
1221 3209 1258 3246 in
1278 3208 1515 3247 Bibliotheca
1529 3210 1653 3247 veteri
1671 3210 1841 3260 llispana
1858 3209 1920 3248 lib.
1944 3209 1967 3250 2
1981 3220 2065 3260 cap.

1114 3272 1136 3308 6
1177 3276 1217 3308 et
1260 3273 1385 3309 Lucas
1425 3272 1652 3310 llolstenius
1696 3273 1733 3310 in
1779 3272 2064 3323 diagrammate

1112 3334 1406 3374 chronotactico
1433 3334 1690 3374 l‘ontificatus
1712 3337 1896 3384 Damasi,
1921 3336 1958 3375 in
1987 3336 2065 3374 col-

147 3420 180 3459 a)
218 3423 464 3455 sammarihnn.
502 3429 582 3455 tom.
616 3424 645 3455 ὅ.
686 3424 791 3456 Gallia
825 3425 1033 3459 christianae
1057 3433 1131 3466 pag.
1155 3423 1228 3455 05-3.
