2500 3841
940 252 1261 292 AEGlnlUs·
2036 257 2082 296 19

118 325 284 366 traditur
306 324 512 372 claruisse,
536 324 636 365 circa
665 322 737 362 An.
763 324 804 363 C.
834 323 942 363 4289.
967 326 1064 376 Ejus

118 385 264 426 librum
282 385 328 424 de
350 383 517 424 ,Iudiciis
542 386 580 423 in
609 385 786 436 quinque
811 386 944 425 Partes
966 387 1064 426 (livi-

112 460 203 489 sum
239 447 366 487 Gvido
394 447 635 486 Pancirollus
663 453 959 492 commemorat,
985 461 1059 488 non

112 511 315 550 diversum
342 509 459 549 credo
481 509 530 548 ab
556 507 644 559 ejus
673 508 817 549 Ordine
843 510 1061 551 Iudiciario

111 573 154 612 in
173 573 276 612 Foro
297 569 596 621 Ecclesiastico,
620 583 739 623 quem
763 574 801 611 in
825 573 1059 612 Bibliotheca

111 634 441 687 Sangermanensi
475 635 629 674 MStum
662 635 859 674 evolvisse
874 646 916 674 se
940 640 1060 674 testa-

109 702 176 737 tus
196 701 260 736 est
273 696 464 748 Cangius,
482 697 521 734 in
540 696 626 735 aliis
642 697 760 735 etiam
777 698 1059 736 Parisiensihus

105 758 356 799 Bibliothecis
377 757 569 798 Oudinus.
594 758 798 797 Praeterea
821 759 1058 798 Trithemius

106 833 189 874 cap.
215 821 291 860 428
321 821 440 859 etiam
468 819 556 870 ejus
581 819 834 870 Quaestiones
856 820 968 860 Juris
992 832 1059 859 va-

107 884 204 928 rias,
227 887 269 922 et
297 882 440 922 librum
468 881 515 921 de
552 881 682 936 Officio
716 881 944 922 Tabellionis
980 893 1060 921 me-

104 944 324 985 morat.*ln
339 944 423 983 cod.
438 945 663 993 mellicensi,
679 949 724 984 ut
740 945 824 996 lego
854 947 890 983 in
913 943 1059 983 descri-

103 1008 239 1060 ptione
261 1006 439 1046 eiusdem
468 1007 730 1046 Bibliothecae
758 1007 862 1046 edita
884 1007 1058 1044 Viennae

103 1071 143 1109 in
159 1068 321 1109 Austria
339 1073 450 1109 extat
463 1070 540 1110 MS.
557 1069 735 1109 eiusdem
758 1067 945 1107 Authoris
960 1077 1059 1117 opus

104 1131 180 1172 sub
199 1131 272 1171 hoc
295 1132 434 1172 titulo:
454 1131 559 1171 Ordo
576 1129 822 1184 Judiciarius
844 1127 1059 1167 Advocato—

101 1204 194 1233 rum
216 1196 255 1232 et
270 1193 520 1232 notariorum
543 1191 757 1232 secundum
779 1201 897 1230 usum
918 1192 1057 1230 Rom&

102 1267 178 1295 nae
200 1255 356 1306 curiae,
381 1255 483 1307 quod
514 1266 610 1294 sane
646 1255 837 1305 scriptum
874 1252 978 1291 haud
999 1252 1056 1291 di-

99 1329 265 1357 versum
289 1318 423 1368 Judico
461 1315 510 1356 ab
530 1327 577 1356 eo
600 1315 662 1354 hic
686 1314 866 1353 indicato.
895 1314 1055 1353 Praece-

100 1379 159 1419 dit
176 1390 277 1432 opus
313 1379 408 1418 illud
440 1377 676 1429 opusculum
712 1375 890 1415 eiusdem
914 1375 1053 1415 autho-

100 1443 155 1481 ris
176 1453 269 1481 cum
291 1440 406 1480 titulo
429 1438 529 1478 liber
548 1437 753 1492 fuqitivus.
775 1439 932 1490 Incipit:
952 1438 1051 1478 Cum

95 1502 238 1555 plures
260 1500 392 1542 libelli.

149 1564 370 1606 AEGIDIUS
383 1562 605 1614 Bredeyck,
629 1574 678 1602 ex
701 1563 908 1602 Canonicis
925 1563 1052 1614 Regu-

98 1626 246 1667 laribus
277 1626 316 1666 S.
346 1624 576 1677 Augustini,
599 1625 838 1674 Brabantus,
869 1625 1052 1665 fundator

97 1689 325 1728 monasterii
365 1692 518 1741 septem
565 1688 755 1734 fontium,
791 1689 855 1727 cui
894 1689 1052 1728 Statuta

95 1751 184 1792 XIV
199 1751 393 1803 capitibus
429 1751 615 1790 distincta
632 1751 901 1802 praescripsit,
920 1755 962 1789 et
975 1755 1053 1790 tra-

95 1817 247 1853 ctatum
272 1811 320 1852 de
340 1823 511 1864 quinque
524 1811 700 1865 punctis,
723 1823 772 1850 ex
797 1811 912 1851 dictis
935 1813 1054 1864 potis-

97 1876 244 1915 simum
273 1875 312 1914 S.
338 1875 623 1925 Chrysostomi.

148 1934 684 1978 AEGIDIUSAlbor-notiusde
701 1936 884 1985 Carrino,
895 1936 1054 1978 Archie-

96 2000 282 2051 piscopus
309 1998 524 2038 Toletanus
552 2003 593 2038 et
620 1999 838 2040 Cardinatis
868 2000 1055 2040 Sabinen-

96 2062 165 2111 sis,
175 2060 389 2100 defunctus
407 2060 569 2100 Viterbii
583 2061 657 2100 An.
679 2061 792 2111 4377,
807 2062 857 2101 24
873 2061 1053 2112 Augusti.

95 2120 243 2164 Auctor
262 2121 607 2172 constitutionum,
627 2135 728 2175 quae
752 2123 800 2162 ab
815 2135 861 2162 eo
876 2123 1057 2175 AEqidia-

95 2195 170 2224 nae
195 2185 461 2237 appellantur,
498 2186 778 2236 var‘mrumque
808 2185 1056 2226 Commenta„-

96 2247 252 2287 riorum
272 2245 315 2286 in
333 2247 407 2287 Jus
432 2247 685 2288 Canonieum.
719 2248 816 2287 Vide
852 2249 1052 2289 Nicolaum

96 2309 314 2350 Antonium
348 2313 442 2349 tom.
466 2311 512 2350 ΙΙ.
532 2310 795 2350 Bibliothecae
814 2312 963 2349 veteris
990 2313 1055 2351 Hi-

97 2383 244 2425 spanae
265 2383 352 2425 pag.
366 2373 381 2412 4
393 2373 453 2412 42.
463 2372 672 2421 *Gratum,
688 2373 873 2412 nuntium
903 2373 1055 2413 lectori-

97 2435 175 2474 bus
195 2434 362 2475 eruditis
389 2435 480 2474 nolo
500 2435 698 2484 invidere,
730 2435 848 2486 idque
873 2436 971 2475 forte
1002 2448 1051 2475 ex

97 2507 162 2537 me
183 2497 357 2550 primum
384 2497 581 2548 recepturi
606 2502 712 2536 sunt.
751 2499 832 2538 Hoc
861 2499 944 2550 ipso
973 2509 1051 2550 quo

99 2558 252 2608 scribo,
269 2559 336 2598 vel
370 2557 622 2609 praecedenti
658 2569 760 2598 anno
795 2561 989 2600 Bononiae
1012 2561 1049 2599 in

96 2619 258 2671 collegio
286 2618 425 2670 majori
454 2620 720 2670 Hispanorum
753 2626 953 2672 repertum
990 2627 1052 2661 est

97 2682 380 2721 commercium
402 2681 613 2732 epistolare
635 2680 785 2732 Aegidii
818 2683 937 2723 huius
959 2684 1053 2723 Car—

98 2742 240 2783 dinalis
257 2741 382 2793 ,quod
396 2753 467 2793 per
487 2753 613 2781 annos
636 2752 731 2781 suae
754 2744 793 2781 in
817 2745 925 2783 ltalia
949 2745 1052 2795 lega-

98 2806 216 2845 tionis
242 2805 424 2845 detinuit.
446 2805 543 2844 Hinc
566 2804 768 2844 historiam
791 2809 915 2844 totam
948 2807 1051 2857 lega-

98 2868 217 2907 tionis
238 2867 344 2907 illius
365 2878 504 2907 eruere
527 2866 642 2915 lieet,
667 2865 757 2904 hinc
781 2865 829 2904 de
857 2867 1049 2919 episcopis

96 2930 232 2970 ltaliae
265 2928 315 2969 ad
337 2927 610 2980 corrigendum
634 2927 855 2979 Ughellium
884 2930 1047 2969 certiora

96 2990 288 3032 discimus
304 3005 313 3041 3
329 3003 379 3031 ex
395 2991 457 3031 his
471 3002 572 3030 nova
587 2991 699 3042 plura
719 2990 767 3029 ab
792 2990 951 3029 historia
968 2991 1048 3030 fru-

98 3057 180 3093 stra
207 3053 378 3107 petenda
406 3053 604 3093 docemur.
639 3053 828 3104 Superest
860 3055 905 3090 ut
940 3049 1046 3091 rom'-

98 3117 209 3156 muni
240 3116 484 3156 eruditorum
521 3115 677 3153 nomine
700 3113 874 3153 eruditos
895 3113 1043 3164 collegii

97 3177 204 3218 illius
225 3177 432 3226 alumnos,
456 3178 602 3228 quique
641 3176 717 3215 illis
752 3179 924 3227 praeest,
949 3176 1044 3214 Rec-

97 3242 223 3278 torem
246 3239 520 3278 doctissimum
539 3270 547 3288 ,
571 3248 754 3289 rogemus
778 3248 825 3275 ne
844 3239 1040 3275 communi

96 3299 341 3343 eruditorum
364 3301 522 3341 utilitati
543 3304 697 3340 tantum
721 3299 949 3338 thesaurum
981 3309 1044 3337 oe-

96 3361 202 3400 cludi
227 3361 377 3402 diutius
405 3364 614 3413 patiantur.
636 3361 783 3411 Aegidii
815 3361 930 3401 huius
952 3372 1043 3400 con-

1139 325 1386 363 stitutionum
1412 335 1480 375 pro
1508 324 1678 364 marchia
1703 323 1943 363 Anconitana
1979 327 2083 364 codi-

1135 396 1220 424 cem
1244 387 1320 425 MS.
1342 386 1684 425 membranaceum
1709 387 1862 426 saeculi
1885 388 1973 427 xtv
2009 400 2079 433 ego

1133 447 1235 498 apud
1261 459 1323 486 me
1346 459 1481 496 servo,
1505 448 1745 499 easdemque
1770 461 1832 488 an.
1860 448 1962 489 4372
1986 452 2079 488 seri-

1132 513 1221 559 ptas
1244 509 1423 555 legimus.
1455 511 1526 557 (ex
1544 516 1570 548 t.
1588 512 1633 548 Vl
1661 511 1761 559 345)

1184 571 1402 611 AEGlmtJS
1439 570 1668 620 Carlerins,
1708 573 1866 623 Collegii
1890 574 2074 613 Navarrei

1131 634 1247 672 Paris.
1286 635 1434 675 socius,
1459 638 1499 671 et
1522 634 1570 672 ah
1591 634 1663 672 An.
1690 635 1731 673 C.
1759 636 1871 675 4434.
1896 636 2077 675 Camera-

1131 697 1263 733 censis
1276 695 1476 735 Ecclesiae
1493 695 1640 734 Patriae
1656 697 1851 746 Decanus,
1867 698 2078 737 defunctus

1129 756 1244 795 Anno
1283 756 1396 806 4473,
1419 756 1470 794 23
1491 756 1699 795 Novembr.
1732 758 1780 796 de
1799 771 1875 809 quo
1907 760 2078 798 Joannes

1131 817 1328 868 Launojus
1364 819 1402 856 in
1434 818 1599 857 Historia
1635 820 1837 868 (iymnasii
1868 822 2077 864 Navarrei,

1131 882 1236 917 tomo
1276 884 1417 929 quarto
1451 881 1644 931 Operum,
1665 892 1790 932 nuper
1810 882 1991 922 Genevae
2022 897 2079 922 re-

1130 951 1227 980 cusa
1262 946 1362 993 part.
1389 942 1454 980 Ill.
1495 942 1558 981 lib.
1587 943 1601 980 4
1630 953 1712 994 cap.
1739 943 1761 981 [ι
1783 943 1847 982 ubi
1870 948 1911 981 et
1937 947 2077 995 scripta

1129 1001 1217 1053 ejus
1230 1003 1392 1043 inedita:
1411 1003 1717 1043 Commentarios
1727 1003 1765 1042 in
1779 1008 1950 1056 quatuor
1961 1004 2079 1044 libros

1130 1064 1438 1113 Sententiarum,
1461 1064 1714 1115 Collationes,
1732 1067 2030 1118 Ser-monesque,
2046 1072 2082 1105 et

1129 1128 1331 1179 Sportam,
1356 1126 1665 1179 sportulamque
1685 1128 1992 1179 fragmentorum
2015 1141 2082 1168 va-

1130 1190 1173 1227 rii
1210 1192 1457 1240 argumenti,
1492 1192 1688 1230 auctiores
1723 1189 2081 1230 consultationibus

1130 1252 1326 1300 Casuum,
1353 1252 1470 1291 editis
1494 1252 1694 1291 Brusellae
1728 1252 1828 1291 4478
1863 1253 1924 1291 fol.
1949 1253 1973 1290 2
1997 1253 2077 1292 Vol.

1126 1314 1233 1353 Ilanc
1255 1314 1464 1353 editionem
1489 1319 1583 1365 puto
1613 1315 1775 1365 intelligi
1809 1316 1846 1353 in
1871 1315 1983 1354 libro:
2013 1316 2079 1353 Vo-

1123 1386 1222 1427 yaye
1237 1374 1411 1415 literaire
1427 1374 1473 1415 de
1487 1375 1597 1414 deux·
1606 1375 1814 1427 Reliyieuae
1821 1375 2077 1424 Benedictins,

1123 1443 1216 1477 tom.
1242 1439 1293 1487 II,
1316 1450 1402 1490 pag.
1445 1438 1531 1478 407.
1566 1437 1664 1489 Ejus
1696 1439 1857 1478 scutum
1895 1438 2076 1477 Veritatis

1123 1504 1281 1540 exstare
1303 1501 1380 1540 MS.
1407 1501 1566 1539 Lovanii
1591 1501 1629 1538 in
1651 1500 1760 1539 Valle
1784 1501 1995 1546 maritima,
2020 1504 2076 1538 te—

1123 1568 1253 1604 statur
1285 1564 1452 1603 Miraeus
1476 1563 1515 1601 in
1547 1562 1719 1602 auctario
1755 1561 1803 1600 de
1823 1561 2076 1612 scriptoribus

1121 1626 1411 1665 Ecclesiasticis
1425 1636 1511 1676 pag.
1529 1624 1590 1663 86.
1606 1623 1884 1663 Nar-racionem
1895 1623 1941 1662 de
1953 1628 2075 1662 morte

1123 1687 1276 1728 Iuliani
1303 1685 1514 1727 Caesarini
1542 1685 1790 1734 Cardinalis,
1817 1684 1938 1723 edidit
1964 1686 2077 1724 Balu—

1126 1751 1211 1790 zius
1249 1753 1342 1788 tom.
1360 1749 1424 1788 111.
1446 1748 1602 1788 Miscell.
1624 1759 1709 1798 pag.
1728 1748 1816 1786 304.
1839 1746 1974 1786 Oratio
1990 1746 2076 1797 ejus

1124 1817 1259 1852 contra
1281 1811 1481 1852 Nicolaum
1505 1810 1746 1857 Taboritam,
1771 1809 1900 1848 habita
1924 1810 1962 1847 in
1977 1810 2077 1849 Con-

1124 1875 1212 1913 cilio
1233 1872 1445 1913 Basileensi
1468 1873 1574 1912 Sess.
1598 1872 1669 1910 XV
1688 1871 1734 1910 ad
1773 1871 1981 1910 articulum
2015 1882 2076 1910 se—

1125 1936 1299 1976 cundum
1311 1935 1571 1974 Bohemorum
1588 1933 1634 1972 de
1653 1931 1895 1983 corriyendis
1905 1933 2075 1984 peccatis

1121 1995 1307 2051 publicis,
1322 2001 1453 2037 exstat
1467 1995 1570 2048 apud
1584 1996 1771 2035 Bzovium
1788 1994 1836 2033 ad
1851 1994 1896 2033 A.
1913 1995 1955 2034 C.
1975 1995 2074 2033 4433

1126 2073 1234 2100 num.
1271 2060 1347 2100 494
1374 2071 1461 2112 pag.
1504 2059 1576 2097 484
1601 2068 1682 2108 seq.
1721 2057 1824 2096 edita
1858 2059 2028 2107 primum
2052 2069 2073 2095 a

1127 2124 1281 2164 Canisio
1324 2127 1416 2161 tom.
1439 2122 1504 2170 Ill,
1529 2121 1633 2159 Lect.
1655 2120 1802 2169 antiqv.
1826 2130 1911 2169 pag.
1936 2119 2012 2157 289
2036 2124 2075 2156 et

1127 2197 1251 2226 novae
1273 2184 1454 2225 editionis
1475 2183 1740 2233 Basnagianae
1775 2186 1868 2219 tom.
1904 2181 1966 2229 lv,
1988 2192 2073 2232 pag.

1127 2249 1214 2288 566.
1237 2248 1368 2288 Etiam
1393 2246 1482 2286 inde
1508 2255 1646 2285 recusa
1672 2245 1710 2282 in
1733 2244 1850 2281 tomis
1887 2243 2075 2282 Concilio-

1126 2322 1240 2360 rum,
1261 2314 1307 2350 ut
1326 2310 1424 2349 Binii
1457 2313 1551 2347 tom.
1573 2308 1634 2355 lV,
1654 2318 1690 2358 p.
1707 2306 1795 2345 304.
1813 2305 1952 2344 Labbei
1980 2309 2071 2343 tom.

1130 2374 1217 2424 XII,
1241 2384 1278 2424 p.
1307 2372 1419 2419 4459,
1440 2369 1625 2410 Harduin.
1645 2369 1744 2415 Vlll,
1763 2379 1849 2419 pag.
1875 2367 1975 2406 4759
1999 2371 2072 2404 etc.

1124 2436 1199 2474 *In
1212 2436 1289 2474 MS.
1304 2435 1424 2485 Regio
1438 2431 1699 2474 Bibliothecae
1715 2430 1945 2470 parisiensis
1964 2433 2071 2467 extat

1126 2496 1272 2537 Positio
1290 2495 1337 2535 de
1347 2494 1546 2547 punitione
1557 2496 1811 2545 peccatorum
1828 2490 2072 2529 notorior-um

1122 2559 1231 2612 facta
1249 2560 1340 2596 ante
1361 2555 1570 2596 adventum
1601 2553 1860 2593 Bohemorum
1891 2550 1943 2589 ad
1975 2551 2072 2590 Con-

1124 2620 1257 2660 cilium
1299 2617 1541 2665 Basileense;
1579 2620 1659 2654 tum
1699 2613 1910 2666 disputatio
1947 2623 2068 2663 super

1120 2681 1417 2735 praedictorum
1451 2678 1652 2730 punitione
1693 2680 1946 2727 peccatorum
1993 2672 2066 2713 sub

1126 2742 1279 2795 dialoyo
1306 2743 1537 2786 coarctata;
1560 2750 1661 2789 quae
1688 2738 1818 2776 omnia
1847 2737 1969 2787 ipsius
1997 2735 2070 2774 Aa

1123 2805 1213 2857 gidii
1234 2815 1355 2843 manu
1384 2803 1530 2852 scripta
1558 2799 1699 2838 ibidem
1723 2802 1957 2844 servantur,
1977 2807 2068 2835 cum

1121 2868 1207 2907 aliis
1227 2864 1404 2904 eiusdem
1422 2862 1591 2901 auctoris
1606 2860 1654 2898 de.
1670 2859 1806 2897 eodem
1823 2862 2065 2905 argumento.

1120 2927 1215 2967 Vide
1230 2926 1497 2966 recensionem
1513 2927 1689 2961 actorum
1706 2921 1856 2959 consilii
1873 2920 2069 2959 Basileen-

1119 2992 1174 3029 sis
1194 2987 1295 3040 apud
1315 2986 1602 3036 Schoeptlinum
1633 2984 1671 3022 in
1699 2982 2065 3022 Commenthistor.

1117 3050 1364 3090 critic.l{uius
1380 3049 1496 3086 etiam
1506 3046 1677 3085 auctoris
1686 3056 1773 3082 esse
1787 3045 1950 3083 arbitror
1961 3044 2068 3081 lucu-

1116 3114 1331 3153 brationem
1341 3111 1503 3149 alteram
1516 3109 1754 3158 inscriptam:
1769 3104 2067 3144 Positiodeanc—

1117 3174 1269 3213 caritate
1296 3171 1554 3211 conciliorum
1575 3168 1815 3220 yeneralimn
1838 3167 1976 3205 decana·
1993 3166 2068 3206 Cu—

1115 3234 1352 3274 meranensis
1368 3234 1586 3283 t01n.l,pa=g
1603 3233 1675 3269 38.
1696 3233 1760 3279 {lix
1775 3235 1866 3267 toni.
1879 3231 1939 3271 x'l.
1958 3230 2032 3267 :3233
2049 3258 2058 3265 .

1169 3297 1387 3338 AEtilmUS
1408 3294 1455 3334 de
1476 3293 1684 3339 Columna,
1709 3294 1925 3337 nonianus,
1953 3291 2068 3329 disci—

1118 3361 1234 3411 pulus
1251 3359 1422 3397 Thomae
1436 3357 1653 3405 Aquinatis.
1667 3365 1715 3393 ex
1731 3353 1875 3392 Ordine
1890 3355 2065 3392 Fratrum
