2500 3841
872 203 1373 246 ANGLICORUM
2070 217 2119 255 99

114 274 282 316 Walterz·
303 270 593 323 Hemminysort
610 271 696 309 libri
718 272 769 309 ΙΙΙ
795 272 843 310 (16
861 274 984 322 gestis
1006 274 1078 311 Re-

106 334 373 388 gumAngliae
388 333 437 372 ab
452 332 568 371 Anno
586 333 688 371 1066
698 331 746 371 ad
765 332 879 371 1073.

157 398 181 435 8
204 394 410 435 Htstorz'ae
431 393 702 441 Britannicae,
722 394 968 441 Samonicae,
997 395 1077 434 Λη-

103 457 366 509 9lo-Dam'cae
390 455 614 507 Scriptores
638 455 877 507 quindecim,
896 458 913 479 ‘⁴‘
937 458 1075 496 eodem

103 518 309 559 THOMAE
329 516 871 562 GALEOcu1·ante,Oxoniae
891 520 984 558 1691
1011 520 1072 557 fol.

106 582 143 618 in
168 592 247 630 quo
270 580 481 619 Volumine
507 580 550 628 1)
579 577 717 617 Ge'ldae
747 579 947 630 Sapientis
976 580 1073 618 liber

101 642 293 691 querulus
321 641 370 679 de
399 639 551 679 excidio
581 641 796 687 Britaniae,
827 641 1071 680 emendatior

102 714 222 752 quam
246 703 286 740 in
309 702 505 753 prioribus
529 701 783 740 editionibus:
825 707 864 740 et
893 703 1070 753 Epistola

100 765 380 803 Britannorum
404 763 667 814 deplorandae
698 765 879 802 miseriae
899 769 938 802 et
961 765 1069 802 vitiis

99 825 352 877 castigandis.
378 825 419 873 2)
445 824 615 872 Ecldius,
657 826 742 864 sive
780 825 956 864 Heddc'us
985 826 1070 864 Ste-

91 886 251 939 phanus
274 886 323 926 de
346 888 428 926 vita
450 888 488 926 S.
515 886 683 925 Wilfridi
708 888 893 937 Episcopi
921 887 1069 925 Ebora-

99 950 247 997 censis,
272 948 447 988 defuncti
462 948 637 987 An.709.
659 949 698 997 3)
720 948 864 987 Nenm't'
871 950 955 987 sive
970 947 1067 986 Νίη-

99 1010 159 1048 m'i
184 1010 350 1050 Abbatis
370 1011 661 1050 Banchorensis
675 1012 844 1050 Historia
857 1011 1063 1048 Britonum

95 1073 182 1111 sive
200 1072 413 1122 Eulogium
436 1073 674 1111 Britanniae.
698 1072 737 1119 4)
758 1069 916 1110 Asseria·
933 1070 1065 1108 Mene-

96 1135 235 1172 vensis
258 1133 450 1184 Annales,
475 1135 561 1172 sive
584 1133 809 1172 Chronicon
834 1132 912 1170 fani
929 1132 967 1170 S.
989 1132 1066 1170 Ne-

97 1195 167 1244 oti,
203 1206 296 1234 cum
325 1195 630 1246 paralipomenis
670 1194 835 1232 alterius
876 1194 1061 1231 auctoris.

97 1257 121 1294 5
142 1257 151 1305 )
193 1255 398 1307 Ranulplzz'
438 1255 610 1306 Hiqclem·
651 1247 973 1304 Polychronic0n.
1011 1255 1033 1291 6
1054 1254 1063 1302 )

97 1316 284 1356 Guz'lelmi
301 1315 666 1357 Malmesburiensis
695 1315 793 1353 liber
816 1315 865 1354 de
895 1316 1065 1365 antiqui-

94 1383 176 1418 tate
193 1380 396 1418 Ecclesiae
419 1378 719 1416 Glastoniensis.
741 1376 783 1426 7)
807 1376 998 1427 Ejusdem
1016 1377 1065 1415 de

94 1443 177 1480 vita
194 1442 232 1480 S.
249 1440 439 1489 Aldelmi,
456 1440 541 1478 sive
557 1441 655 1478 liber
669 1441 955 1490 antiquitat-um
971 1439 1066 1478 Mal—

90 1503 446 1551 mesburiensium,
466 1502 588 1541 Galeo
606 1502 704 1541 liber
724 1503 891 1552 quintus
911 1502 960 1540 de
990 1513 1056 1552 ge-

92 1565 167 1603 stis
191 1563 427 1603 Pontificum
450 1562 683 1615 Anglorum.
710 1564 748 1612 8)
769 1562 971 1614 Anonymi
991 1563 1062 1602 Ηί-

93 1627 220 1677 storia
247 1625 514 1666 Ramesz'ensz's
547 1626 750 1675 Coenobii,
787 1626 915 1665 tribus
943 1626 1064 1677 parti—

88 1690 180 1738 bus,
202 1700 294 1728 nam
318 1692 460 1739 quarta
482 1688 612 1727 adhuc
632 1688 893 1727 desideratur.
912 1689 950 1736 9)
967 1686 1061 1738 Ely-

89 1751 192 1790 ensis
213 1750 398 1791 Monachi
416 1751 586 1790 Historia
613 1750 801 1800 Elyensis
824 1750 1027 1788 Ecclesiae
1045 1779 1054 1798 ,

87 1814 185 1852 liber
206 1814 371 1863 primus.
394 1813 459 1861 10)
481 1812 594 1850 Liber
618 1811 820 1850 secundus
844 1810 1003 1849 additus
1032 1822 1052 1849 a

94 1873 236 1912 Thoma
263 1874 452 1913 Monacho
474 1872 608 1911 itidem
640 1873 818 1923 Elyensi.
845 1875 886 1912 11
909 1873 918 1921 )
939 1873 1058 1910 Joan-

89 1937 151 1975 πίε
179 1934 460 1988 Wallz‘anorclc
486 1936 679 1975 Chronica
709 1936 758 1974 ab
796 1934 869 1973 An.
903 1935 976 1973 449
1006 1934 1056 1972 ad

90 1999 207 2046 ⁴026,
231 1998 295 2046 12)
341 1996 543 2048 Βαάῑιίρήί
568 1995 614 2034 cle
643 1995 776 2035 Dc'ceto
806 1995 854 2034 de
882 1996 1054 2046 Regibus

86 2061 303 2098 Britonum.
327 2058 401 2106 13)
423 2058 625 2108 Anonymi
655 2057 703 2096 de
727 2058 936 2108 partitione
965 2058 1055 2095 Pro-

86 2122 240 2160 vinciae
259 2119 425 2171 Angliae
451 2121 489 2157 in
514 2119 666 2167 Shiras,
697 2120 782 2157 sive
811 2119 1052 2166 Comitatus,

85 2183 351 2232 Episcopatus
370 2185 412 2220 et
431 2182 577 2231 Regna.
595 2181 662 2230 14)
686 2180 851 2220 Joanm's
875 2180 908 2218 F
910 2179 1050 2228 orclun,

89 2244 173 2282 sive
193 2241 352 2281 Fordon
364 2243 470 2281 Scoti
485 2243 715 2291 chronicon,
736 2244 822 2282 sive
845 2244 1052 2282 Scotorum

87 2305 260 2343 historia.
288 2305 353 2353 15)
380 2303 520 2342 Flacci
534 2303 697 2343 Alcuc'm'
716 2310 856 2355 poema
879 2304 928 2343 de¹
955 2305 1054 2342 Pon-

88 2366 259 2405 tificibus
287 2371 328 2405 et
362 2367 519 2405 Sanctis
540 2367 743 2405 Ecclesiae
766 2366 1052 2414 Eboracensis,

82 2428 262 2476 Paulino,
285 2428 493 2476 Oswaldo,
517 2428 715 2477 Wilfrido,
737 2428 966 2475 Cuthberto,
982 2430 1055 2466 Bo-

90 2499 150 2535 sa,
173 2489 362 2539 Egberto,
384 2490 625 2537 Wilbrordo,
650 2490 848 2539 Johanne,
873 2489 1054 2528 Wilfrido

87 2548 259 2598 juniore,
281 2549 476 2599 Egbeito,
500 2551 700 2598 Baithero,
720 2551 846 2597 Echa,
864 2551 1054 2597 AElberto,

93 2609 305 2650 Eanbaldo.
330 2611 508 2660 Denique
538 2610 748 2660 subjuncta
784 2616 846 2649 est
879 2623 900 2650 a
937 2611 1056 2649 Galeo

90 2671 305 2723 appendix,
331 2673 368 2708 in
390 2683 467 2720 qua
496 2676 679 2710 veterum
694 2673 777 2710 loca
792 2672 839 2710 de
857 2673 1056 2710 Britannia

90 2734 127 2781 a)
151 2744 238 2771 com
262 2733 390 2776 notis,
414 2732 571 2781 aliaque
596 2734 715 2770 etiam
737 2733 786 2771 ad
809 2733 1056 2783 genealogias

90 2796 262 2844 Regum,
290 2794 650 2842 Britannorumque
675 2792 990 2832 consuetudines
1018 2797 1058 2830 et

94 2857 352 2906 antiquitates
378 2855 559 2893 facientia
585 2855 849 2892 continentur.

146 2918 338 2957 90mitto
379 2916 630 2956 LAURENTI
684 2914 921 2963 ECllARDl,
970 2916 1059 2953 licet

149 3059 162 3070 *
190 3058 330 3090 Jnurnal
353 3057 410 3089 des
447 3060 573 3089 Savans
596 3060 657 3088 An.
684 3056 765 3087 1092
791 3063 864 3095 pag.
889 3054 960 3087 711.
985 3057 1066 3086 Acta

92 3109 195 3140 Erud.
217 3110 255 3139 Α.
279 3106 359 3138 1692
381 3108 494 3138 statim
518 3109 552 3138 in
576 3107 702 3138 limine.

148 3157 182 3195 a)
205 3156 433 3188 conferendae
456 3157 497 3188 ad
521 3157 716 3188 Britanniae
741 3154 1001 3193 descriptionem
1019 3161 1058 3184 ex

89 3207 249 3237 Antonini
268 3207 443 3241 itinerario
467 3206 719 3238 observationes
737 3204 899 3235 wiliielmi
912 3204 1064 3234 Burtoni:

95 3254 198 3286 Lond.
219 3253 300 3286 1658
323 3255 379 3287 fol.
402 3259 434 3287 et
458 3259 644 3296 postumae.
669 3253 814 3285 'rhomae
852 3252 941 3284 Galei
977 3254 1064 3284 Lon-

91 3302 149 3333 din
174 3301 272 3344 1710,
297 3304 328 3337 4.
353 3306 446 3337 Diem
470 3305 523 3337 iile
545 3304 629 3336 obiit
653 3307 747 3335 Anno
773 3301 863 3334 1702.

1154 277 1315 315 minime
1339 279 1672 317 contemnendam
1696 281 1966 321 collectionem
1992 286 2121 323 Histo-

1154 339 1323 377 ricorum
1353 339 1534 390 Angliae,
1559 339 1723 391 Anglice
1762 342 1926 393 editam,
1951 346 2118 385 Londini

1155 398 1255 438 1706
1273 400 1334 438 fol.
1353 401 1481 440 tribus
1496 402 1650 440 Volum.
1667 402 1709 450 b)
1731 405 1917 452 quoniam
1933 406 1982 444 ad
2004 408 2117 445 insti-

1153 465 1286 500 tutum
1312 474 1446 500 meum
1468 464 1601 501 minus
1621 469 1792 514 spectat,
1822 470 1862 504 et
1890 478 2034 517 corpus
2052 470 2116 507 Hi-

1151 524 1294 561 storiae
1336 523 1575 573 Anglicanae
1606 526 1767 565 exhibet
1803 539 1852 565 ex
1890 530 2117 568 recentibus

1148 584 1406 634 scriptoribus
1429 583 1568 634 Anglis
1584 590 1712 624 totum
1735 591 2019 639 compositum:
2042 593 2115 630 Vo-

1147 645 1282 684 lumen
1303 644 1480 695 primum
1500 646 1676 694 quidem,
1693 650 2024 702 JoanneMiltono,
2045 653 2114 690 Sa-

1146 707 1275 745 muele
1299 707 1472 753 Daniele,
1492 707 1550 744 Jo.
1575 708 1839 758 Ilabingtono,
1864 712 2011 750 Tlioma
2036 715 2114 751 Mo-

1144 780 1202 817 ro,
1226 767 1411 806 Eduardo
1433 768 1561 817 Hallo,
1591 769 1797 819 Radulpho
1827 773 2107 822 llollingshead

1144 831 1312 879 scriptor
1334 829 1554 867 annalium:
1576 829 1740 880 Georgio
1765 832 1872 869 Buck
1888 834 2032 873 additis
2049 837 2112 873 Jo-

1142 890 1286 928 hannis
1311 891 1460 940 Strypii
1489 891 1851 940 observationibus,
1885 898 1925 931 et
1955 897 2106 934 Bacone

1142 951 1381 990 Verulamio.
1406 952 1601 991 Volumen
1629 952 1848 991 secundum
1877 955 2037 1004 quidem
2063 960 2110 995 ab

1139 1015 1296 1052 Henrici
1338 1015 1425 1053 VIII
1466 1015 1713 1065 temporibus
1752 1026 1803 1054 ex
1839 1017 2030 1055 Herberto
2064 1019 2112 1057 de.

1140 1075 1365 1126 Cherbury,
1379 1076 1559 1115 Johanne
1583 1078 1809 1128 Haywardo
1820 1090 1913 1117 cum
1927 1082 2112 1118 censuris

1138 1137 1331 1176 Johannis
1356 1139 1520 1189 Strypii:
1547 1140 1757 1178 Francisco
1779 1140 1995 1187 Godwino‚
2018 1141 2112 1179 Gvi-

1140 1199 1259 1237 lelmo
1284 1200 1532 1249 Cambdeno,
1552 1205 1593 1238 et
1617 1201 1768 1240 Thoma
1810 1201 1989 1240 Wilsono
2018 1213 2110 1241 cum

1139 1262 1273 1299 Jacobi
1295 1261 1520 1300 W'elwoodi
1540 1262 1896 1301 observationibus.
1914 1264 2111 1302 Volumen

1139 1322 1299 1360 tertium
1332 1322 1504 1372 denique
1534 1334 1556 1361 a
1579 1323 1717 1361 Carolo
1746 1325 1873 1374 primo
1902 1335 2032 1374 usque
2060 1325 2110 1362 ad

1139 1384 1325 1422 Gvilelmi
1349 1385 1456 1421 tertii
1479 1384 1630 1422 obitum
1651 1385 1913 1424 Clarendonio
1927 1386 2107 1428 debetur,

1139 1450 1259 1495 atque
1285 1446 1358 1496 ipsi
1379 1445 1579 1493 Echardo,
1598 1447 1664 1495 qui
1681 1448 1802 1485 etiam
1823 1447 1987 1485 Londini
2006 1447 2108 1486 1707

1141 1507 1204 1545 sol.
1230 1508 1251 1529 ³*
1275 1511 1457 1557 separato
1480 1508 1689 1546 Volumine
1705 1508 1827 1546 edidit
1843 1510 2110 1559 conscriptam

1138 1580 1160 1607 a
1190 1580 1232 1607 se
1257 1569 1468 1607 Historiam
1505 1581 1701 1608 annorum
1727 1570 1829 1608 1678
1852 1582 1874 1608 a
1897 1571 1989 1609 Julii
2012 1571 2108 1608 Cae-

1137 1632 1237 1670 saris
1261 1630 1507 1681 temporibus
1531 1631 1579 1668 ad
1604 1631 1754 1669 obitum
1778 1632 1910 1670 Jacobi
1934 1633 1961 1670 I.

1190 1694 1250 1731 10.
1276 1692 1480 1731 HENRICI
1518 1690 1790 1731 WARTHONI
1818 1692 1958 1743 Anglia
1995 1704 2105 1731 sacra

1138 1755 1223 1792 sive
1252 1754 1440 1792 Collectio
1475 1754 1737 1791 Historiarum
1765 1755 1909 1804 partim
1933 1756 2106 1804 antiqui—

1130 1821 1198 1854 tus
1216 1845 1223 1863 ,
1245 1816 1389 1865 partim
1414 1819 1596 1853 recenter
1617 1816 1856 1864 scriptarum
1877 1815 1926 1853 de
1941 1815 2105 1854 Archie-

1130 1877 1301 1928 piscopis
1324 1874 1488 1925 Angliae
1506 1905 1513 1922 ,
1535 1886 1556 1913 a
1577 1876 1704 1925 prima
1723 1875 1832 1913 Fidei
1853 1876 2103 1915 Christianae.

1130 1939 1382 1989 susceptione
1406 1937 1456 1975 ad
1478 1936 1552 1975 An.
1584 1938 1626 1976 C.
1655 1937 1755 1975 1540
1787 1948 1894 1975 nunc
1924 1938 2100 1987 primum

1129 2001 1168 2037 in
1193 1999 1323 2038 lucem
1347 1998 1557 2037 editarum.
1575 1998 1695 2036 Lond.
1719 1998 1810 2037 1691
1840 1999 1903 2036 fol.
1929 1998 2006 2037 duo
2022 1999 2098 2038 Vo-

1128 2061 1290 2099 lumina.
1323 2061 1432 2106 Quae
1461 2061 1500 2097 in
1536 2060 1609 2098 hoc
1638 2071 1755 2110 opere
1792 2062 2100 2107 contineantur,

1128 2122 1339 2172 diligenter
1379 2122 1558 2172 exposita
1596 2125 1692 2159 sunt
1716 2122 1755 2157 in
1782 2119 1894 2158 Actis
1918 2120 2101 2158 Erudito-

1128 2196 1217 2223 rum
1233 2188 1327 2222 tom.
1346 2185 1379 2222 ΙΙ
1396 2183 1664 2234 supplementi
1681 2187 1777 2220 sect.
1798 2183 1850 2221 III
1871 2187 1910 2220 ct
1927 2182 1994 2230 IV,
2012 2193 2098 2233 pag.

1131 2246 1205 2285 1Οὸ
1230 2250 1270 2285 et
1296 2246 1370 2285 1¹53
1397 2257 1508 2295 seqq.

1183 2310 1244 2347 11.
1268 2307 1525 2346 WILHELMI
1563 2305 1803 2345 DUGDALE
1834 2310 1874 2343 et
1911 2305 2099 2344 ROGERI

1128 2369 1497 2409 DODESWORTHI
1528 2370 1770 2407 Monasticon
1808 2366 2098 2417 Anglicanum,

1128 2432 1233 2482 quod
1257 2433 1367 2470 varia
1390 2435 1431 2470 et
1454 2432 1585 2481 ipsum
1609 2430 1826 2480 diplomata
1846 2428 1965 2466 medii
1985 2428 2072 2465 aevi
2091 2457 2099 2474 ,

1129 2497 1469 2542 monumentaque
1517 2495 1654 2529 vetera
1703 2491 1815 2529 offert
1858 2488 2072 2527 lectoribus
2091 2516 2099 2533 ,

1130 2554 1273 2605 prodiit
1297 2552 1721 2599 [00610.1655,1661
1750 2550 1905 2588 duobus
1925 2548 2101 2586 Volumi-

1131 2616 1272 2653 nibus
1265 2626 1302 2651 in
1325 2615 1386 2652 fol.
1404 2614 1550 2663 quibus
1569 2611 1819 2662 jungendum
1845 2609 2099 2658 supplemen-

1132 2681 1217 2714 tum
1234 2676 1378 2724 egregii
1402 2675 1445 2713 V
1439 2675 1484 2711 iri
1506 2674 1560 2712 JO
1566 2672 1713 2710 ANNIS
1728 2670 1854 2708 STEV
1859 2669 1955 2707 ENS
1976 2668 2096 2706 Lond.

1135 2736 1316 2776 4722f01.
1332 2736 1355 2773 2
1378 2735 1409 2772 V
1413 2735 1532 2773 olum.
1565 2733 1655 2770 vide
1689 2732 1763 2768 itei
1769 2741 1834 2768 um
1859 2729 1958 2767 A·cta
1975 2729 2096 2767 Fiud.

1132 2798 1177 2836 Α.
1200 2797 1317 2843 1724,
1338 2807 1424 2846 pag.
1444 2795 1511 2832 381
1531 2823 1539 2840 ,
1556 2794 1623 2831 541
1652 2792 1755 2830 etde
1773 2789 1959 2828 THOMAE
1981 2789 2100 2827 TAN-

1135 2860 1249 2897 NERI
1275 2858 1411 2895 notitia
1440 2855 1653 2894 Monastica
1684 2852 1804 2890 Lond.
1834 2853 1934 2891 1695
1958 2852 1981 2888 8
2012 2851 2099 2888 vul-

1135 2924 1240 2970 gata,
1265 2924 1418 2956 tomum
1443 2918 1606 2954 tertium
1644 2915 1912 2965 supplementi
1937 2924 2022 2963 pag.
2047 2913 2090 2951 71

1136 2992 1194 3030 sq.
1211 2979 1366 3018 etGuil.
1384 2977 1541 3016 Nichols
1563 2976 1657 3014 Bibl.
1680 2977 1913 3014 llistoricam
1933 2974 2099 3024 Angliae.

1137 3043 1374 3091 scriptorum
1398 3050 1484 3090 pag.
1512 3039 1599 3077 144.

1190 3101 1226 3139 b)
1251 3100 1387 3132 Journal
1411 3100 1467 3131 des
1490 3101 1564 3131 Sav.
1589 3098 1668 3129 1708
1692 3099 1770 3129 Ju‘m
1793 3106 1826 3136 p.
1850 3096 1926 3128 445.
1949 3098 1983 3127 B.
2010 3097 2104 3127 Men-

1129 3152 1240 3184 ckenii
1265 3150 1440 3189 catalogus
1468 3149 1550 3180 Bibl.
1575 3157 1607 3187 p.
1629 3147 1703 3178 451.

1189 3201 1202 3214 *
1227 3200 1275 3231 ld.
1301 3199 1382 3230 1708
1405 3198 1601 3231 November.
1627 3205 1702 3237 pag.
1736 3195 1809 3227 551.
1836 3197 1966 3234 ilistory
1991 3194 2027 3226 os
2045 3195 2100 3226 the

1127 3252 1235 3283 works
1257 3248 1294 3280 os
1311 3248 1367 3279 the
1389 3248 1522 3280 learned
1548 3243 1627 3278 1707
1651 3254 1726 3287 pag.
1744 3245 1818 3278 -2-31.
1842 3249 1922 3278 Acta
1946 3246 2048 3279 Erud.
2065 3251 2102 3280 Α.

1130 3300 1208 3333 1700
1233 3308 1264 3341 p.
1289 3298 1360 3332 ⁵289.
