2500 3841
2005 260 2082 293 (32²⁴)

723 308 780 356 D.
816 307 1139 377 SEVVERINI
1170 317 1480 370 EPISCOPlj

966 433 1230 477 DOCTRINA.

159 581 324 669 Dilige
344 618 495 658 DEUM.

168 679 412 731 Sapientiam
442 680 562 719 disce.

167 741 310 782 Omnia
329 753 422 782 cum
443 752 632 780 mensura
655 752 739 791 age.

166 803 281 850 Quod
303 803 402 854 odis,
425 808 466 843 et
488 803 559 841 tibi
583 802 667 841 fieri
691 812 769 840 non
786 802 861 850 vis,
886 801 973 840 aliis
988 811 1064 839 non

111 866 244 906 facias·

161 928 329 978 Semper
352 938 468 978 spera
491 926 529 964 in
551 924 757 965 DOMINO.

161 989 341 1039 Tempus
359 989 541 1028 futurum
564 991 766 1038 exspecta.

168 1050 404 1089 Necessitati
433 1049 619 1089 subditus
642 1052 741 1087 esto.

166 1112 370 1150 Justitiam
393 1123 575 1162 sequere.

163 1172 427 1224 Jurejurando
449 1174 508 1212 uti
531 1173 622 1211 noli.

164 1236 270 1274 Doce
290 1233 398 1286 quod
421 1235 519 1275 utile
539 1238 614 1273 est.

160 1296 404 1348 injustitiam
426 1296 514 1335 odio
544 1296 658 1335 habe.

163 1359 374 1410 Sapientes
394 1358 577 1397 homines
593 1357 689 1405 cole,
709 1357 950 1408 insipientes·
964 1355 1067 1406 fuge.

162 1419 277 1467 Quod
300 1420 448 1459 bonum
466 1424 542 1469 est,
563 1419 717 1458 discere
741 1430 819 1457 non
837 1418 1064 1457 erubescas,

169 1483 345 1533 Linguae
368 1486 460 1522 tuae
485 1483 648 1532 impera.

167 1545 444 1595 Magnanimus
466 1549 564 1583 esto.

167 1607 214 1645 In
237 1606 346 1646 nullo
374 1605 594 1645 mentiaris.

164 1667 299 1708 Fidem
324 1672 450 1707 tuere.

156 1726 386 1770 ¹Veritatem
408 1729 635 1769 testificare.

162 1792 248 1832 Noli
271 1793 399 1831 aliena
424 1793 716 1843 concupiscere.

165 1855 362 1894 Pecuniae
383 1858 538 1893 amator
561 1865 610 1892 ne
628 1855 771 1893 fueris:
798 1860 994 1905 quantum
1016 1854 1066 1893 ad

48 1929 57 1935 ·
112 1928 211 1956 usus
231 1917 301 1955 tibi
325 1917 497 1956 sufficiat
517 1945 525 1965 ‚
551 1928 724 1967 quaere:
749 1928 841 1957 cum
864 1917 1066 1964 habueris,

112 1979 216 2018 dona
235 1980 400 2029 petenti.

163 2042 259 2080 Tuis
295 2042 462 2092 negotiis
490 2052 613 2089 vaca,
642 2041 785 2080 alienis
816 2045 951 2080 autem
987 2041 1065 2079 noli

111 2104 372 2142 commisceri.

166 2166 463 2215 Loquacitatem
488 2165 576 2204 odio
599 2165 700 2205 habe
718 2179 726 2203 :
747 2165 850 2204 bona
872 2169 936 2204 est
958 2167 1065 2204 enim

110 2227 365 2271 taciturnitas
382 2257 392 2274 ,
417 2227 522 2266 mala
545 2232 608 2266 est
632 2227 868 2267 verbositas.

162 2289 261 2328 Boni
281 2289 437 2327 consilii
457 2293 611 2328 amator
636 2293 737 2328 esto.

164 2350 326 2389 Nullum
349 2353 597 2388 contemnas.

164 2414 350 2462 Majorem
399 2415 497 2450 natu
527 2422 744 2450 venerare:
785 2410 1069 2450 adolescentio-

117 2485 200 2513 rem
219 2502 227 2522 ‚
248 2474 280 2512 si
298 2473 458 2524 sapiens
476 2473 617 2521 fuerit,
635 2477 681 2512 ut
696 2483 834 2511 senem
856 2473 1015 2511 honora.

165 2535 299 2575 Lauda
321 2536 546 2580 veritatem,
568 2539 608 2574 et
627 2546 729 2585 quae
746 2535 901 2574 animae
918 2535 1069 2586 prosint

119 2597 272 2636 discere
292 2597 460 2636 elabora.

165 2661 222 2698 De
251 2659 389 2698 amicis
415 2658 516 2697 bene
541 2660 714 2710 opinare,

166 2722 353 2760 Inimicos
397 2721 475 2759 noli
519 2731 756 2771 exasperare
785 2734 794 2758 :
829 2721 967 2759 utilius
1010 2725 1072 2758 est

117 2783 224 2821 onim
265 2793 334 2821 eos
369 2783 518 2820 amicos
556 2783 705 2829 facere7
740 2794 860 2833 quam
893 2783 1070 2821 inimicos

117 2844 272 2884 babere.

168 2896 269 2945 Cffm
291 2905 413 2956 justis
437 2906 669 2946 hominibus
695 2909 868 2959 loquere.

170 2968 287 3007 Filios
312 2973 402 3007 tuos
422 2968 523 3007 benc
547 2968 683 3008 educa.

173 3030 429 3081 Simplicibus
450 3031 636 3070 inserere.

170 3092 478 3132 Misericordiam
519 3094 667 3133 faciens
706 3095 782 3133 noli
819 3095 1070 3142 contristari,

121 3165 193 3195 nec
216 3154 408 3194 dubitare.

169 3217 283 3264 Quod
312 3217 481 3257 daturus
516 3229 585 3267 es,
623 3229 672 3257 ex
702 3219 833 3257 animo
870 3217 946 3268 da,
978 3217 1069 3266 quia

119 3278 252 3320 futura
272 3281 443 3331 ignoras.

166 3341 456 3391 Misericordia,
482 3346 522 3380 et
544 3344 695 3380 veritas
721 3353 799 3380 non
821 3341 953 3379 desint
978 3340 1066 3377 tibi.

1142 628 1182 661 et
1202 626 1368 664 caritas:
1394 632 1434 665 et
1456 628 1551 667 hacc
1583 631 1682 670 bona
1702 637 1925 684 cooperient
1951 637 2080 674 multi-

1138 683 1316 723 tudinem
1340 693 1592 737 peccatorum

1190 746 1346 785 Nemini
1360 750 1618 799 opprobrium
1645 753 1805 792 dixeris.

1190 806 1476 858 Animaequus,
1494 816 1534 849 et
1549 815 1743 861 suavis‚et
1757 819 1966 857 continens
1981 825 2080 858 esto.

1198 869 1302 907 Iram
1327 870 1442 920 fuge,
1468 877 1594 911 mater
1623 879 1684 912 est
1707 878 1811 915 enim
1835 881 1994 928 peccati.

1193 931 1394 970 Justitiam
1418 943 1578 983 operare
1605 936 1641 972 in
1667 936 1820 976 iudicio.

1193 992 1340 1030 Servos
1360 991 1489 1044 dilige.

1193 1054 1250 1091 De
1281 1053 1388 1092 nullo
1409 1055 1555 1095 malum
1578 1057 1763 1107 loquaris.

1193 1117 1479 1156 Testimonium
1506 1118 1542 1156 in
1580 1123 1756 1172 tempore
1780 1127 1998 1173 opportuno
2018 1138 2084 1164 ve-

1140 1188 1229 1216 rum
1250 1178 1323 1216 dic.

1195 1241 1426 1280 Simultates
1455 1242 1541 1281 odio
1570 1244 1682 1284 habe.

1195 1303 1412 1354 Litigantes
1435 1306 1641 1345 concorda.

1192 1366 1291 1404 Mala
1315 1378 1414 1416 quae
1438 1366 1507 1405 tibi
1531 1370 1785 1420 accesserint,
1801 1372 1995 1422 patienter
2018 1383 2083 1410 su-

1143 1429 1257 1468 stine.

1194 1492 1308 1530 Juste
1328 1490 1484 1541 judica:
1511 1494 1740 1532 memineris
1768 1496 1873 1533 enim
1898 1499 1936 1534 te
1961 1495 2085 1534 homi-

1092 1589 1099 1593 ,.
1141 1565 1233 1593 nem
1257 1563 1359 1591 GSSC.

1192 1617 1248 1654 De
1272 1614 1393 1653 rebus
1413 1615 1613 1654 nonnullis
1633 1617 1709 1654 noli
1733 1619 1873 1656 anxius
1890 1629 1994 1657 esse:
2021 1629 2080 1657 sa—

1142 1679 1255 1729 piens
1278 1678 1394 1716 homo
1418 1678 1495 1715 cito
1520 1689 1596 1716 non
1620 1678 1890 1718 conturbatur.

1195 1740 1295 1780 Cum
1319 1739 1583 1790 nullolitiges.

1194 1802 1385 1852 Linguam
1409 1801 1533 1839 bonae
1559 1801 1685 1840 famae
1708 1802 1819 1841 habe.

1193 1864 1352 1903 Sectare
1386 1863 1607 1911 silentium,
1646 1865 1737 1914 quia
1774 1864 1924 1915 absque
1954 1867 2086 1915 poeni-

1145 1926 1269 1964 tentia
1297 1929 1376 1964 est:
1414 1925 1631 1964 tumultum
1670 1927 1908 1976 poenitentia
1946 1926 2081 1965 subse-

1142 1990 1290 2039 quitur.

1191 2049 1420 2089 Inimicitias
1443 2047 1629 2087 dissolve.

1192 2111 1275 2150 Noli
1300 2110 1528 2149 incredulus
1551 2121 1639 2149 esse
1657 2122 1666 2159 ’⁷
1684 2115 1724 2149 et
1747 2111 1902 2150 elabora
1922 2112 1959 2148 in
1985 2110 2084 2148 bono

1142 2184 1221 2212 non
1242 2183 1331 2211 esse
1349 2171 1570 2222 jactantior.

1196 2236 1362 2273 inanem
1387 2234 1548 2283 gloriam
1568 2233 1670 2284 fuge.

1199 2298 1295 2336 Tuis
1320 2299 1558 2334 mansuetus
1582 2299 1667 2333 esto
1687 2324 1695 2342 ,
1728 2300 1768 2334 et
1802 2296 2002 2333 extraneis
2026 2304 2091 2330 ne—

1144 2359 1355 2397 cessarius.

1198 2420 1554 2469 Concupiscentias
1577 2419 1695 2457 animi
1721 2420 1775 2457 tui
1809 2419 1933 2456 vinee.

1198 2480 1359 2519 Amicos
1383 2481 1462 2519 noli
1486 2482 1563 2519 cito
1577 2491 1821 2531 comparare:
1843 2489 1941 2529 quos
1956 2483 2087 2516 autem

1145 2544 1438 2592 comparaveris
1463 2543 1539 2581 noli
1559 2543 1636 2581 cito
1666 2542 1881 2600 reprobare.

1198 2605 1450 2644 Peccantium
1488 2616 1623 2643 curam
1667 2603 1807 2643 habere
1853 2602 1953 2639 noli:
1995 2601 2086 2638 niliil

1146 2667 1252 2705 enim
1278 2666 1345 2704 tibi
1372 2666 1556 2717 proderit.

1200 2729 1333 2766 Brutis
1367 2729 1599 2778 sapientiam
1647 2737 1694 2762 ne
1729 2725 1907 2763 dederis:
1955 2729 2085 2773 postea

1147 2791 1252 2828 enim
1275 2794 1568 2840 persequentur
1589 2793 1637 2825 te.

1198 2853 1454 2891 Sacramenta
1474 2851 1555 2888 DEI
1583 2850 1653 2886 nisi
1676 2847 1803 2893 dignis
1826 2858 1899 2884 non
1925 2847 2087 2896 aperias.

1200 2912 1517 2963 Imprudentium
1558 2912 1766 2961 primatum
1801 2920 1846 2945 ne
1879 2908 2015 2953 eligas.
2040 2918 2086 2942 ii·-

1152 2974 1233 3014 dux
1255 2974 1500 3012 Daemonum
1526 2972 1718 3009 efficiaris.

1200 3037 1343 3074 Contra
1371 3035 1494 3083 legem
1520 3033 1601 3070 DEI
1627 3032 1718 3068 nihil
1741 3042 1844 3077 agas.

1202 3096 1466 3134 Differentiam
1509 3093 1606 3130 habe
1647 3093 1746 3128 inter
1776 3091 1919 3127 bonum
1944 3094 1977 3124 et
2008 3099 2086 3125 mai<

1147 3158 1254 3195 lum:
1286 3159 1326 3191 et
1350 3154 1602 3192 manifestum
1633 3151 1734 3200 apud
1761 3156 1798 3187 te
1828 3152 1874 3186 sit
1908 3149 2087 3198 iuterju—

1145 3222 1251 3255 stum
1268 3220 1307 3253 et
1324 3216 1527 3263 injustum.
1548 3210 1832 3250 lxltsss'l'thAE
1847 3211 2083 3259 eiiimopein

1146 3278 1240 3315 haee
1266 3280 1382 3313 sunt:
1408 3274 1562 3312 odium,
1589 3272 1810 3311 fornicatio.
1838 3271 2003 3312 furtum,
2025 3283 2083 3309 ra-

1145 3340 1319 3388 pacitas.
1365 3336 1552 3373 venelicia
1579 3365 1586 3373 ,
1627 3333 1899 3371 mendacium.
1946 3334 2083 3370 salsum
