2500 3841
839 222 1373 263 COSMODROMII

105 303 184 340 tius
204 300 379 339 auctoris
407 310 527 349 quam
549 299 716 338 Cosmae
746 308 835 336 esse
865 298 898 345 a)
931 297 1062 336 videa-

103 367 191 409 tur,
211 366 330 411 atque
350 360 455 400 edita
478 359 618 398 eadem
647 361 731 398 vita
759 363 821 397 est
851 372 871 398 a
902 360 1060 399 Canisio

102 428 130 461 t.
151 424 195 461 V.
220 424 476 473 antiquarum
496 422 711 461 lectionum
738 427 850 473 parte
873 422 910 469 2,
928 434 964 472 p.
985 421 1060 459 332

102 488 143 522 et
166 488 193 522 t.
218 485 283 523 Ill.
305 484 398 523 edit.
420 495 545 522 novae
565 496 602 534 p.
625 485 673 523 45
694 488 734 523 et
753 484 998 522 emendatior
1024 485 1060 520 in

101 544 214 584 Actis
233 546 413 585 Sanctor.
435 546 485 583 23
505 544 626 596 April.
652 549 748 583 tom.
774 546 839 592 111,
859 556 946 594 pag.
973 543 1061 591 4787

102 611 144 645 et
171 607 246 646 sub
276 607 373 645 falso
401 607 437 655 b)
468 607 666 657 Sylvestri
691 608 736 645 ll.
761 607 921 645 nomine
952 617 973 644 e
1003 606 1065 643 Bi-

102 668 154 706 bl.
169 669 397 708 cassinensi
414 669 463 707 ab
478 668 622 707 Abrah.
640 669 799 716 Bzovio,
818 668 929 706 Rom.
948 668 1062 716 4629,

105 729 169 768 fol.
197 730 294 768 etin
316 729 532 780 appendice
553 730 602 768 ad
624 735 716 768 tom.
738 730 827 769 XX.
848 728 1063 767 Annalium

101 793 213 830 Rom.
242 791 359 831 4640.
386 792 522 830 Colon.
554 791 648 831 4644
675 822 683 840 ,
715 792 776 830 fol.
807 802 895 841 pag.
929 791 1018 830 598.

157 852 178 876 *
197 854 253 892 De
276 864 380 892 anno
404 854 613 892 emortuali
637 855 842 904 scriptoris
867 853 987 891 huius
1025 852 1064 888 in

103 916 279 953 vetustis
324 914 527 953 codicibus
576 914 785 953 dissidium
830 915 1027 964 reperitur
1056 942 1064 961 ,

103 987 196 1015 nam
220 976 409 1015 Balbinus
430 978 468 1014 in
491 987 563 1014 suo
583 976 716 1015 codice
737 976 831 1025 legit
854 975 998 1013 obiisse
1023 974 1066 1012 il-

104 1038 186 1076 lum
210 1039 297 1076 XII.
334 1038 419 1076 Kal.
453 1039 551 1077 Nov.
588 1049 650 1076 an.
691 1038 805 1077 4425.
832 1036 1065 1075 Menkenius

97 1110 199 1144 ‚vero
221 1100 308 1137 Rer.
335 1099 603 1137 Germanicar.
643 1104 670 1136 t.
708 1099 772 1137 Ill.
811 1109 899 1149 pag.
922 1097 998 1135 800
1025 1097 1063 1133 in

106 1159 201 1199 Cod.
225 1164 270 1199 ut
294 1161 376 1210 ipse
397 1161 478 1207 ait,
498 1160 576 1198 sere
600 1171 746 1198 coaevo
766 1160 859 1208 legit
882 1158 954 1196 XII
979 1157 1063 1195 Kal.

105 1221 348 1260 Novembris
366 1232 430 1259 an.
448 1222 565 1262 4426.
583 1220 694 1258 Idem
717 1231 810 1258 vero
834 1218 1066 1258 Menkenius

106 1282 251 1321 ibidem
276 1282 384 1321 dedit
421 1294 470 1320 ex
504 1282 640 1320 eodem
682 1281 826 1320 Codice
862 1281 1066 1319 variantes

104 1343 221 1393 plane
247 1343 393 1382 multas
422 1354 496 1381 nec
518 1342 844 1391 contemnendas,
869 1352 970 1392 quas
1000 1341 1069 1378 ibi-

109 1403 200 1442 dem
226 1405 347 1455 legas.
372 1404 587 1443 Subiunxit
621 1415 670 1442 ex
703 1403 788 1442 eod.
809 1403 893 1441 cod.
919 1402 1070 1441 addita-

113 1470 296 1504 mentum
313 1476 442 1515 usque
456 1465 504 1504 ad
525 1476 587 1503 an.
610 1466 724 1504 4462.
742 1464 845 1515 quod
866 1468 1070 1503 auctorem

97 1526 246 1565 ‘habuit
261 1537 509 1576 anonymum
525 1526 715 1564 Abbatiae
732 1526 1072 1564 ZazoviensisMo-

119 1588 321 1637 nachum,
344 1589 411 1638 qni
437 1599 533 1626 sane
553 1591 690 1626 auctor
713 1588 752 1624 in
777 1588 903 1637 ipsam
927 1588 1074 1637 pariter

111 1651 278 1690 Cosmae
293 1650 500 1688 historiam
518 1649 644 1688 multa
658 1660 703 1688 ea
719 1650 952 1699 praesertim
971 1659 1072 1698 quae

111 1715 226 1750 erant
247 1712 472 1749 Monasterii
493 1722 566 1749 suo
586 1711 752 1749 invexit.

162 1771 506 1811 COSMODROMII
526 1771 700 1821 Auctor,
721 1772 822 1810 infra
840 1800 848 1820 ,
869 1772 1073 1811 GOBELI-

108 1833 208 1873 MJS
235 1834 420 1872 Persona.

163 1893 381 1934 Guilelmus
400 1893 721 1935 COVENTRIUS
741 1894 894 1945 Anglus
910 1894 1072 1933 Carme-

108 1957 177 1996 lita
196 1959 298 1996 circa
321 1958 485 1996 Annum
507 1957 622 1996 4360.
644 1957 758 2007 infra,
781 1954 1071 1996 GUILELMUS

113 2017 420 2058 Coventriensis.

162 2073 357 2118 R‘obertus
390 2079 620 2129 COUTON,
650 2080 827 2118 Gesnero
857 2082 894 2118 in
926 2091 1073 2130 appen-

110 2140 197 2180 dice
216 2171 226 2190 ,
255 2142 450 2190 Simlero,
479 2142 597 2180 Baleo
638 2141 685 2179 V.
723 2142 784 2179 63.
828 2142 1070 2187 Possevino‚

110 2201 266 2240 Oudino
294 2206 322 2241 t.
347 2204 414 2253 III,
431 2215 469 2254 p.
491 2204 582 2242 934.
612 2203 718 2242 idem
748 2202 963 2251 CONTON,
985 2204 1071 2241 sive

111 2263 378 2304 CONTONUS
397 2265 542 2304 dicitur
560 2267 690 2304 Pitseo
710 2278 746 2316 p.
770 2267 859 2304 434.
880 2265 1073 2304 Waddin-

111 2337 184 2375 go,
205 2327 416 2377 Koenigio,
437 2328 596 2377 Gangio,
615 2328 689 2365 alia
709 2328 969 2378 appellatione
990 2327 1074 2366 CO-

113 2387 238 2434 TllO,
266 2387 332 2425 vel
371 2392 416 2426 ut
454 2387 559 2438 apud
597 2389 887 2433 possevinum,
925 2388 1073 2426 OTHO.

111 2446 329 2485 Monachus
357 2447 510 2497 Anglus
539 2447 632 2486 Ord.
662 2449 803 2486 Minor.
848 2449 952 2486 cirea
994 2447 1076 2485 An-

115 2518 213 2545 num
252 2507 367 2547 4240.
397 2512 442 2546 ut
469 2512 532 2546 est
559 2509 663 2559 apud
693 2509 942 2557 Gesnerum,
975 2510 1076 2547 Sim-

113 2568 347 2618 lerumque,
376 2569 442 2606 vel
471 2573 516 2607 ut
545 2571 695 2607 rectius
731 2570 821 2619 alii,
850 2569 926 2607 An.
958 2569 1075 2608 4340.

114 2630 225 2667 Inter
253 2629 518 2668 Scholasticos
550 2629 730 2668 Doctoris
765 2629 922 2667 amoeni
958 2630 1074 2668 titulo

118 2696 262 2738 notus,
300 2691 337 2728 in
367 2691 584 2730 Oxoniensi
625 2695 666 2729 et
703 2692 912 2729 Parisiensi
941 2691 1074 2730 clarus

115 2751 330 2790 Academia
348 2781 356 2800 ,
372 2762 417 2790 ac
437 2750 608 2801 denique
628 2781 636 2799 ,
658 2753 689 2789 si
710 2752 826 2789 Baleo
845 2751 1046 2790 credimus
1064 2781 1071 2799 ,

115 2812 452 2863 Archiepiscopus
480 2811 770 2850 ArmachanuS.
789 2813 925 2860 Hunc,
947 2814 1074 2862 inquit

124 2874 228 2913 idem
259 2875 420 2922 Baleus‚
443 2872 567 2912 solent
584 2873 624 2910 in
643 2876 776 2911 testem
798 2884 942 2911 vocare
973 2873 1078 2924 quod

118 2935 318 2975 maculam
336 2936 376 2974 in
400 2934 642 2986 conceptione
658 2934 792 2972 Maria
811 2936 1073 2973 contraoeerit.

119 2998 187 3047 At,
207 2999 239 3037 si
256 3000 385 3037 Pitseo
401 2997 511 3047 fides,
528 2995 686 3035 Acriter
709 2995 770 3034 liic
789 2995 996 3048 defendere
1015 3008 1075 3035 so-

175 3116 208 3156 c)
232 3117 391 3150 Balbinus
409 3118 464 3149 lib.
484 3119 540 3149 111.
565 3119 709 3157 epitome
734 3126 845 3149 rerum
870 3118 1077 3150 Boiu-micat.

112 3176 142 3200 c.
165 3168 197 3199 8.
220 3177 251 3208 p.
275 3167 348 3200 212.

173 3216 210 3254 d)
239 3219 392 3249 Fortasse.
418 3217 573 3256 sylvestri
597 3219 638 3248 11.
663 3219 758 3257 Jussu
777 3216 879 3249 edita.
896 3217 977 3248 Vide
1000 3222 1080 3250 Acta

113 3268 312 3298 Sanctorum
331 3267 393 3300 loc.
414 3269 472 3299 cit.
495 3270 527 3298 et
551 3266 710 3297 Jacobum
730 3265 917 3297 Eclinrdum
937 3270 1016 3298 tom.
1036 3269 1077 3299 11.

115 3314 156 3347 de
178 3317 313 3357 scriptiis
337 3318 644 3348 Dominicanorum
669 3324 699 3353 p.
723 3315 795 3346 489.

2019 219 2096 258 399

1135 293 1239 333 lebat
1267 292 1519 332 beatissimae
1554 290 1710 330 Mariae
1751 288 1922 341 Virgsznis
1964 301 2096 327 conce-

1130 360 1244 408 ptum
1272 355 1395 408 fuisse
1413 353 1464 392 ab
1485 353 1591 391 omni
1609 351 1815 403 ore‘yinalis
1836 351 1993 404 peccati
2007 350 2094 388 labe

1139 418 1340 466 alienum,
1371 416 1476 468 quod
1504 415 1565 454 ilti
1596 414 1937 466 yravissimarum
1971 412 2098 451 disce-

1131 480 1353 531 ptationum
1384 478 1615 530 frequentes
1645 474 1837 527 praebuit
1872 474 2097 513 occasiones

1138 553 1228 580 cum
1242 540 1384 591 iis‚qui
1395 539 1458 578 vel
1472 542 1623 577 certam
1639 537 1702 577 vel
1715 537 1841 587 mayis
1848 535 2098 588 probabilem

1139 599 1428 641 eaez'stimabant
1456 600 1707 638 contrariam
1737 599 1978 638 sententiam.
2020 597 2096 637 Sed

1140 665 1267 714 magis
1296 664 1472 700 Pitseum
1493 662 1566 699 hac
1586 663 1624 698 in
1648 665 1758 711 parte
1788 672 1907 710 quam
1933 661 2097 698 Baleum

1139 723 1381 763 audiendum
1398 733 1487 760 esse
1502 723 1699 759 existimo.
1710 722 1865 771 Scripta
1879 722 1969 772 ejus
1986 732 2099 771 prae-

1139 790 1200 824 ter
1215 786 1424 824 Sermones
1437 783 1484 821 ad
1506 793 1666 821 crucem
1693 784 1730 820 in
1753 783 1849 821 aede
1870 784 1975 821 Pauli
2000 784 2100 821 Lon-

1139 848 1217 885 din.
1237 851 1277 885 et
1293 844 1593 896 disceptationes
1612 843 1880 894 Mayistmles,
1902 856 1947 883 ac
1972 844 2101 893 Quod-

1139 907 1258 946 libeta
1302 905 1572 955 Scholastica,
1597 911 1885 947 memorantur
1927 910 2101 956 quatuor

1141 967 1237 1007 libri
1254 967 1538 1017 Quaestionum
1568 967 1609 1005 in
1632 965 1755 1006 libros
1775 967 2072 1006 Sententiarum
2088 1000 2098 1015 ,

1138 1030 1407 1082 Inceptorium
1437 1041 1559 1080 super
1597 1031 1769 1080 primum
1801 1030 2101 1069 Sententiarum

1141 1093 1311 1140 librum,
1343 1096 1384 1131 et
1415 1094 1451 1129 in
1483 1092 1783 1130 Sententiarum
1814 1091 1935 1129 libros
1959 1089 2103 1129 abbre-

1140 1155 1348 1194 viationes.

1191 1215 1306 1256 Elias
1326 1215 1582 1261 COXIDIUS,
1603 1216 1688 1253 sive
1712 1214 1760 1253 de
1782 1214 1973 1254 COXIDA
1991 1215 2105 1252 Flan-

1140 1280 1248 1318 driae
1270 1290 1394 1329 pago,
1416 1277 1632 1316 Monachus
1656 1278 1934 1316 Cisterciensis
1957 1282 1997 1315 et
2026 1276 2105 1315 Ab·

1141 1341 1212 1379 bas
1231 1341 1458 1387 Dunensis,
1480 1339 1696 1377 defunctus
1716 1338 1791 1376 An.
1819 1338 1931 1377 1203.
1951 1339 2013 1378 Ex
2035 1351 2104 1378 cu-

1144 1403 1206 1441 ius
1225 1399 1486 1448 sermonibus,
1508 1402 1575 1450 qui
1598 1401 1732 1450 plures
1750 1400 1842 1438 olim
1864 1401 1901 1437 in
1925 1401 2104 1438 Dunensi

1143 1463 1385 1502 Bibliotheca
1407 1462 1730 1510 asservabantur,
1749 1473 1874 1500 unum
1897 1461 2019 1500 edidit
2034 1463 2108 1501 Ca-

1144 1526 1253 1564 rolus
1272 1525 1320 1563 de
1341 1524 1462 1563 Visch
1487 1525 1525 1561 in
1545 1525 1671 1574 prima
1701 1523 1871 1561 editione
1896 1524 2108 1562 Bibliothe-

1144 1599 1213 1627 cae
1234 1598 1330 1626 suae
1350 1586 1630 1625 Cisterciensis
1656 1584 1728 1623 An.
1756 1586 1870 1624 4649.
1895 1587 1933 1623 in
1955 1585 2105 1624 Sirach.

1145 1650 1312 1689 XXXII.
1339 1651 1375 1688 4.
1399 1649 1601 1686 Rectorem
1633 1649 1668 1684 te
1688 1647 1999 1696 constituerunt,
2026 1646 2110 1685 noli

1146 1709 1308 1750 eoetolli:
1330 1715 1370 1748 et
1392 1711 1431 1747 in
1461 1709 1634 1747 editione
1673 1708 1851 1747 secunda
1874 1709 1948 1747 An.
1977 1710 2079 1748 4656
2099 1739 2107 1753 ,

1145 1784 1233 1823 pag.
1271 1771 1413 1809 90-95.
1435 1771 1501 1809 ubi
1530 1771 1630 1808 alter
1649 1772 1767 1808 etiam
1794 1781 1924 1808 sermo
1946 1770 2111 1809 subiun-

1145 1835 1252 1885 gitur
1266 1844 1354 1884 pag.
1370 1833 1540 1871 96—404.
1566 1833 1602 1869 in
1624 1831 1710 1869 Joh.
1736 1833 1838 1870 XIV.
1861 1833 1925 1870 23.
1952 1832 2000 1871 Si
2019 1832 2109 1882 quis

1145 1894 1275 1946 diliqit
1291 1905 1364 1942 me,
1382 1904 1602 1932 sermonem
1617 1904 1747 1930 meum
1768 1892 1949 1932 servabit
1970 1897 2008 1931 et
2033 1895 2107 1931 Pa-

1148 1961 1206 1996 ter
1230 1966 1342 1994 meus
1367 1953 1503 2004 diliqet
1521 1965 1622 1992 eum.

1198 2017 1422 2057 Matthaeus
1446 2015 1492 2054 de
1512 2015 1772 2055 CRACOVIA
1788 2046 1799 2063 ,
1831 2015 1956 2064 infra,
1987 2014 2111 2054 MAT—

1146 2080 1342 2120 THAEUS.

1198 2144 1271 2180 Pro
1303 2139 1502 2179 CRASIM
1525 2139 1709 2189 scriptiS,
1731 2138 1877 2188 quibus
1916 2149 2035 2177 usum
2069 2150 2111 2177 se

1144 2203 1354 2254 profitetur
1377 2201 1572 2239 Martinus
1596 2200 1767 2238 Polonus
1803 2201 1841 2237 in
1862 2200 1940 2238 MS.
1967 2199 2111 2239 Codice

1146 2266 1344 2304 Navarreo
1363 2293 1370 2312 ,
1395 2263 1456 2302 alii
1479 2263 1617 2312 legunt
1642 2260 1732 2299 Titii
1750 2260 1864 2300 Livii.

1200 2325 1394 2375 Quirinus
1415 2324 1630 2364 CRASIUS
1655 2323 1865 2372 Picardus,
1892 2324 2020 2363 Caroli
2038 2324 2111 2362 loci

1147 2388 1366 2427 Sub—Prior
1380 2386 1474 2425 Ord.
1491 2385 1658 2424 Cisterc.
1676 2385 1939 2435 Philosophus
1960 2390 2000 2423 et
2021 2386 2115 2423 Poe-

1148 2454 1188 2487 ta
1206 2449 1325 2496 ,obiit
1348 2448 1424 2486 An.
1450 2449 1565 2486 4454.
1591 2451 1631 2485 et
1655 2451 1760 2484 teste
1785 2446 1943 2484 Visellio
1964 2458 1999 2495 p.
2022 2447 2112 2484 282.

1148 2514 1306 2559 praeter
1325 2509 1545 2548 Conciones
1571 2507 1719 2545 multas
1743 2507 1898 2556 aliaque
1922 2507 2113 2556 opuscula

1152 2571 1311 2621 scripsit
1331 2570 1478 2619 elegias
1501 2569 1656 2617 aliaque
1679 2569 1867 2606 carmina.

1193 2629 1849 2678 CRASTOMUSCorippus‚cuius
1867 2628 2111 2666 librosJoan-

1149 2692 1286 2731 ne'idos
1304 2693 1341 2728 in
1359 2690 1456 2729 Bibl.
1472 2690 1701 2728 Cassinensi
1724 2689 1918 2726 lustrasse
1930 2699 1972 2727 50
1990 2693 2111 2728 testa-

1147 2759 1214 2792 tus
1234 2757 1296 2790 est
1315 2753 1488 2790 Ioannes
1508 2751 1790 2800 Cuspinianus.
1813 2751 1918 2788 Infra
1934 2779 1941 2798 ,
1958 2750 2111 2789 CRES·

1149 2814 1345 2854 COMUS.

1202 2875 1499 2923 CRATERIUS,
1522 2873 1570 2912 de
1591 2884 1668 2923 quo
1690 2874 1728 2911 S.
1753 2874 2019 2922 Hieronymus
2041 2873 2110 2911 ad-

1150 2947 1294 2975 versus
1311 2936 1535 2974 Helvidium
1555 2948 1561 2972 :
1582 2935 1665 2972 Non
1681 2945 1830 2985 quaero
1851 2934 2109 2985 eloquentiam

1149 3008 1267 3049 quam
1294 2996 1374 3047 ipse
1408 3007 1483 3033 non
1517 2993 1664 3033 liabens
1700 2995 1739 3032 in
1769 2994 1901 3045 fratre
1933 2997 2108 3034 Craterio

1148 3057 1366 3109 requisisti.
1388 3057 1492 3104 Non,
1515 3056 1675 3107 inquam
1691 3088 1700 3103 ‚
1719 3056 1853 3106 slagyito
1877 3055 2033 3106 linyuae
2050 3056 2108 3094 ni-

1150 3123 1284 3166 torem,
1301 3118 1458 3156 animae
1475 3129 1626 3169 quaero
1638 3118 1835 3168 pietatem.
1854 3117 1972 3168 Apud
1993 3118 2023 3157 C
2027 3117 2109 3156 liri-

1149 3180 1297 3219 stianos
1313 3180 1414 3218 enim
1430 3178 1679 3218 soloecismus
1695 3182 1754 3217 est
1768 3191 1935 3229 maynus
1950 3179 2103 3228 vitium,

1149 3245 1184 3280 el
1203 3245 1316 3292 turpe
1335 3240 1432 3292 quid
1453 3240 1516 3279 vel
1534 3251 1710 3278 narrare
1730 3240 1792 3279 vel
1810 3240 1956 3292 facere.

1202 3303 1368 3342 CRATO
1386 3303 1696 3350 Thoruniensis,
1721 3305 1942 3351 Borussus,
1968 3303 2106 3342 desun-
