2500 3841
864 205 1252 246 FRANCIAE

130 275 227 314 Vide
241 279 280 313 et
300 284 400 325 quae
415 273 463 311 de
484 273 783 313 FRANCORUM
801 275 1022 316 Annalibus

78 347 198 389 supra
224 338 262 375 in
285 334 484 376 CAROLO
512 336 560 374 M.
585 339 625 373 et
645 337 680 373 in
707 337 1008 378 EGINHARTO.

127 400 184 438 De
208 395 398 449 Stephani
414 395 610 436 BALUZII
629 398 931 450 Capitularibus
949 403 1022 440 Re-

70 472 167 514 qum
191 458 505 507 FRANCORUM,
525 461 682 498 Parisiis
707 461 821 509 4677,
844 463 904 500 sol.
927 463 1022 503 duo-

58 526 150 578 dhffi
163 523 453 572 Voluminibus‚
467 522 622 562 abunde
640 523 789 563 dictum
809 526 1017 565 Volumine.

15 573 56 587 ’ν
73 588 141 626 XI.
161 584 426 625 Bibliothecae
449 584 622 624 Graecae
646 597 733 636 pag.
757 588 940 627 493-545.

124 646 538 687 JacobiBONGARSII
557 647 674 686 Gesta
684 648 778 686 DEI
779 661 854 700 per
871 650 1019 690 FRAN-

8 758 9 762 Ἰ
72 711 194 760 COS,
219 711 304 749 sive
324 709 373 748 de
396 708 715 760 expeditionibus
742 712 946 751 Gallorum
982 714 1018 750 in

8 778 9 781 ’
70 772 334 812 Palaestinam
356 771 405 810 ab
427 772 502 810 An.
528 771 630 810 4095
660 771 707 810 ad
735 775 748 812 4
763 774 835 812 420
856 775 1020 824 scripto—

69 836 137 874 ‘res
169 837 328 873 veteres
360 833 516 873 duobus
555 832 830 874 Voluminibus
868 837 1018 874 Hanov.

20 926 23 927 ν
75 898 175 937 4644
200 927 210 947 ,
235 897 298 935 fol.
323 897 543 935 recensitos
558 896 698 933 Lector
718 896 852 935 videre
878 899 1020 948 poterit

45 953 49 956 ’
70 959 111 997 in
135 958 234 997 libro
253 957 302 997 de
321 957 601 1009 propagatione
623 958 739 996 Lucis
754 959 1020 1008 Evangelicae

69 1032 157 1072 pag.
182 1020 285 1070 522,
324 1031 406 1070 seq.
448 1019 515 1058 ubi
549 1019 668 1057 etiam
698 1019 746 1057 de
770 1021 886 1058 tertio
925 1025 1019 1058 tom.

69 1082 201 1121 adhuc
225 1082 372 1121 inedito
392 1092 478 1132 pag.
516 1081 592 1120 526
616 1085 656 1119 et
680 1081 728 1120 de
748 1082 928 1132 pluribus
952 1094 1020 1119 ve—

70 1144 245 1193 teribus,
270 1154 372 1194 quae
396 1143 450 1182 illi
472 1143 694 1181 collectioni
715 1143 803 1182 addi
824 1148 1018 1194 possunt,

71 1207 346 1245 monumentis
368 1217 455 1257 pag.
488 1204 674 1245 527-533.

127 1266 298 1308 Carolus
318 1266 351 1307 le
374 1267 573 1316 COINTE‚
596 1270 803 1307 Trecensis
822 1298 830 1316 ,
847 1269 1019 1320 Congre-

67 1332 237 1382 gationis
260 1331 427 1370 Oratorii
452 1332 663 1382 Presbyter
680 1362 689 1378 ,
711 1335 848 1370 auctor
877 1330 1018 1380 Operis

16 1410 20 1414 ·
66 1394 267 1444 praecipui
290 1424 299 1444 ‚
344 1393 448 1444 quod
497 1393 672 1432 Annales
717 1392 1017 1431 Ecclesiasticos

69 1455 378 1495 FRANCORUM
402 1457 603 1507 inscripsit
621 1487 629 1505 ‚
649 1460 769 1505 atque
793 1460 880 1493 octo
901 1455 1017 1493 Volu-

68 1518 242 1557 minibus
257 1519 296 1556 in
320 1518 409 1557 folio
433 1517 599 1557 deduxit
618 1518 666 1556 ad
683 1518 844 1557 Annum
861 1517 1017 1556 CHristi

66 1579 158 1619 845.
184 1580 382 1620 Octavum
406 1580 568 1631 quidem
592 1581 787 1620 Volumen
817 1581 855 1617 in
888 1580 1017 1618 lucem

67 1642 242 1692 proferre
267 1644 351 1694 ipse
378 1654 454 1681 non
485 1645 641 1694 potuit,
679 1642 746 1680 sed
777 1653 868 1680 cum
911 1642 1017 1692 operi

67 1709 206 1743 auctor
225 1709 334 1744 esset
359 1706 619 1753 immortuus,
644 1706 676 1754 a)
710 1705 856 1742 factum
881 1703 978 1741 illud·
997 1714 1019 1740 a

65 1767 305 1817 Presbytero
319 1767 487 1806 Oratorii
504 1768 629 1806 altero
644 1765 851 1805 Gerhardo
871 1764 1015 1811 Boz'si'o,

70 1829 230 1867 Parisiis
269 1829 396 1878 4683,
432 1829 495 1867 fol.
531 1829 693 1867 Pri-mus
716 1829 863 1865 Tomus
887 1827 1015 1865 lucem

64 1890 220 1929 viderat
243 1890 317 1929 An.
344 1891 446 1930 4665
471 1894 591 1942 atque
629 1890 677 1928 ab
712 1889 827 1928 Anno
863 1889 1012 1928 CHristi

63 1954 141 1992 265
169 1953 236 1992 ubi
264 1954 505 1992 Francorum
529 1953 654 2004 prima
679 1952 829 1990 mentio
853 1951 887 1998 b)
909 1950 1013 1988 desi-

61 2018 121 2053 nit
138 2016 176 2053 in
201 2015 311 2055 obitu
334 2015 523 2054 Clotharii
542 2015 655 2065 primi
677 2013 751 2052 An.
769 2014 858 2052 564.
878 2015 915 2051 in
937 2025 1014 2063 quo

63 2079 184 2116 etiam
211 2078 479 2116 terminantur
501 2081 614 2127 gesta
634 2081 817 2113 veterum
846 2077 1012 2113 Franco-

61 2151 150 2179 rum
189 2140 299 2179 libris
335 2140 450 2188 VIII,
486 2138 685 2188 descripta
721 2137 769 2175 ab
807 2135 1013 2174 Hadriano

62 2201 306 2251 VALESIO,
330 2202 452 2240 Paris.
479 2201 595 2250 4646,
617 2200 679 2238 fol.
705 2201 790 2238 sive
820 2200 1012 2238 Volumen

59 2267 233 2316 primum
268 2265 401 2315 operis
423 2264 645 2315 praeclari,
670 2262 787 2313 cujus
812 2261 1014 2301 secundus

59 2331 100 2366 et
127 2327 272 2365 tertius
301 2330 437 2366 tomus
456 2325 531 2364 An.
558 2326 660 2365 4658
697 2327 735 2362 in
766 2325 894 2363 lucem
933 2324 1013 2362 dati

66 2389 270 2428 historiam
292 2387 496 2428 deducunt
516 2388 579 2426 ille
603 2387 650 2427 ad
668 2387 828 2425 Annum
854 2387 928 2424 584
952 2386 1013 2423 hic

60 2451 108 2490 ad
131 2450 224 2491 754.
248 2449 473 2490 Secundum
491 2451 634 2490 Cointii
655 2449 848 2487 volumen
868 2447 1014 2485 desinit

113 2581 148 2621 a)
171 2582 336 2615 cointius
352 2581 529 2614 defunctus
542 2585 592 2613 est
607 2585 667 2612 An.
691 2579 781 2611 1031.
799 2581 949 2611 „ianuarii
968 2578 1018 2610 ¹18.

53 2634 172 2664 aetatis
194 2633 247 2665 70.
269 2635 316 2663 De
338 2640 378 2664 eo
400 2631 556 2664 eonsules
580 2634 690 2662 vitam
712 2639 730 2660 a
755 2628 870 2660 Boisio
894 2629 1015 2668 praefi—

55 2689 130 2714 xam
154 2684 258 2714 'rome
280 2687 399 2714 octavo
423 2681 603 2713 Annalium
617 2705 627 2718 ‚
646 2678 879 2720 Ephemei·idcs
897 2679 1021 2710 Erudi-

54 2737 165 2763 torum
186 2734 280 2764 Paris
304 2731 396 2763 1681.
420 2740 496 2772 pag.
523 2731 575 2762 89.
607 2734 702 2763 Acta.
734 2728 950 2760 Eruditorum
983 2731 1018 2759 Α.

55 2781 147 2814 1685.
171 2790 247 2823 pag.
269 2781 343 2814 340.
362 2781 518 2813 Richardi
539 2782 683 2812 Simonis
699 2778 866 2819 Epistolas
883 2778 1020 2810 selectas

32 2863 34 2866 ,
55 2831 176 2863 Gallice
198 2831 302 2864 editas
324 2834 361 2863 T.
383 2831 417 2863 5.
442 2839 474 2871 p.
497 2830 551 2864 89.
574 2831 630 2863 sed
655 2829 770 2861 ,iacobi
794 2827 823 2859 le
849 2830 940 2867 Long
970 2829 1021 2859 Bi-

54 2881 235 2913 liothecam
257 2883 462 2914 Histoi-icam
488 2881 613 2912 Galliae
636 2888 728 2911 num.
754 2877 845 2909 1519.
870 2886 945 2917 pag.
969 2877 1020 2908 (36.

57 2938 127 2971 seq.
147 2931 314 2963 Nisseroni
335 2933 511 2963 memorias
528 2933 683 2962 Virorum
698 2929 904 2960 eruditorum
919 2930 1020 2958 Tomo

54 2974 206 3021 list-pag.
227 2981 302 3013 Ἰ269.
325 2981 538 3014 Hadrianus
566 2979 727 3013 Valesius
743 3002 753 3016 ,
786 2978 919 3008 flcnrici
947 2976 1014 3008 l'ra-

26 3054 31 3062 .
61 3034 110 3062 tei·
129 3056 138 3069 ,
155 3033 323 3064 extinctus
341 3032 379 3064 A.
397 3031 491 3063 1699.
506 3032 538 3062 ἰ).
557 3031 650 3062 Julii.
668 3032 711 3059 De
733 3036 769 3058 eo
788 3025 1020 3066 Ephemcridcs

53 3079 271 3113 Erudiiorum
296 3082 383 3114 illius
404 3083 487 3113 anni
511 3090 592 3121 pag.
616 3079 687 3110 005.
716 3082 749 3109 et
779 3076 951 3107 Valesiaiia
978 3078 1014 3107 Α.

56 3129 147 3163 1694.
175 3133 208 3163 in
233 3131 340 3164 lucem
363 3131 441 3163 data
464 3139 482 3162 a
506 3131 572 3162 filo.
598 3134 676 3161 Acta
699 3126 916 3158 Eruditorum
955 3128 1017 3155 An.

55 3180 148 3214 1694.
171 3190 246 3222 pag.
268 3181 343 3213 507.
372 3180 501 3213 Claudii
542 3178 704 3210 Perraulti
731 3179 817 3207 vitae
842 3175 1019 3205 illustrium

54 3230 223 3263 Gallorum
264 3230 388 3263 Gallice
413 3230 518 3261 editas
540 3231 632 3259 Tom.
661 3228 690 3257 ἱ).
717 3234 791 3265 pag.
817 3223 886 3255 149.
910 3225 1019 3254 Nisse-

55 3282 130 3311 roni
158 3283 334 3314 Memoriae
359 3284 463 3324 'lfomo
485 3280 516 3310 5.
542 3286 615 3318 pag.
638 3276 712 3307 215.

121 3329 156 3368 b)
179 3333 338 3371 vopiscus
358 3332 391 3362 in
418 3328 594 3361 Aureliano
617 3334 690 3366 cap.
715 3326 741 3355 7.
768 3329 796 3355 el
825 3325 876 3355 555.

1964 211 2042 250 593

1100 280 1135 316 in
1161 279 1236 318 An.
1259 280 1334 318 632
1352 291 1429 330 quo
1446 280 1538 318 obiit
1556 280 1782 320 Clodovcus
1800 282 1844 320 ll.
1875 281 2045 320 Tertium

1097 342 1134 379 in
1159 341 1232 380 An.
1255 342 1344 380 680.
1372 343 1568 390 Quartum
1588 345 1624 380 in
1650 343 1726 382 An.
1746 343 1835 382 737.
1859 343 2044 393 Quintum

1098 404 1134 441 in
1152 403 1226 442 An.
1246 402 1334 442 774.
1361 405 1530 442 Sextum
1556 406 1593 442 in
1615 406 1691 444 An.
1713 406 1802 444 804.
1827 406 2042 456 Septimum

1097 467 1134 503 in
1158 465 1232 504 An.
1254 466 1330 504 828
1356 472 1395 504 ct
1421 466 1609 505 Octavum
1634 468 1671 505 in
1696 467 1770 506 An.
1797 469 1884 507 845.

1147 527 1178 566 A
1200 518 1368 566 Martin‘o
1390 528 1660 574 BOUQUETO
1676 530 1860 581 denique,
1877 532 2042 570 Benedi-

1094 591 1198 628 ‹ttiuo
1236 590 1389 628 erudito
1423 595 1463 627 et
1493 592 1692 630 Praefecto
1712 593 1974 633 Bibliothecae
2003 595 2042 633 S.

1093 651 1279 690 Germani
1318 652 1366 690 de
1405 653 1529 691 Pratis
1567 656 1744 703 proxime
1783 662 2042 706 expectamus

1096 724 1237 751 novam
1270 714 1549 752 collectionum
1589 715 1762 763 Pitleoez',
1785 717 1977 766 Freliert',
2003 723 2043 756 ct

1094 776 1158 824 qui
1185 776 1232 813 ab
1263 775 1338 813 illis
1365 777 1521 825 vulgata
1565 779 1749 827 repetiit7
1783 780 1850 817 sed
1879 782 2037 820 meliora

1094 837 1280 887 pleraque
1322 841 1361 874 et
1398 838 1578 887 pluribus
1616 844 1731 877 aucta
1774 845 2042 881 monumentis

1094 898 1337 948 Duschesm'c'‚
1375 899 1489 949 longe
1525 901 1834 940 emendatiorem
1874 904 2043 954 locuple-

1094 963 1314 1011 tioremque
1354 961 1568 1000 editionem
1605 974 1720 1012 Cujus
1754 963 1831 1002 duo
1877 966 2041 1015 singulis

1094 1024 1210 1061 annis
1232 1024 1440 1062 Volumina
1465 1024 1617 1062 edenda
1641 1026 1673 1073 a)
1699 1027 1996 1076 promittuntur.

1147 1085 1445 1135 Amplissimam
1475 1091 1514 1124 et
1536 1086 1764 1137 diligentem
1788 1094 1906 1139 atque
1929 1101 2042 1129 accu-

1094 1151 1219 1186 ratam
1246 1148 1424 1186 notitiam
1450 1150 1686 1198 scriptorum
1707 1155 1889 1189 veterum
1909 1163 2043 1191 recen-

1095 1210 1287 1260 tiumque,
1313 1211 1378 1259 qui
1404 1222 1467 1248 res
1494 1211 1797 1251 FRANCORUM
1821 1224 2042 1263 exposuere

1095 1272 1156 1309 vel
1181 1271 1538 1322 quomodocunque
1561 1274 1833 1323 illustrarunt,
1852 1276 2043 1316 debemur

1094 1334 1182 1371 Viro
1206 1334 1445 1373 incredibilis
1470 1336 1686 1375 industriae
1711 1344 1749 1375 et
1785 1338 1940 1377 candidi
1977 1339 2041 1377 bc-

1094 1407 1222 1445 neque
1247 1397 1331 1434 sani
1366 1396 1501 1446 judicii
1539 1398 1680 1436 Jacobs
1707 1399 1739 1437 le
1770 1402 1897 1439 [ΟΝ]
1919 1432 1927 1449 ‚
1953 1403 2041 1439 Pre-

1093 1458 1242 1507 sbyteri
1266 1459 1432 1496 Oratorii
1454 1465 1492 1497 et
1536 1462 1797 1500 Bibliothecae
1837 1464 2036 1502 Praefecti.

1093 1519 1191 1569 Ejus
1223 1520 1461 1560 Bibliotheca
1503 1522 1690 1562 historica
1725 1525 1872 1563 Galliae
1910 1526 2036 1564 lucem

1094 1582 1192 1620 vidit
1226 1584 1383 1621 Parisiis
1420 1583 1545 1632 1l7l9,
1586 1586 1648 1623 fol.
1677 1588 1713 1624 in
1753 1598 1829 1636 qua
1860 1594 2039 1626 recenset

1092 1643 1219 1695 Opera
1244 1646 1391 1696 majora
1420 1652 1460 1684 et
1492 1649 1642 1686 minora
1679 1660 1836 1699 quoque
1855 1681 1865 1698 ,
1906 1651 2038 1691 vitas,

1093 1708 1299 1746 Orationes
1315 1713 1389 1747 etc.
1418 1721 1583 1748 numero
1599 1710 1755 1748 circiter
1774 1712 1915 1750 48000.
1931 1711 2037 1750 Idem

1093 1768 1140 1805 ile
1164 1769 1250 1806 aliis
1271 1770 1602 1810 Bibliothecarum
1618 1772 1857 1812 Gallicarum
1875 1776 2038 1825 scripto-

1095 1831 1201 1869 ribus
1225 1831 1385 1870 disserit
1415 1844 1524 1872 num.
1550 1834 1678 1882 6545,
1709 1846 1818 1886 seqq.
1843 1847 1928 1887 pag.
1963 1838 2038 1876 340

1092 1903 1174 1942 seq.
1201 1894 1310 1932 Diem
1337 1895 1430 1932 obiit
1459 1896 1626 1934 Jacobus
1669 1897 1703 1935 le
1742 1899 1847 1949 Long
1882 1900 2037 1937 Parisiis

1087 1954 1160 1993 An.
1187 1956 1283 1995 4721
1316 1957 1365 1995 43
1383 1957 1566 2008 Augusti,
1592 1958 1707 2008 cujus
1732 1971 1830 2010 opus
1847 1961 2035 2012 supplen-

1087 2017 1181 2056 dum
1202 2019 1597 2070 continuandumque
1621 2023 1754 2071 accepi
1777 2023 1813 2059 in
1831 2033 1873 2060 se
1899 2033 2033 2061 susee-

1087 2081 1192 2129 pisse
1234 2091 1507 2119 successorem
1549 2081 1637 2131 ejus
1685 2085 1722 2120 in
1771 2084 2033 2122 Bibliothecae

1087 2142 1335 2181 Praefectura
1355 2143 1631 2182 Clarissimum
1655 2145 1699 2182 F.
1729 2144 1775 2182 dc
1797 2144 1958 2183 Molets:
1995 2150 2033 2183 et

1088 2203 1285 2242 secundae
1315 2204 1499 2243 editionis
1523 2207 1765 2245 mentionem
1792 2206 1894 2257 injici
1921 2207 2034 2246 video

1088 2266 1126 2301 in
1165 2266 1356 2305 Dominici
1391 2266 1440 2305 de
1477 2268 1639 2306 Colonia
1668 2273 1763 2307 tom.
1801 2269 1824 2307 <2
1850 2270 2035 2308 historiae

1088 2327 1300 2367 litterariae
1326 2329 1606 2379 Lugdunensis
1630 2342 1716 2381 pag.
1742 2331 1830 2370 657.
1857 2333 1927 2370 Pro
1943 2343 2036 2382 sup-

1089 2390 1287 2440 plemento
1319 2393 1437 2430 etiam
1478 2392 1582 2430 illius
1606 2392 1737 2431 haberi
1763 2399 1933 2444 possunt
1958 2405 2032 2432 non

1087 2463 1234 2501 paucae
1275 2452 1574 2492 observationes
1598 2485 1607 2501 ,
1651 2466 1753 2504 quae
1801 2455 1850 2493 de
1900 2466 2032 2494 rerum

1085 2515 1323 2553 Gallicarum
1351 2516 1611 2566 scriptoribus
1632 2517 1769 2554 obviae
1795 2523 1889 2555 sunt
1931 2519 1965 2554 in
2005 2523 2030 2554 t.

1086 2581 1226 2625 quarto
1251 2577 1424 2615 methodi
1451 2578 1704 2616 historiarum
1725 2578 1905 2628 Lanyletz'
1939 2579 1971 2616 F
1974 2590 2034 2616 re-

1086 2638 1200 2676 snaez'
1219 2638 1346 2677 editae
1370 2640 1528 2677 Parisiis
1554 2640 1655 2678 4729
1674 2671 1682 2684 ,
1708 2641 1744 2677 in
1774 2641 1808 2677 4.

1139 2702 1177 2738 S.
1207 2700 1519 2740 FRANCISCUS
1543 2702 1717 2739 Assisias
1752 2702 1926 2749 Umber,
1961 2705 2032 2741 Do-

1086 2767 1170 2801 ctor
1193 2762 1460 2813 Seraphz‘cus,
1485 2762 1634 2801 Auctor
1658 2763 1730 2802 An.
1759 2765 1873 2802 ⁴215.
1906 2765 2032 2803 Fran-

1085 2824 1237 2863 ciscani
1259 2824 1418 2864 Ordinis
1437 2825 1634 2864 almorum
1655 2827 1874 2866 confirmati
1903 2828 1950 2866 ab
1972 2829 2032 2866 lu-

1088 2888 1267 2925 noeentio
1296 2888 1377 2936 111,
1403 2893 1442 2926 et
1468 2889 1635 2926 Honorio
1658 2890 1721 2927 Ill.
1748 2891 1814 2928 llic
1847 2896 1931 2940 post
1960 2892 2033 2928 iter

1087 2950 1124 2986 in
1159 2950 1361 2987 Orientem
1388 2950 1463 2988 Au.
1497 2951 1596 2988 4249
1631 2956 1861 3001 susceptum
1907 2952 2030 2990 redux

1086 3011 1188 3049 diem
1214 3012 1307 3049 obiit
1331 3012 1433 3062 apud
1459 3014 1496 3049 S.
1523 3013 1680 3050 Mariam
1703 3013 1751 3051 (le
1781 3014 2030 3052 Portiuncula

1086 3074 1159 3111 An.
1185 3074 1286 3111 4226
1304 3103 1312 3119 ‚
1338 3073 1372 3111 Ῑι.
1399 3074 1555 3111 Octobr.
1586 3077 1740 3112 Sanctis
1766 3081 1853 3125 post
1877 3076 2025 3115 obitum

1086 3135 1309 3185 adscriptus
1332 3147 1353 3174 a
1377 3137 1561 3181 Gregorio
1582 3137 1647 3173 lx.
1666 3137 1738 3174 An.
1764 3139 1873 3175 1228.
1902 3139 2028 3177 Vitam

1085 3197 1173 3249 ejus
1195 3202 1349 3246 praeter
1370 3197 1605 3235 ANiilCLUM
1636 3197 1888 3240 Tancreilum.
1913 3199 2031 3240 LEO-

1140 3320 1171 3348 at
1195 3318 1421 3357 niblioiheque
1447 3320 1620 3351 raisoiiiiee
1646 3323 1735 3351 lein.
1761 3324 1809 3353 xl.
1835 3332 1910 3362 pag.
1941 3324 2011 3357 4⁸5.

1646 3390 1686 3401 -,.

1649 3405 1690 3425 l·)
