2500 4009
435 205 508 243 191*

428 275 515 312 culo
532 275 549 295 ‘⁵
566 285 696 313 rorum
710 271 1021 323 expetendarum
1036 275 1076 309 et
1087 270 1373 321 fugiendarum,

427 336 559 374 Colon.
587 337 686 374 ⁴5:335
708 334 767 372 sol.
785 345 869 384 pag.
891 333 1060 371 xxxix
1078 332 1125 371 ad
1146 344 1229 383 pag.
1251 334 1371 372 XLIII

428 397 463 434 l).
487 395 626 433 deinde
643 395 851 444 scpamtim
871 393 944 433 An.
963 395 1064 434 4542
1080 399 1119 432 et
1139 405 1230 433 cuni
1248 396 1373 434 AEnea

429 458 563 505 sylvio
584 455 632 492 dc.
655 455 827 493 Concilio
850 455 966 494 Basil.
990 460 1030 494 et
1052 467 1073 494 a
1096 455 1263 494 Matthia
1281 454 1374 494 Fla-

427 515 751 566 t·1'oin»Ciitalogo
779 517 942 555 testium
972 518 1152 556 veritatis
1180 529 1265 569 pag.
1296 519 1373 557 315

425 578 516 615 odit.
533 578 679 627 primae
693 578 807 616 Basil.
830 579 951 627 1556,
972 579 995 616 8
1014 584 1134 630 atque
1153 580 1192 618 in
1208 581 1375 619 caeteris

424 638 658 677 editionibus
682 641 858 690 repetitis
885 639 1148 691 Argentum,
1173 641 1372 692 Lugduni,

425 700 632 747 Genevae,
670 705 709 739 et
747 702 1013 743 Francofurti:
1049 707 1135 741 tum
1168 714 1191 742 a
1226 703 1374 742 Joanne

432 760 585 812 Wolfio,
609 767 715 800 tomo
739 763 767 802 1.
792 765 1020 802 Lectionum
1041 764 1370 815 memorabilium,

424 824 619 874 Lauingae
657 824 758 863 1600
784 825 844 864 fol.
883 836 967 875 pag.
994 826 1069 864 290
1103 831 1144 864 et
1166 837 1188 865 a
1208 825 1371 865 Reinero

424 883 645 933 Reitieccio,
677 887 850 925 Francoi.
889 887 980 926 1581
1024 888 1092 936 qui
1130 888 1370 939 parrhesiam

424 945 512 996 ojus
529 958 578 985 ex
602 949 779 986 veritatis
802 947 933 987 studio
957 949 1090 989 scribit
1113 950 1371 1000 profluxisse,

425 1008 515 1047 licet
537 1008 641 1047 aliud
665 1010 795 1048 visum
819 1011 981 1048 Bai-onio
1001 1014 1042 1048 et
1065 1011 1226 1049 fervidis
1243 1011 1373 1051 llilde-

422 1069 701 1108 brandinorum
729 1071 970 1109 axiomatum
1004 1072 1370 1122 propugnatoribus.

425 1131 622 1169 Familiam
646 1142 801 1181 quoque
831 1131 939 1169 ducit
968 1131 1039 1170 hoe
1060 1134 1256 1172 Bennonis
1279 1135 1374 1172 seri-

425 1198 537 1243 ptum
554 1194 589 1230 in
609 1191 830 1232 Melcln'aris
848 1192 1025 1232 Goldasti
1039 1195 1189 1245 sylloye
1205 1207 1374 1246 opuscu-

426 1255 551 1292 lorum
575 1255 655 1293 anti
678 1256 1020 1305 Gregorianorum‚
1045 1257 1192 1294 lIanov.
1219 1258 1312 1297 1611
1339 1257 1372 1295 4.

477 1318 532 1354 Dc
550 1317 779 1355 BENNONE
798 1317 990 1367 Episcopo
1005 1317 1053 1356 ab
1073 1317 1187 1357 Anno
1207 1319 1306 1357 1066
1326 1319 1374 1358 ad

426 1379 440 1415 1
459 1378 527 1416 106
550 1377 740 1416 Μῖεηεηει·
754 1408 762 1427 ,
783 1383 914 1430 partes
937 1380 1110 1429 Gregorii
1134 1380 1201 1419 VII
1226 1384 1375 1428 secuto,

425 1444 465 1478 ct
490 1439 697 1478 Slavorum
720 1441 745 1489 ἦ
771 1445 815 1479 ut
843 1439 953 1490 ajunt
984 1440 1195 1493 Apostolo,
1219 1443 1376 1481 Sanctis

426 1500 620 1552 adscripto
643 1501 716 1540 An.
738 1503 838 1541 ⁴523
863 1504 904 1541 31
941 1504 1026 1553 Maj.
1067 1503 1161 1542 vide
1194 1504 1376 1546 Hadriani

428 1564 477 1606 VI
509 1563 655 1601 bullam
695 1564 1008 1603 Canonizationis
1045 1570 1150 1604 tomo
1179 1567 1193 1604 I
1222 1566 1375 1605 bullarii

425 1626 555 1675 magni
579 1636 665 1677 pag.
701 1626 788 1663 632.
814 1626 911 1665 Acta
940 1628 1114 1666 Sanctor.
1159 1629 1206 1666 16
1240 1629 1372 1676 Junii,

424 1692 517 1724 tom.
543 1687 592 1724 Ill
616 1698 701 1737 pag.
728 1688 801 1726 198
822 1687 885 1726 ubi
902 1689 982 1727 vita
1005 1690 1151 1738 scripta
1173 1689 1221 1727 ab
1240 1690 1371 1728 Hiero-

426 1760 544 1797 nymo
572 1749 761 1796 Emscro,
785 1760 876 1788 eum
907 1751 1008 1788 notis
1035 1750 1242 1789 Codofredi
1270 1753 1364 1790 Ilen.

424 1810 591 1849 seht-nii.
611 1815 730 1860 atquc
745 1810 887 1848 exinde
907 1811 946 1848 in
964 1812 1019 1849 Jo.
1037 1811 1252 1850 Burehardi
1265 1813 1372 1852 Men-

422 1870 547 1909 ckonii
570 1860 592 1908 Ξ
610 1869 805 1922 μακαρίτε
827 1872 1082 1924 scriptoribus
1118 1884 1250 1914 rerum
1277 1873 1372 1913 Ger-

425 1934 667 1972 manicarum
692 1940 783 1974 tom.
809 1936 868 1983 11,
892 1946 976 1986 pag.
996 1936 1096 1974 1824
1119 1947 1200 1986 seq.
1224 1935 1371 1975 videet

424 1995 557 2033 Baluz.
595 2000 688 2034 tom.
714 1997 778 2034 III.
817 1997 922 2034 Misc.
956 2008 1040 2047 pag.
1080 1998 1154 2036 425
1177 2002 1218 2036 et
1244 1999 1368 2037 vitam

423 2056 622 2093 Bcnnonis
645 2058 791 2095 recenti
815 2056 944 2095 studio
960 2058 1145 2107 scriptam
1165 2069 1187 2096 a
1209 2060 1372 2097 Martino

426 2116 680 2155 Ilcidcnrcich
698 2146 706 2164 ,
726 2119 964 2157 Leisnicensi
983 2147 991 2166 ,
1013 2119 1185 2157 Dresdac
1210 2120 1310 2160 4694
1335 2122 1369 2157 8.

426 2177 521 2215 Acta
546 2177 665 2215 Erud.
693 2179 794 2216 illius
817 2180 908 2216 anni
933 2190 1016 2229 pag.
1044 2182 1131 2219 115.

480 2238 699 2278 Zacharias
709 2240 919 2279 BENEDIC
928 2242 956 2279 T
964 2242 991 2279 L'
995 2243 1033 2290 S,
1044 2243 1284 2292 Viecntinus,
1294 2245 1372 2282 Mo-

426 2300 576 2339 nachus
596 2302 883 2340 carthusianus
900 2332 907 2348 ,
924 2304 1106 2342 versibus
1130 2304 1370 2344 hexametris

424 2364 527 2400 eirea
550 2363 709 2402 Annum
729 2366 828 2402 1508
844 2365 1000 2415 scripsit
1024 2365 1146 2404 Vitam
1165 2368 1204 2405 S.
1220 2368 1372 2405 Bruno-

422 2423 485 2462 πίε
500 2453 509 2471 ,
533 2436 633 2474 quac
655 2426 836 2476 operibus
856 2426 976 2476 hujus
1005 2427 1210 2477 subjicitur
1229 2430 1267 2466 in
1290 2429 1370 2468 edi-

426 2486 530 2523 tione
560 2485 800 2525 Aseensiana
831 2489 986 2526 Parisiis
1023 2490 1124 2529 1524
1162 2491 1222 2529 fol.
1261 2491 1370 2530 Idem

422 2552 557 2597 postca
580 2548 705 2586 facere
729 2549 898 2588 instituit
919 2551 1090 2589 Ioannes
1113 2553 1369 2593 Moroeurtius

425 2610 462 2646 in
486 2614 653 2659 quatuor
677 2610 783 2648 libris
806 2612 1073 2651 Brunoniados
1090 2643 1097 2661 ,
1114 2613 1368 2665 Antwerpiae

425 2671 545 2718 1640,
563 2672 582 2708 4
599 2676 642 2710 ut
661 2673 734 2710 sub
752 2672 873 2720 idem,
891 2685 968 2724 quo
988 2675 1247 2725 Benedictus,
1268 2681 1370 2715 tcm-

424 2744 499 2782 pus
516 2762 523 2779 ,
541 2733 730 2783 Sapphico
747 2737 918 2773 carmine
933 2734 1191 2777 Sebastianus
1203 2737 1366 2788 Brandt,

425 2793 526 2843 quod
541 2800 672 2834 exstat
688 2797 724 2834 in
737 2798 901 2836 Historia
915 2799 1190 2839 Ecclesiastiea
1202 2800 1369 2840 Michae-

427 2857 473 2894 lis
507 2857 760 2908 Bucehingcri
777 2888 786 2906 ,
822 2860 1112 2901 Colmariensis.
1148 2863 1368 2914 Moguntiae

430 2919 541 2957 1560.
566 2918 660 2956 Vide
686 2920 809 2967 inira,
835 2922 1011 2963 BI’tUNO,

482 2979 706 3031 Cyprianus
746 2982 995 3034 BENETUS,
1038 2987 1122 3025 sive
1167 2986 1368 3027 BENEDI-

486 3138 498 3149 ·
523 3141 579 3170 ilie
602 3139 774 3173 fasciculus
796 3150 872 3173 cum
903 3150 1022 3182 magno
1051 3146 1206 3178 Auctarlo
1240 3154 1373 3178 recusus

430 3186 526 3215 Lond.
544 3187 688 3220 1600101.
705 3195 843 3221 curante
857 3192 932 3222 Viro
947 3191 1068 3224 elarlss.
1084 3194 1237 3226 Eduardo
1247 3198 1376 3228 Brown.

438 3235 512 3312 13¹3·
529 3238 660 3313 gilcron.
679 3242 790 3274 Emser
804 3240 835 3272 ἰιι
855 3243 922 3275 vita
940 3245 1105 3277 ucnnonis
1121 3253 1193 3286 cap.
1215 3244 1263 3280 w,
1286 3246 1374 3286 2195,

1242 200 1593 242 BENNONE

1447 274 1574 313 CTUS
1602 272 1623 296 ³*
1655 270 1929 321 Albeldensis‚
1970 270 2204 323 Aragonus,
2240 271 2400 314 Ordinis

1446 334 1777 383 Praedicatorum,
1806 335 1900 373 obiit
1927 333 2002 373 An.
2034 335 2137 375 4522
2167 334 2324 386 scripsit
2351 334 2399 374 de

1438 396 1574 449 prima
1594 394 1712 435 Orbis
1739 395 1827 434 sede
1844 395 1915 446 ,de
1939 395 2137 444 Concilio,
2155 395 2201 435 de
2210 398 2402 447 potestate

1444 457 1737 505 Ecclesiastica,
1748 462 1787 496 ct
1802 456 1849 495 de
1852 460 2043 508 potestate
2059 457 2280 510 Pontificis:
2297 469 2400 509 quae

1445 522 1588 571 scripta
1608 523 1696 571 post
1720 518 1931 557 editionem
1949 519 2058 557 Rom.
2087 520 2188 560 1512
2205 531 2345 560 recusa
2361 520 2400 559 in

1449 587 1554 621 tomo
1575 583 1741 633 septimo
1764 580 2026 619 Bibliothecae
2055 582 2250 621 maximae
2272 583 2402 621 Ponti-

1446 644 1578 691 ficiae,
1602 646 1769 682 curante
1791 643 1848 680 Jo.
1871 641 2021 681 Thoma
2044 643 2271 682 Rocaberto.
2292 642 2402 682 Idem

1445 706 1619 747 Bonetus
1652 702 1826 753 junctim
1855 701 1977 741 edidit
2018 703 2176 742 Parisiis
2206 705 2308 743 1506
2338 704 2401 744 fol.

1446 766 1658 805 illustrium
1684 765 1866 803 Virorum
1889 764 2106 814 opuscula:
2130 764 2171 804 S.
2193 763 2406 805 Athanasii

1443 832 1580 866 eontra
1606 826 1745 865 Arium
1773 825 1975 864 dissertat.
2004 825 2055 865 de
2077 824 2246 884 ὀμοεσίῳ
2267 837 2400 866 coram

1445 890 1566 929 Probo
1585 887 1745 928 Judiee:
1771 885 1981 939 Didymum
1999 885 2048 926 de
2069 887 2219 938 Spiritu
2238 888 2401 938 Sancto,

1443 963 1493 991 ex
1530 950 1711 989 versione
1748 949 1999 999 Hieronymi:
2037 948 2320 990 Cassiodorum
2346 949 2397 989 de

1445 1013 1590 1052 anima.
1615 1011 1907 1050 Praestantium
1930 1011 2107 1051 virorum
2135 1009 2375 1062 definitiones
2392 1041 2402 1061 ,

1446 1079 1485 1114 ct
1505 1076 1543 1113 S.
1566 1072 1764 1125 Cypriane
1789 1072 1958 1111 tributos
1982 1082 2188 1112 sermones
2212 1071 2261 1112 de
2277 1071 2404 1112 cardi-

1447 1136 1600 1175 nalibus
1624 1134 1820 1175 CHRISTI
1845 1134 2040 1184 operibus.
2070 1133 2157 1174 Alia
2183 1132 2306 1184 hujus
2332 1135 2404 1174 Be-

1448 1199 1527 1237 neti
1552 1198 1698 1248 scripta
1722 1201 1843 1236 sunt:
1864 1194 2027 1235 aculeus
2050 1199 2188 1235 contra
2205 1193 2402 1244 Iudaeos,

1447 1264 1488 1299 et
1506 1258 1552 1298 de
1567 1270 1643 1297 non
1664 1256 1850 1297 mutando
1866 1256 2068 1297 Paschate.
2083 1258 2229 1297 Romae
2246 1257 2349 1297 1515
2366 1256 2401 1296 4.

1447 1322 1503 1360 De
1534 1319 1673 1361 Caroli
1706 1320 1738 1359 I.
1776 1319 1892 1371 Reyis
1923 1318 2239 1370 Hispaniarum,
2267 1322 2404 1369 postea

1451 1382 1639 1423 Caesaris
1655 1381 1793 1422 Caroli
1812 1383 1842 1422 V
1852 1379 2166 1433 praeeminentia
2184 1383 2221 1420 et
2238 1378 2404 1420 clemen-

1451 1449 1529 1494 ιτα,
1552 1444 1640 1483 ibid.
1667 1445 1768 1483 1518
1794 1444 1828 1482 4.
1852 1441 2176 1482 Adhortatorium
2195 1441 2240 1482 de
2259 1440 2406 1481 accele-

1447 1506 1574 1546 rando
1609 1506 1770 1553 itinere,
1799 1504 1854 1544 ad
1880 1504 2132 1544 Hadrianum
2164 1505 2224 1545 VI.
2262 1504 2400 1544 Oratio

1449 1573 1586 1609 contra
1600 1567 1783 1619 doymata
1801 1568 1847 1606 D.
1862 1566 2028 1607 Lutheri
2041 1597 2049 1617 ,
2064 1566 2259 1617 eum'ejus
2277 1567 2404 1616 imago

1447 1637 1487 1671 et
1506 1633 1650 1682 scripta
1675 1632 1818 1669 Romae
1838 1633 2103 1668 exurerentur
2123 1630 2268 1668 Romae
2299 1628 2394 1668 1521

1447 1698 1461 1734 1
1473 1695 1496 1734 2
1505 1696 1522 1732 J
1529 1706 1595 1733 un.
1613 1693 1667 1731 De
1680 1694 1718 1732 S.
1735 1690 2017 1730 Eucharistiae
2031 1692 2299 1731 Sacramenta.
2316 1691 2387 1729 Dia

1439 1757 1553 1805 logus
1576 1754 1621 1793 (le
1651 1752 1885 1793 eoecellentia
1907 1755 1944 1790 et
1969 1750 2136 1790 utilitate
2167 1749 2404 1802 Theoloyiae.

1441 1815 1689 1858 Introductio
1712 1813 1768 1853 act
1790 1814 1982 1866 Loqicam.
2018 1815 2226 1853 Tractatus
2248 1811 2295 1852 de
2322 1811 2405 1865 for-

1446 1877 1610 1919 titudine
1632 1875 1758 1916 anz'mi
1778 1880 1818 1914 ct
1840 1875 1888 1914 de
1905 1873 2088 1927 perfecta
2111 1877 2199 1914 arte
2224 1872 2401 1915 militari.

1442 1947 1516 1981 ete.
1558 1939 1656 1980 Vide
1678 1939 1758 1977 Jac.
1797 1937 2025 1977 Eehardum
2050 1940 2144 1976 tom.
2177 1937 2210 1976 11
2239 1935 2288 1975 de
2309 1936 2403 1975 seri-

1441 2002 1631 2054 ptoribus
1648 1999 1914 2039 Dominicanis
1938 2009 2022 2048 pag.
2049 1998 2097 2037 49
2122 2006 2204 2048 seq.

1496 2060 1865 2102 BENEVENUTUS
1887 2057 2128 2110 Campiyena
2146 2087 2154 2108 ‚
2175 2059 2260 2098 sive
2287 2057 2403 2099 Gam-

1437 2133 1634 2175 pesanus,
1653 2120 1769 2170 eujus
1794 2125 1932 2170 poema
1956 2119 2164 2160 heroicum
2190 2119 2238 2159 de
2266 2121 2403 2163 Vieen-

1443 2187 1495 2223 tia
1518 2185 1590 2223 An.
1615 2184 1707 2223 1311
1739 2183 1941 2221 Patavinis
1977 2186 2113 2232 erepta
2135 2193 2158 2220 a
2180 2182 2286 2222 Cane
2310 2182 2402 2221 Sca-

1443 2247 1560 2297 ligero
1589 2245 1775 2295 auspiciis
1794 2243 1948 2283 Henriei
1974 2243 2042 2282 VII
2079 2242 2212 2283 laudat
2233 2244 2399 2284 Vossius

1443 2320 1527 2358 pag.
1549 2307 1626 2346 795
1649 2307 1746 2345 llist.
1771 2306 1853 2344 Lat.
1878 2306 1934 2345 De
1962 2302 2168 2344 Alberttno
2195 2305 2398 2356 Mussato,

1442 2370 1557 2408 Poeta
1572 2373 1612 2407 et
1626 2370 1788 2408 Oratore
1805 2396 1813 2415 ,
1829 2367 1896 2416 qui
1917 2377 1986 2418 pro
2010 2367 2210 2406 Patavinis
2229 2368 2398 2418 scripsit,

1440 2430 1519 2468 dixi
1543 2441 1661 2480 supra
1689 2440 1774 2480 pag.
1806 2428 1880 2468 100
1905 2439 1987 2478 seq.
2014 2427 2124 2467 Idem
2153 2438 2247 2468 vero
2274 2429 2399 2468 Bene-

1441 2495 1614 2531 venutus
1638 2501 1715 2529 non
1737 2490 1950 2530 celebravit
1976 2489 2096 2530 funus
2122 2488 2285 2537 Ferrea,
2300 2490 2394 2531 Poe-

1441 2557 1503 2591 tae
1519 2553 1713 2592 Viccntini
1729 2581 1738 2596 .
1755 2555 1799 2590 ut
1813 2562 1835 2590 a
1851 2550 2009 2591 laudato
2025 2551 2162 2591 Vossio
2183 2555 2223 2591 et
2242 2553 2283 2590 B.
2299 2553 2400 2602 Ley-

1441 2625 1528 2652 soro
1552 2625 1637 2665 pag.
1677 2613 1779 2652 1006
1798 2612 1847 2652 de
1874 2613 2002 2652 Poetis
2027 2612 2144 2655 medii
2171 2614 2258 2653 aevi
2279 2613 2398 2654 tradi-

1441 2681 1526 2718 tum
1546 2689 1554 2714 :
1593 2674 1663 2715 sed
1699 2675 1982 2714 celeberrimus
2017 2676 2254 2717 Muratorius
2290 2678 2397 2714 tomo

1442 2748 1542 2776 nono
1581 2737 1817 2787 scriptorum
1853 2736 1987 2775 Italiae
2031 2736 2209 2787 vulgavit
2248 2736 2396 2777 Ferreti

1441 2800 1626 2838 Carmina
1654 2798 1702 2836 de
1741 2801 1867 2837 morte
1899 2799 2146 2839 Benevenuti
2174 2809 2260 2850 pag.
2293 2797 2393 2838 1183

1440 2866 1480 2900 et
1506 2859 1618 2900 1187.

1491 2921 1856 2961 BENEVENUTUS
1870 2919 1916 2960 de
1931 2919 2160 2962 Rambaldz's
2174 2919 2394 2971 imolensis,

1439 2982 1554 3033 eujus
1577 2981 1729 3021 le'bellus
1750 2981 2001 3033 Auqustalis5
2017 2981 2065 3021 ad
2079 2981 2280 3022 Nicolaum
2293 2982 2393 3022 Mar-2

1440 3045 1619 3084 ebionem
1633 3043 1846 3082 Estensem
1860 3043 1909 3082 de
1925 3044 2020 3082 vitis
2034 3043 2250 3082 Caesarum
2262 3052 2393 3094 usque

1441 3106 1491 3146 ad
1515 3103 1818 3153 Wenceslaum,
1839 3105 1848 3154 (
1865 3104 1939 3142 sub
1960 3114 2037 3155 quo
2055 3103 2213 3154 scripsit
2231 3107 2272 3143 et
2290 3115 2394 3143 mor-

1501 3246 1514 3260 ·
1530 3246 1679 3278 Nicolaus
1693 3245 1853 3278 Antonius
1870 3247 1950 3277 tom.
1964 3245 2003 3276 ΙΙ,
2017 3243 2173 3276 Biblioth.
2193 3247 2257 3276 vet.
2277 3244 2398 3288 nispa-

1447 3305 1507 3331 nae
1527 3305 1601 3338 pag.
1618 3296 1678 3327 262
