2500 4009
404 230 481 268 553
1279 212 1507 251 FELix

406 310 500 337 vero
523 300 630 336 exuit
656 295 761 332 Felix
788 302 863 328 non
885 288 1045 338 quidem
1066 297 1127 324 an.
1155 284 1267 323 ’1539
1304 288 1347 322 ut
1377 321 1379 323 ,

409 361 576 399 Fabricio
613 354 840 394 creditum:
879 348 948 387 sed
983 359 1045 386 an.
1083 345 1208 393 1557,
1243 344 1346 382 idem

406 424 569 470 scriptor
605 416 863 454 domonstrat.
902 409 998 447 Vide
1037 407 1274 446 Gandollum
1310 407 1346 443 in

406 484 564 520 liisscrt.
582 478 629 515 dc
646 476 721 514 CC.
734 471 1038 523 Augustinianis
1054 481 1140 520 pag.
1157 469 1230 508 120
1248 473 1323 507 etc.

458 538 607 579 FEhix
629 532 939 576 Ravennatensis
963 532 1011 571 ab
1035 532 1162 570 Anno.
1186 530 1276 569 708.
1301 528 1349 569 ad

404 604 490 642 717.
516 603 761 651 EpiscopuS.
787 599 853 648 qui
890 595 1000 635 Petri
1030 593 1350 635 CllllYSOLOGI

402 674 604 702 sermones
642 661 807 711 digessit
841 665 881 698 et
906 658 1066 710 proloqu
1101 657 1283 704 ornavit⁷
1308 658 1353 694 ut

401 727 480 764 dixi
506 730 599 762 tom.
625 726 638 763 1
665 754 672 770 ,
698 735 782 774 pag.
819 724 907 761 35¹.
943 718 1279 760 commentarium
1314 716 1353 754 in

401 786 665 832 ,ilattlaeacuin,
688 784 790 834 quod
813 785 1003 822 coecitate
1029 781 1211 820 laborans
1227 778 1353 817 absol-

404 860 497 887 vere
520 848 582 886 vel
607 848 782 898 expolire
808 857 884 884 non
911 848 1070 896 posset,
1099 844 1176 881 lato
1199 841 1354 892 propior

403 913 574 951 tlammis
611 911 704 949 dare
732 909 877 959 jussit.
914 912 956 946 ut
981 907 1135 944 notavit
1165 903 1354 955 Ughellus

404 982 500 1013 tom.
526 974 560 1011 2.
589 973 721 1012 ltaliae
746 982 880 1010 sacrae
907 981 992 1020 pag.
1019 968 1108 1006 3'43.

454 1037 603 1076 FELIX
624 1047 673 1073 ex
695 1033 915 1083 llispalensi
944 1029 1146 1069 Toletanus
1163 1030 1200 1066 in
1218 1029 1354 1077 llispa-

406 1101 468 1137 nia
492 1099 713 1149 Episcopus
734 1127 742 1141 ,
769 1095 936 1146 praefuit
971 1093 1142 1132 Concilio
1167 1090 1356 1129 Toletano

406 1162 509 1200 xvi.
533 1161 576 1198 A.
604 1162 645 1198 C.
671 1160 758 1197 603.
784 1162 823 1195 ct
849 1157 968 1195 xvii.
1000 1155 1043 1193 A.
1074 1156 1115 1193 C.
1149 1153 1223 1190 694
1263 1152 1357 1189 scri—

406 1224 564 1273 psitque
610 1220 775 1270 eloysam
819 1218 1041 1257 decessoris
1084 1217 1144 1255 sui
1180 1211 1356 1260 lulloni,

405 1285 579 1323 Toletani
604 1283 786 1334 Episcopi
811 1312 818 1331 ,
843 1280 945 1332 quod
970 1279 1153 1318 lldefonsi
1182 1277 1230 1315 de
1261 1276 1356 1313 scri-

405 1347 581 1398 ptoribus
598 1345 891 1384 Ecclesiasticis
913 1343 1009 1381 libro
1025 1341 1163 1391 subjici
1179 1340 1290 1387 solet,
1315 1341 1355 1376 et

404 1413 536 1446 «exstat
556 1406 659 1458 apud
678 1406 905 1456 Aguirrium
925 1410 1019 1443 tom.
1039 1406 1072 1443 3.
1090 1402 1356 1442 Conciliorum

405 1472 612 1521 Hispaniae
638 1481 723 1520 pag.
749 1470 791 1507 81
825 1468 1007 1517 notisque
1048 1466 1288 1504 illustratum
1318 1462 1354 1498 in

404 1533 515 1571 Actis
539 1534 777 1570 Sanctorum
808 1534 902 1567 tom.
936 1530 970 1568 1.
1001 1528 1126 1567 Martii
1150 1526 1248 1565 vill.
1270 1536 1354 1575 pag.

405 1595 492 1634 785.
534 1595 587 1632 De
631 1593 702 1631 hoc
742 1592 867 1631 Felice
915 1586 1357 1639 Pseudo-Luitprandus

406 1658 608 1695 ltamircsii
635 1666 719 1706 pag.
746 1655 835 1701 379,
866 1666 947 1703 seq.
966 1658 1005 1690 ct
1031 1651 1118 1690 375.
1135 1651 1203 1689 sed
1225 1649 1359 1688 audire

404 1720 519 1769 juvat
550 1718 750 1757 Nicolaum
775 1717 993 1755 Antonium
1018 1715 1061 1762 V.
1088 1715 1122 1752 8.
1151 1711 1362 1751 Bibliothe-

405 1794 473 1820 cae
516 1782 663 1819 veteris
706 1781 900 1830 Hispanae
942 1782 1034 1815 tom.
1077 1778 1110 1815 1.
1147 1788 1232 1826 pag.
1266 1774 1354 1812 310.

405 1845 518 1882 Hunc
559 1841 725 1880 Felicem
761 1836 1199 1890 Pseudo-Luztprandus
1232 1836 1354 1876 Chro-

407 1906 490 1944 nico
513 1905 567 1943 ad
581 1904 737 1942 Annwn
757 1904 832 1941 693
850 1905 887 1940 et
902 1902 989 1940 700.
1018 1900 1207 1939 Iriensem
1230 1898 1355 1951 fuisse

406 1971 495 2006 <inte
518 1966 601 2005 alia
640 1966 903 2018 Episcopum,
940 1963 1170 2014 Julianique
1193 1961 1357 2001 Clncni-

407 2044 475 2066 von
501 2027 675 2067 nonnihil
709 2027 877 2066 czuoeisse
894 2058 903 2074 ,
936 2026 1247 2064 concionatorem
1274 2036 1358 2062 ma-

404 2103 550 2140 ῃιιιιηι,
576 2102 607 2137 a,
636 2101 702 2127 nec
727 2101 803 2126 non
822 2087 1067 2126 acerrimum
1093 2086 1206 2125 Fidei
1227 2085 1358 2138 defen—

411 2165 570 2191 sorem.
610 2164 657 2189 ac
699 2152 741 2188 Β.
787 2149 960 2200 l'iryinis
994 2149 1150 2187 Mariae
1181 2147 1358 2186 clientem

411 2216 592 2254 «ni-titisse
615 2247 621 2255 ,
648 2213 810 2251 credere
830 2225 898 2251 nos
925 2212 1053 2251 voluit.
1081 2213 1178 2250 lriae
1201 2209 1280 2263 suit
1298 2221 1360 2247 re-

414 2289 508 2316 vera
539 2279 757 2327 Episcopus
785 2275 887 2313 Felix
911 2273 1099 2326 qnidam,
1125 2277 1169 2311 nt
1189 2285 1244 2311 ec
1269 2270 1362 2311 sub-

413 2337 690 2390 scriptionibus
731 2335 996 2376 Concili‘orum
1038 2336 1122 2374 XII.
1154 2335 1214 2373 :ln
1267 2336 1361 2381 081,

421 2402 516 2439 wll.
543 2402 615 2438 An.
640 2402 727 2446 683,
747 2401 820 2438 ΧΓ.
843 2398 915 2436 sin.
942 2400 1017 2436 088
1039 2398 1229 2437 novimus.
1249 2398 1362 2435 Ilunc

414 2468 540 2501 tamen
567 2461 729 2500 Felicem
760 2461 959 2509 lrz'ensem.
985 2458 1284 2512 Hispalensibus
1306 2460 1362 2497 in-

413 2525 457 2563 rle
483 2528 652 2562 mactum
679 2522 813 2576 infulis
830 2555 839 2571 ,
865 2527 910 2561 ut
930 2522 1142 2560 credamus
1158 2554 1168 2571 7
1194 2521 1286 2560 altis
1311 2525 1363 2560 te-

413 2587 603 2625 stimoniis
624 2585 933 2637 perve'ncemlnm
969 2588 1035 2623 est.
1072 2584 1196 2633 Quale
1232 2588 1362 2622 autem

412 2650 601 2688 ‚lL'LlANl
621 2649 843 2687 (llironicon
869 2647 967 2685 idem
990 2646 1282 2685 continuaverit
1296 2647 1365 2684 Fe—

418 2712 477 2748 li.c
499 2744 504 2751 .
531 2711 686 2749 edoceri
708 2710 900 2761 cupimus,
926 2711 994 2761 qui
1018 2721 1087 2747 nec
1107 2709 1223 2760 fidem
1248 2707 1364 2747 liabe-

419 2786 502 2811 mns
523 2772 863 2820 1¹semlo-.luliano‚
881 2771 1043 2811 eundem
1061 2770 1182 2809 libelli
1195 2771 1243 2809 de
1262 2772 1332 2809 Xll
1352 2802 1360 2817 ,

419 2837 651 2885 ¹sci-iptorum
678 2837 771 2874 vitis
811 2836 847 2883 b)
886 2838 1087 2873 auctorem
1113 2833 1287 2886 jactanti
1326 2832 1364 2870 in

422 2898 610 2936 Chronico
632 2910 737 2936 iiiam.
764 2900 853 2936 303.

476 3022 507 3057 a)
532 3023 574 3051 lie
597 3020 662 3051 alio
680 3019 775 3060 hujus·
795 3020 940 3049 nominis
956 3016 1062 3049 Felice
1077 3016 1371 3050 Pseudo-iiauber·

415 3075 466 3101 tu<
490 3074 522 3101 in
546 3071 666 3101 chron.
689 3074 748 3100 An.
774 3070 948 3100 Dxxlei.
973 3077 1063 3098 num.
1079 3068 1367 3109 aocaesaraugu-

419 3125 486 3150 siae
513 3120 597 3150 obiit
621 3121 710 3150 Felix
728 3143 737 3156 ,
762 3120 926 3149 Diaconus
951 3119 1117 3149 Ecclesiae
1134 3120 1163 3148 S.
1181 3118 1369 3149 salvatoris.

420 3171 498 3200 Fuit
519 3170 808 3199 concionatorius
828 3173 858 3198 el
877 3168 978 3198 valde
1001 3168 1135 3198 doctus.
1151 3169 1250 3199 Cone.
1275 3168 1370 3199 Tole-

421 3224 497 3248 tano
513 3221 588 3248 xi'i.
605 3223 663 3249 An.
679 3219 751 3250 (iti-3.
767 3219 963 3257 subscripsit
979 3219 1078 3248 etiam
1097 3217 1185 3248 Felix
1209 3218 1368 3257 Calagur-

422 3270 548 3297 ritanae
569 3267 623 3304 (al
647 3267 942 3304 Calahorritanav)
969 3267 1134 3297 Ecclesiae
1158 3268 1352 3307 Episcopus.

483 3317 516 3351 bs
544 3316 690 3354 intellige
713 3325 776 3348 non
803 3318 914 3355 illum,
937 3319 994 3356 qui
1021 3319 1106 3347 inter
1125 3317 1240 3348 Bedae
1262 3320 1367 3357 Opera

1473 281 1621 320 FELIX
1649 280 1906 331 Uryellensis,
1938 283 2022 321 sive.
2050 280 2301 332 Urqele'tanus
2325 281 2363 318 in

1420 342 1605 394 Hispania
1628 342 1859 392 Episcopus,
1883 355 1974 384 cum
1997 343 2246 384 ELIPANDO
2273 343 2366 394 Epi-

1423 415 1539 455 scopo
1563 403 1749 442 Toletano
1772 433 1780 450 ,
1805 409 1893 454 post
1920 405 2159 445 Theodorum
2190 406 2369 455 Mopsve-

1424 471 1583 504 stenum
1609 466 1641 513 a)
1667 463 1904 503 Bonosianos
1924 495 1932 513 ,
1954 467 1990 515 b)
2010 469 2094 506 sivo
2118 465 2366 514 Bonosiacos,

1424 532 1465 565 et
1484 525 1750 574 Theocliscum,
1767 526 1799 574 c)
1823 527 2096 577 Hispalensem
2116 530 2370 580 Episcopum,

1424 600 1468 627 ac
1490 586 1687 637 Fidelem,
1707 586 1900 626 Abbatem
1925 589 1963 625 in
1987 587 2159 628 Asturiis
2176 621 2187 639 ,
2211 589 2247 639 d)
2283 599 2371 640 pro-

1425 654 1620 701 pugnator
1652 660 1743 688 acer
1767 649 1977 688 haereseos
2000 649 2049 688 de
2080 651 2243 690 CHristo
2281 650 2373 690 ado-

1426 713 1548 762 ptivo,
1573 722 1650 749 non
1676 712 1811 749 nativo
1833 712 1916 750 DEI
1946 711 2067 750 Filio:
2092 716 2132 750 et
2153 712 2245 752 licet
2259 714 2373 752 visus

1427 774 1551 814 semel
1580 775 1804 824 iterumque
1839 777 2097 822 recantasse,
2136 774 2373 813 immortuus

1427 837 1581 875 haeresi
1614 846 1709 874 suae
1733 836 1806 874 An.
1832 836 1910 875 818
1934 836 1967 885 e‘)
1991 836 2282 887 Oppugnarunt
2305 836 2374 874 Fe-

1428 901 1543 939 licem
1562 928 1569 944 ,
1593 897 1710 948 cujus
1735 898 1817 936 sola
1842 898 2061 947 fragmenta
2081 896 2184 948 apud
2203 895 2290 947 ejus
2309 897 2376 936 ad-

1429 961 1630 1000 versarios
1655 963 1829 1008 exstant,
1848 963 1888 997 et
1902 958 2142 1009 Elipandum
2157 956 2378 998 AGOBAR-

1430 1025 1527 1063 DUS
1549 1054 1558 1071 ‚
1598 1020 1847 1061 ALCUlNUS
1871 1052 1880 1072 ,
1910 1019 2224 1061 BENEDICTUS
2259 1019 2378 1060 Ania-

1430 1085 1567 1124 nensis
1586 1113 1594 1132 ,
1620 1082 1818 1122 BEATUS
1845 1087 1886 1122 et
1913 1082 2164 1122 ETHERIUS
2186 1082 2273 1121 sive
2291 1081 2378 1121 HE-

1430 1147 1637 1197 TERfflS,
1661 1151 1702 1184 et
1733 1144 1978 1185 PAULINUS
2006 1144 2298 1195 Aquilejensis:
2327 1142 2377 1182 de

1432 1210 1577 1260 quibus
1608 1208 1775 1260 singuiis
1804 1219 1876 1246 suo
1904 1207 2015 1257 loco,
2045 1208 2149 1246 sicut
2181 1208 2300 1247 etiam
2330 1206 2378 1246 de

1431 1271 1685 1319 FOLMARO‚
1705 1271 1770 1320 qui
1789 1269 2049 1321 Adoptianam
2066 1268 2248 1308 haeresin
2266 1279 2379 1308 revo-

1429 1335 1544 1373 cavit.
1570 1333 1630 1372 Ad
1657 1331 1875 1373 Concilium
1907 1343 2001 1370 vero
2025 1330 2378 1384 Francofurtense,

1432 1399 1469 1435 in
1495 1408 1574 1447 quo
1601 1397 1678 1435 An.
1703 1394 1780 1433 794
1818 1394 2033 1447 damnatus
2070 1393 2208 1432 Felicis
2240 1398 2280 1432 et
2301 1392 2381 1432 Eli-

1434 1459 1554 1509 pandi
1579 1470 1690 1498 error
1714 1462 1788 1505 est,
1811 1457 1842 1506 f)
1866 1456 1957 1495 vide
1980 1457 2024 1495 B.
2046 1455 2234 1494 Dorschei
2257 1454 2380 1493 nostri

1434 1522 1684 1560 collationem
1703 1520 1751 1559 ad
1777 1519 1873 1558 illud
1888 1518 2123 1568 Concilium,
2143 1517 2290 1557 editam
2308 1515 2382 1556 Ar—

1431 1585 1626 1634 gentorati
1658 1582 1759 1621 4649
1782 1611 1790 1629 ‚
1817 1582 1851 1620 4.
1877 1592 1963 1632 pag.
1990 1581 2085 1630 101,
2109 1591 2219 1630 seqq.
2244 1583 2284 1618 et
2307 1578 2381 1618 Ga-

1433 1646 1567 1684 brielis
1591 1646 1787 1694 Vasquez,
1808 1644 1892 1682 sive
1908 1643 2068 1693 Vasquii
2082 1641 2382 1680 dissertationes

1434 1707 1534 1746 duas
1565 1711 1701 1745 contra
1739 1716 1896 1744 errores
1934 1705 2074 1743 Felicis
2112 1708 2154 1742 et
2187 1702 2382 1755 Elipandi‚

1428 1768 1556 1807 editas
1585 1768 1634 1806 ad
1658 1768 1811 1806 calcem
1843 1767 2031 1805 librorum
2059 1767 2179 1805 trium
2204 1765 2253 1805 de
2273 1765 2384 1804 cultu

1428 1830 1669 1870 adorationis
1686 1834 1807 1880 atque
1823 1834 1919 1867 tom.
1938 1829 2000 1867 VI.
2019 1828 2181 1878 Vasquii
2196 1827 2382 1879 Operum.

1427 1894 1482 1932 De
1506 1893 1603 1931 locis
1641 1903 1736 1930 vero
1776 1889 1962 1942 lituryiae
1994 1888 2296 1940 Mosarabicae‚
2334 1889 2384 1929 ad

1430 1966 1531 2005 quae
1565 1958 1751 2004 corrupta
1775 1953 1883 1992 Felix
1903 1953 2134 2004 provocavit
2154 1982 2163 2003 ,
2187 1951 2293 2004 apud
2317 1951 2384 1991 Al-

1431 2018 1593 2056 cuinum
1618 2016 1714 2055 libro
1738 2016 1816 2054 V11.
1845 2026 1931 2066 pag.
1957 2016 2046 2054 895.
2066 2015 2260 2066 Operum,
2285 2013 2380 2054 Vide

1431 2080 1652 2118 ihoannem
1686 2079 1928 2116 Pearsonum
1965 2079 2003 2115 in
2029 2077 2166 2128 Symb.
2191 2087 2274 2128 pag.
2301 2076 2377 2116 249

1432 2146 1472 2180 et
1496 2141 1716 2179 iohannem
1742 2139 1920 2187 Pinium,
1953 2140 2041 2178 Soc.
2076 2140 2154 2177 Jes.
2192 2138 2381 2177 disserta-

1434 2205 1539 2241 tione
1561 2202 1609 2240 de
1634 2202 1791 2252 liturgia
1813 2201 2073 2250 Mosarabica,
2106 2205 2199 2239 ante
2227 2204 2380 2239 tomum

1429 2386 1503 2418 pag.
1527 2376 1599 2408 491.
1627 2381 1658 2408 ct
1681 2376 1722 2408 ad
1745 2376 1867 2408 calcem
1900 2375 2112 2414 Hieronymi
2144 2373 2185 2406 dc
2213 2375 2390 2414 scriptori·

1429 2428 1489 2458 bus
1511 2428 1757 2459 Ecclesiastiais
1784 2427 1934 2466 prodiit,
1961 2427 1994 2456 in
2032 2424 2240 2456 Bibliotheca
2277 2423 2394 2456 Eccle-

1427 2479 1561 2508 siastica
1585 2485 1602 2507 a
1627 2484 1677 2507 me
1698 2470 1792 2507 'edita
1829 2483 1915 2514 pag.
1941 2474 2014 2505 226.
2037 2475 2097 2506 Sed
2120 2475 2179 2514 qui
2205 2475 2239 2505 in
2276 2472 2392 2505 eadem
2462 2511 2463 2515 Ἰ

1427 2525 1635 2558 Bibliotheca
1672 2525 1793 2565 legitur
1829 2523 1869 2555 ad
1904 2523 2059 2556 ildefonsi
2085 2523 2210 2556 calcem
2241 2530 2317 2563 pag.
2340 2522 2394 2555 68.

1431 2581 1463 2607 et
1485 2578 1517 2607 in
1541 2577 1684 2614 Agvirrii
1710 2575 1872 2606 conciliis
1897 2575 2033 2612 Hispan.
2056 2577 2137 2604 tom.
2160 2575 2260 2604 terlio
2281 2580 2314 2613 p.
2337 2572 2392 2605 si.

1494 2625 1528 2665 a)
1552 2626 1631 2656 Vide
1655 2623 1868 2656 Sirmondum
1890 2622 1930 2654 ad
1955 2623 2149 2655 Facundum
2168 2625 2247 2654 tom.
2269 2622 2289 2652 2
2311 2623 2394 2663 Opp.

1433 2683 1508 2714 pag.
1530 2675 1603 2706 707.
1629 2673 1702 2706 717.

1494 2725 1530 2764 1))
1569 2725 1649 2756 vide
1687 2725 1885 2755 Garnerium
1920 2723 1962 2755 ad
2000 2723 2140 2753 Marium
2178 2723 2392 2764 mercatorem

1432 2779 1514 2805 tom.
1538 2774 1558 2804 Ξ.)
1581 2783 1612 2813 p.
1635 2773 1708 2805 515.
1733 2782 1802 2813 seq.
1826 2772 2040 2804 snmondum
2061 2772 2103 2802 ad
2125 2772 2214 2803 Aviti
2236 2770 2389 2811 Epist.5.

1491 2823 1522 2862 c)
1545 2824 1659 2854 Sandii
1685 2823 1823 2855 nucleus
1858 2824 1945 2854 liist.
1978 2820 2105 2853 Eccles.
2140 2827 2215 2861 pag.
2244 2820 2318 2852 553.
2343 2823 2394 2854 Jo.

1429 2872 1584 2903 Trellund
1607 2876 1688 2904 sect.
1712 2871 1740 2903 1.
1763 2873 1791 2911 S.
1816 2872 1848 2902 0.

1492 2922 1527 2961 d)
1551 2923 1621 2953 Nic.
1644 2924 1768 2955 Anton.
1789 2922 1841 2952 vi.
1862 2921 1894 2959 ⁶2.
1914 2920 2140 2954 Bibliothecae
2161 2921 2326 2960 Hispanae
2343 2927 2396 2952 ve-

1434 2972 1512 3002 teris
1537 2971 1568 3010 S.
1594 2970 1649 3002 29.

1490 3020 1521 3058 e)
1546 3020 1624 3051 vide
1661 3019 1815 3051 carolum
1851 3021 1880 3052 ie
1917 3021 2035 3051 Cointe
2066 3023 2148 3052 tom.
2172 3019 2193 3051 7
2215 3017 2392 3051 Annalium

1435 3071 1642 3102 Francorum
1680 3078 1753 3110 pag.
1801 3070 1876 3102 505.
1912 3077 1974 3109 seq.
2026 3071 2192 3101 ,loannem
2240 3065 2393 3100 'rrellund

1431 3123 1513 3150 sect.
1536 3120 1565 3150 5.

1492 3168 1528 3206 s)
1553 3170 1741 3200 iiADitiANi
1765 3171 1873 3208 Papae
1891 3191 1901 3207 ‚
1923 3169 2230 3208 Episcoporumque
2253 3165 2393 3206 synodi-

1431 3226 1487 3249 cae
1510 3223 1627 3250 contra
1665 3218 1806 3250 Felicem
1824 3222 1856 3249 et
1881 3217 2080 3257 Elipandum
2111 3217 2264 3257 leguntur
2293 3216 2393 3248 etiam

1433 3267 1521 3307 apud
1546 3269 1736 3306 Agvirrium
1762 3271 1842 3299 tom.
1867 3268 1886 3298 5
1908 3267 2134 3298 conciliorum
2159 3266 2293 3304 iiispan.
2313 3273 2389 3305 pag.

1430 3317 1482 3349 01.
1507 3325 1579 3355 seq.

2479 0 2500 135 ‹Qzffl
