2500 3841
911 213 1344 254 BRISTANUS

125 298 140 335 4
151 293 244 344 620,
260 293 296 331 8.
335 290 485 330 Omitto
513 286 788 328 BRIGITTAM
813 289 971 327 tertiam
995 288 1091 325 Fae-

123 356 222 395 sulis
245 354 394 393 claram
430 353 468 390 in
504 352 690 391 Hetruria
719 351 795 390 sub
824 351 972 390 saeculi
997 351 1090 389 noni

124 421 374 464 extremum,
397 413 446 454 de
471 426 550 465 qua
579 413 681 453 Acta
709 413 949 453 Sanctorum
975 415 990 453 4
1022 414 1095 452 Fe-

2060 208 2136 246 231

1165 286 1262 326 nulli
1279 286 1328 325 ab
1344 283 1585 336 octingentis
1605 281 1722 321 annis
1741 276 2083 332 postponendum,
2099 283 2139 315 et.

1166 348 1353 388 facilitate
1373 346 1570 386 sermonis
1592 344 1777 396 spiritum
1793 340 2036 382 Ovidianum
2056 350 2138 378 ma-

1165 413 1274 450 xime
1311 413 1637 462 repraesentare:
1679 406 1828 447 demtis
1863 404 2006 443 aetatis
2023 434 2031 452 ,
2061 414 2141 452 qua

127 480 260 519 bruar.
283 491 371 531 pag.
394 478 473 517 243
503 488 591 528 sqq.
631 478 809 528 itemque
846 478 983 529 plures
1017 476 1093 516 hoc
1160 475 1278 522 vixit,
1303 473 1556 522 nationisque
1595 470 1712 508 notis.
1742 466 1848 507 Ante
1877 464 2141 517 Philippidem

125 543 302 592 nomine,
327 545 373 581 ut
401 540 735 580 Ratisbonensem
765 539 1020 578 Abbatissam
1050 540 1090 578 S.

124 605 378 655 Wolfgangi,
426 603 475 642 de
514 614 594 655 qua
631 602 772 642 eadem
814 602 915 642 Acta
945 605 979 642 4.
1020 604 1093 641 Fe-

128 667 260 706 bruar.
297 670 339 705 et
377 666 476 705 alias
500 668 523 705 9
545 668 657 706 Mart.
690 667 713 705 5
743 669 783 706 et
821 667 865 707 24
901 666 992 717 Maj.
1014 671 1090 706 etc.

178 727 462 769 BRISTANUS
481 729 794 781 Croylandensis
806 732 843 769 in
861 731 1003 784 AngIIa
1017 734 1097 772 Mo-

126 792 280 832 nachus
303 795 346 832 et
365 794 604 832 Praecentor
627 793 788 832 Ordinis
812 795 851 833 S.
876 795 1094 844 Benedicti,

126 855 303 894 Musicus
323 859 365 894 et
384 856 503 894 Poeta
519 855 625 894 circa
639 854 803 896 Annum
822 858 913 897 870.
932 859 1001 909 qui
1019 859 1099 898 cla-

126 915 220 956 dem
239 918 477 957 Monasterio
501 929 574 957 suo
598 929 621 957 a
639 919 762 958 Danis
786 921 935 960 illatam
952 921 1102 960 descri-

126 980 209 1031 psit
225 980 367 1020 threno
388 982 427 1019 in
452 982 609 1020 cineres
624 980 733 1032 ejus,
750 983 937 1022 versibus
957 984 1102 1035 elegia-

126 1043 205 1094 cis,
228 1055 401 1095 quorum
422 1043 497 1083 hoc
517 1045 674 1084 initium
690 1057 739 1085 ex
761 1046 918 1098 Ingulfo
937 1048 1100 1097 apponit

130 1107 290 1145 Pitseus
310 1118 399 1159 pag.
425 1107 503 1148 467

185 1167 362 1206 Quomodo
390 1169 460 1200 sola
483 1170 577 1201 sedes
599 1169 727 1202 dudum
748 1172 875 1210 Regina
897 1170 1075 1202 domorum

226 1218 354 1250 Nobilis
377 1219 547 1257 Ecclesia,
569 1223 603 1251 et
632 1228 740 1261 nuper
770 1222 882 1252 amica
907 1224 990 1254 DEI.

184 1268 224 1307 S.
262 1269 651 1319 BRlTHWALDUS,
677 1272 763 1309 sive
787 1271 836 1310 de
861 1283 939 1322 quo
981 1284 1103 1323 supra

133 1342 170 1380 p.
195 1330 288 1370 223.
307 1331 750 1379 BERTHOWALDUS,
781 1334 850 1383 qui
880 1339 985 1373 teste
1014 1347 1105 1386 pag.

133 1392 210 1431 428
234 1391 375 1431 eodem
399 1395 530 1432 Pitseo
547 1393 623 1433 An.
648 1394 718 1434 734
741 1395 855 1442 obiit,
877 1400 918 1434 et
943 1398 1105 1448 scripsit

132 1454 255 1492 etiam
283 1453 410 1493 Vitam
433 1456 474 1494 S.
495 1455 680 1507 Edon-ini,
710 1458 896 1509 Episcopi
935 1459 1107 1498 Wiccio-

133 1526 241 1563 rum,
265 1516 352 1553 sive
375 1518 668 1568 vigorniensis,
689 1519 766 1558 An.
789 1519 868 1559 746
892 1520 1072 1560 defuncti
1096 1554 1104 1572 ,

132 1577 284 1615 MSt-am
307 1578 347 1615 in
371 1579 615 1617 Bibliotheca
638 1582 887 1620 Cottoniana.
907 1583 1004 1622 Vide
1025 1585 1107 1624 Ou-

133 1638 275 1678 dinum
300 1644 396 1679 tom.
418 1641 433 1679 Ι
458 1652 546 1692 pag.
572 1640 688 1680 4676.

190 1700 412 1741 Guilelmus
435 1702 588 1742 BRlTO
616 1702 897 1755 Aremoricus,
941 1709 1028 1747 sive
1057 1721 1108 1748 ex

134 1764 339 1803 Britannia
362 1765 533 1812 minore,
557 1765 724 1815 Gallus,
749 1779 828 1806 non
854 1770 971 1809 modo
991 1783 1108 1821 prosa

134 1826 312 1864 oratione
330 1825 604 1877 compendium
628 1828 838 1868 annalium
866 1832 1035 1883 Rz'qordz'
1060 1834 1109 1874 de

135 1887 262 1938 gestis
277 1887 445 1939 Philippi
459 1887 632 1940 Augusti
649 1892 825 1941 scripsit,
847 1898 893 1932 ut
909 1906 959 1933 ex
974 1897 1109 1936 Jacobi

137 1950 269 1989 Meieri
284 1950 497 1990 annalibus
513 1952 732 1992 Flandricis
754 1957 908 1995 notavit
924 1959 1109 1999 Vossius:

139 2012 210 2052 sed
239 2013 362 2052 etiam
392 2015 432 2052 in
474 2013 698 2067 sz'lz‘ppide
722 2028 815 2067 sua,
854 2031 976 2070 quam
1007 2034 1113 2061 anno

139 2076 284 2114 aetatis
307 2076 641 2128 quinquagesimo
664 2080 805 2129 quinto
842 2083 1038 2123 cecinisse
1069 2095 1112 2123 se

139 2140 332 2186 testatur,
351 2139 391 2188 a)
413 2131 529 2177 libris
549 2139 630 2177 XII
661 2143 839 2182 carmine
878 2142 1112 2185 hexametro

138 2204 378 2250 persecutus
400 2205 465 2240 est
486 2206 600 2253 gesta
624 2206 666 2241 et
688 2203 829 2243 laudes
849 2206 1014 2259 Philippi
1032 2208 1115 2248 Au-

140 2263 249 2313 gusti
263 2262 528 2315 Adeodati,ab
543 2263 660 2305 Anno
679 2266 780 2306 4480
795 2268 844 2307 ad
861 2270 978 2309 4223.
995 2272 1117 2310 Fran-

141 2337 281 2365 corum
299 2327 434 2377 Regis,
449 2327 510 2366 ‘ad
528 2327 655 2368 filium
685 2329 774 2381 ejus
802 2334 1114 2384 primogenitum

142 2388 401 2438 Ludovicum,
417 2389 626 2441 filiumque
643 2393 813 2432 nothum
831 2396 1116 2436 Petrum-Car-

143 2449 283 2501 lotum,
307 2453 372 2491 cui
395 2453 481 2504 ipse
504 2465 528 2493 a
547 2454 693 2493 studiis
722 2455 864 2495 fuerat.
901 2457 942 2506 b)
969 2458 1116 2497 Prodiit

142 2524 318 2563 primum
358 2525 454 2554 cura
478 2517 583 2554 Petri
606 2517 757 2557 Pithoei
791 2520 828 2556 in
854 2521 1116 2570 scriptoribus

143 2576 198 2614 Xl
223 2575 429 2615 veteribus
445 2577 641 2617 historiae
664 2581 907 2620 Francorum
929 2582 979 2620 ab
999 2583 1115 2622 Anno

147 2638 224 2676 900
255 2637 305 2676 ad
329 2638 447 2677 4283.
471 2640 718 2679 Francofurti
749 2644 851 2681 4596
877 2643 941 2681 fol.
974 2643 1118 2684 deinde

145 2701 186 2737 in
210 2698 394 2738 Andreae
414 2699 469 2739 du
488 2700 650 2740 Chesne
675 2705 937 2754 scriptoribus
957 2706 1118 2745 Franci-

145 2764 203 2800 cis
227 2765 322 2800 tom.
345 2762 377 2800 V
400 2773 488 2813 pag.
514 2763 578 2800 93.
602 2765 762 2802 Parisiis
792 2767 894 2804 4649
917 2767 980 2806 fol.
1008 2767 1119 2806 deni-

146 2835 225 2875 que
249 2825 464 2875 separatim
487 2835 581 2863 cum
610 2826 753 2876 amplis
795 2831 916 2877 atque
950 2829 1118 2868 eruditis

147 2888 254 2926 notis
276 2886 465 2937 Gasparis
488 2886 662 2934 Barthii⁷
683 2888 870 2939 Cygneae
895 2889 998 2929 4657
1017 2921 1024 2940 ,
1055 2892 1088 2929 4.
1110 2920 1118 2940 ,

148 2950 217 3001 qui
238 2950 458 3000 genuinum
481 2951 611 3001 operis
634 2950 797 2988 titulum
823 2962 913 2989 esse
931 2953 1002 2991 ait:
1025 2954 1119 3004 Spe-

147 3011 284 3053 culum
305 3010 410 3060 boni,
431 3023 611 3064 paceque
630 3016 669 3050 et
682 3010 799 3062 bello,
816 3013 894 3064 pii,
911 3014 1066 3053 cordati
1083 3020 1122 3054 et

146 3073 349 3128 fortunati
369 3073 588 3126 Pm’ncz'pis,
605 3086 650 3114 ac
667 3081 808 3126 poema
828 3075 901 3115 hoc
919 3078 952 3125 c)
966 3075 1119 3126 judicat

205 3153 241 3194 a)
262 3153 334 3186 Lib.
357 3153 378 3186 5
401 3162 487 3186 vers.
513 3153 589 3186 581.

206 3204 245 3245 b)
269 3204 342 3236 Lib.
368 3203 407 3235 12
429 3213 517 3237 vers.
538 3205 611 3237 900.

207 3256 240 3289 e)
266 3255 302 3286 ln
326 3255 414 3286 notis
438 3263 514 3295 pag.
537 3255 557 3285 7
583 3254 667 3286 adde
691 3262 767 3295 pag.
789 3254 852 3286 5⁶28
876 3254 933 3287 ubi
965 3255 1121 3287 Gualtero

145 3302 312 3344 praefert,
336 3303 590 3337 Alexandreidis
629 3306 804 3346 scriptori:
829 3308 861 3337 et
885 3306 966 3336 XLll
996 3306 1026 3337 7.
1056 3306 1122 3337 Ail-

148 3360 270 3387 vei-sar.

1167 539 1341 575 testatur
1355 534 1463 573 Brito
1478 533 1515 582 d)
1533 532 1744 582 scripsisse
1759 542 1802 569 se
1817 539 1980 569 carmen
1996 528 2037 565 in
2056 527 2142 566 lau—

1163 598 1236 637 des
1274 597 1379 636 Petri
1403 595 1567 635 Carlotti
1591 594 1672 641 sui,
1694 597 1792 632 tunc
1816 591 1996 631 nondum
2020 590 2142 640 quin-¹

1165 661 1296 700 decim
1321 659 1402 697 nati
1423 667 1549 703 anno,
1575 655 1817 705 imposuisse
1855 652 2038 704 ejusdem
2069 662 2140 689 no-

1168 726 1276 764 mine
1306 731 1453 761 nomen
1491 716 1731 765 Karloti'da,
1764 716 1835 755 sed
1870 727 1992 767 quam
2023 724 2142 753 nemo

1170 787 1367 825 hactenus
1384 784 1423 820 in
1443 782 1576 821 lucem
1591 780 1767 831 protulit.
1789 780 1833 817 In
1855 779 1976 818 rebus
1998 777 2144 827 Philip-

1170 848 1209 900 pi
1228 876 1236 896 ,
1272 846 1477 884 Britonem
1514 842 1698 892 vestigiis
1734 845 1775 879 et
1807 841 2046 879 narrationis
2080 838 2145 876 filo

1173 907 1320 960 Roqeri
1338 905 1390 946 ab
1414 904 1602 945 Hoveden
1620 903 1836 942 Annalium
1858 902 2040 951 scriptori
2062 911 2146 938 ma-

1172 974 1281 1011 xime
1305 971 1524 1015 institisse,
1547 966 1678 1006 eidem
1694 964 1855 1004 Barthio
1870 963 2143 1008 observatum,

1173 1035 1242 1086 qui
1271 1034 1451 1071 vicissim
1472 1042 1495 1069 a
1514 1028 1685 1081 Rigordo
1721 1026 1909 1066 recedere
1938 1035 2033 1062 eum
2063 1034 2141 1061 non

1175 1109 1264 1136 raro
1289 1099 1426 1134 monet
1450 1106 1487 1145 p.
1510 1093 1599 1131 499.

1231 1158 1438 1198 Guzlemus
1457 1155 1626 1202 BRITO,
1646 1153 1835 1201 Camber,
1851 1149 2012 1189 Ordinis
2028 1150 2151 1188 Mino-

1177 1234 1286 1269 rum⁷
1322 1232 1444 1272 quem
1469 1219 1544 1258 An.
1571 1217 1674 1258 4356
1707 1215 1813 1254 diem
1834 1213 1979 1252 obiisse
2012 1215 2154 1250 notant

1179 1285 1444 1332 possevinus,
1461 1284 1620 1321 Pitseus
1634 1291 1721 1330 pag.
1746 1277 1814 1316 484
1839 1280 1880 1314 et
1898 1287 1950 1313 ex
1969 1285 2015 1313 eo
2033 1272 2157 1313 Wad—

1178 1348 1325 1398 dingus
1348 1358 1437 1397 pag.
1461 1346 1528 1384 454
1552 1343 1620 1382 ubi
1641 1344 1800 1393 praeter
1817 1333 2155 1378 Grammaticalz'a

1178 1409 1404 1460 quaedam,
1439 1412 1482 1446 ut
1519 1409 1691 1453 vocant,
1717 1407 1758 1442 et
1780 1397 2091 1443 commentarios
2115 1398 2155 1434 in

1179 1472 1398 1510 divisiones
1421 1467 1575 1507 Boethii
1604 1469 1644 1506 in
1669 1465 1775 1505 dicta
1793 1463 1991 1515 quaedam
2016 1464 2057 1500 et
2080 1460 2155 1498 alia

1179 1545 1299 1584 opera
1321 1530 1557 1570 Aleoeandri
1578 1530 1765 1576 Neocam,
1805 1528 1843 1563 in
1885 1536 1957 1562 sex
1988 1519 2161 1561 Gilberti

1181 1592 1399 1633 Pori-etam·
1417 1592 1637 1644 principia,
1663 1591 1703 1627 in
1728 1589 1918 1638 isagogen
1945 1581 2163 1636 Porphyrii

1182 1661 1223 1696 et
1246 1657 1286 1694 in
1303 1652 1530 1694 Aristotelis
1550 1651 1895 1692 Praedicamenta‚
1912 1648 2160 1699 periherme-

1184 1720 1273 1758 nias
1315 1723 1356 1757 et
1390 1716 1581 1756 elenchos
1628 1713 1892 1764 Sophisticos,
1935 1712 2162 1748 memorant

1184 1780 1273 1831 ejus
1297 1781 1443 1819 librum
1474 1778 1515 1816 in
1552 1775 1763 1828 proloqum
1797 1771 2039 1820 momorum,
2063 1771 2162 1821 (hoc

1184 1849 1263 1891 est,
1289 1847 1333 1881 ut
1357 1853 1407 1880 ex
1430 1841 1509 1879 MS.
1533 1838 1717 1878 Biblioth.
1739 1837 1910 1875 Victoris
1930 1835 2052 1873 Paris.
2081 1833 2161 1871 Ou-

1184 1905 1305 1944 dinus
1329 1909 1424 1943 tom.
1460 1903 1513 1942 Ill
1544 1914 1580 1953 p.
1618 1900 1721 1940 4049
1760 1896 2091 1937 commentarium
2122 1895 2162 1932 in,

1186 1979 1319 2007 omnes
1334 1965 1522 2019 proloyos
1546 1962 1718 2003 Biblicos
1739 1962 1778 2001 S.
1805 1957 2044 2010 Hieronymi
2057 1970 2066 1995 .·
2078 1956 2099 2009 )
2121 1961 2162 1995 et

1187 2031 1323 2070 nescio
1362 2040 1484 2079 quam
1507 2023 1793 2065 Biblz'othecam
1817 2025 2049 2061 sanctorum
2086 2021 2166 2058 Pa-

1189 2095 1316 2140 trum,
1343 2091 1530 2140 idemque
1555 2099 1672 2141 opus,
1709 2084 2002 2124 abbreviatum.
2035 2082 2164 2132 Hujus

1189 2156 1362 2194 Britonis
1389 2150 1702 2199 Vocabularius,
1736 2159 1831 2188 cum
1869 2146 2163 2186 Vocabulorum

1189 2218 1472 2257 Hebraicorum
1498 2216 1537 2252 in
1559 2213 1695 2253 Bibliis
1718 2211 2018 2250 occurrentium
2043 2209 2166 2246 inter-

1188 2281 1410 2332 pretatione
1431 2279 1570 2317 Latina
1592 2277 1670 2316 MS.
1695 2278 1831 2314 exstat
1856 2274 2009 2323 Lipsiae
2034 2271 2073 2308 in
2104 2270 2167 2308 Bi-

1189 2343 1388 2383 bliotheca
1412 2341 1574 2380 Paulina
1599 2343 1705 2377 teste
1725 2340 1768 2376 B.
1793 2336 1946 2375 Fellero
1974 2346 2062 2385 pag.
2088 2332 2166 2371 288

1189 2407 1381 2457 Catalogi.
1405 2405 1497 2443 Fuit
1517 2407 1557 2442 et
1581 2403 1622 2439 in
1662 2400 1914 2440 Menarsiana
1954 2408 2041 2448 pag.
2076 2396 2167 2434 459.

1190 2469 1300 2508 Idem
1317 2468 1506 2506 nimirum
1523 2467 1651 2513 Brito,
1676 2462 1794 2513 cujus
1814 2463 2042 2513 Synonyma
2060 2457 2166 2495 edita

1190 2532 1351 2571 Parisiis
1388 2530 1509 2577 4504,
1551 2529 1572 2566 4
1611 2526 1717 2578 apud
1754 2523 1992 2572 Dionysium
2026 2521 2165 2558 Rosse.

1191 2593 1321 2644 Cujus
1345 2594 1529 2639 Summa,
1552 2591 1639 2628 sive
1676 2583 1913 2638 opusculum
1945 2578 2167 2634 difficilium

1191 2654 1478 2695 vocabulorum
1498 2650 1652 2690 Bz‘bliae
1675 2661 1731 2687 eac
1750 2645 1894 2699 ylossis
1923 2645 2164 2683 Sanctorum

1193 2720 1233 2756 in
1254 2718 1376 2755 variis
1391 2713 1647 2754 Bibliothecis
1662 2710 1815 2748 evolvit
1828 2706 2016 2756 CangiuS‚
2035 2709 2080 2743 ut
2098 2715 2168 2742 no-

1191 2780 1294 2818 tavit
1319 2779 1357 2815 in
1381 2775 1625 2827 praefatione
1655 2771 1704 2810 ad
1738 2769 1976 2820 glossarium
2013 2766 2167 2805 mediae

1194 2841 1421 2882 Latinitatis
1445 2839 1466 2889 ξ
1492 2838 1538 2875 49
1563 2837 1626 2875 ubi
1651 2834 1766 2872 affert
1785 2841 1931 2869 versus
1953 2829 2133 2868 leoninos
2157 2858 2165 2875 ,

1194 2915 1295 2956 quos
1313 2901 1530 2954 praefigere
1545 2899 1598 2937 illi
1614 2895 1807 2948 opusculo
1819 2925 1826 2943 ,
1838 2898 1879 2932 et
1898 2891 2046 2943 quibus
2061 2891 2170 2929 clau-

1194 2967 1288 3005 dere
1313 2964 1407 3004 illud
1431 2963 1522 3001 huic
1544 2960 1694 2999 Britoni
1718 2957 1878 3008 placuit.

1246 3025 1478 3067 BRITONIS
1513 3024 1645 3063 Militis
1667 3018 1830 3072 reyulae
1858 3016 2011 3055 amoris
2051 3015 2160 3054 MSS.

1195 3093 1469 3130 memorantur
1486 3098 1508 3126 a
1524 3085 1700 3126 Sandero
1723 3089 1817 3121 tom.
1843 3082 1876 3120 11
1898 3079 1994 3119 Bibl.
2021 3078 2164 3128 Belgio.

1195 3164 1282 3205 pag.
1308 3152 1398 3191 243.
1976 3175 1983 3179 .

1250 3215 1534 3253 Bonavenlura
1559 3209 1881 3259 BROCARDUS,
1911 3205 2072 3247 Ordinis
2099 3205 2168 3243 Mi-

1195 3289 1277 3317 nor.
1304 3277 1423 3325 infra,
1449 3274 1733 3314 BROCHART.

1258 3351 1293 3392 (l)
1319 3349 1391 3381 Lib.
1419 3347 1433 3379 1
1461 3354 1548 3379 vers.
1576 3344 1626 3378 10.
