2500 3841
939 197 1318 237 CLAUDIUS

125 268 284 308 Parisiis
309 267 411 306 4542
429 297 437 316 ,
458 267 494 304 8.
521 266 596 304 sub
621 267 718 306 falso
741 268 856 306 titulo
880 268 1085 307 CLAUDII

122 327 479 370 Autissiodorensis
501 339 669 368 recusus
693 331 733 368 in
751 331 1003 370 Bibliothecis
1019 333 1089 370 Pa-

128 398 236 432 trum
252 396 293 430 et
314 392 535 430 novissima
552 392 734 443 Lugdun.
756 398 784 431 t.
804 395 919 443 XIV,
941 407 976 445 p.
996 396 1085 434 141.

174 456 459 504 Fragmentum
480 455 735 504 praefationis
746 457 1032 495 Commentarii
1049 457 1089 495 in

120 515 365 556 Matthaeum
389 516 435 554 ad
462 517 624 556 Justum
661 517 856 557 Abbatem
881 519 1089 559 Carrofen-

124 591 224 629 sem,
244 590 365 630 quem
381 578 531 618 Graeco
550 581 710 618 nomine
733 582 854 620 etiam
869 582 1090 621 Eusebium

121 641 312 693 appellat,
335 639 410 680 An.
437 642 526 681 815.
557 644 726 693 scriptae
764 643 886 683 edidit
915 645 1086 684 Jacobus

123 705 311 743 Usserius
347 704 387 742 in
423 705 614 756 Epistolis
652 706 872 745 Hibernicis
913 718 1000 758 pag.
1042 708 1092 746 53

122 777 203 805 una
225 777 319 805 cum
342 765 590 806 dedicatione
623 767 779 819 pridem
816 768 923 808 edita
947 768 994 808 ad
1021 769 1096 808 Ga-

123 829 237 877 latas,
251 832 455 867 auctorem
479 840 630 868 vocans
651 829 910 870 CLAUDIUM
931 832 1096 870 Scotum

125 891 426 942 Presbyterum.
455 892 777 932 Commentarius
807 895 891 945 ipse
916 894 1003 932 libri
1027 894 1097 931 tri-

125 954 202 994 bus
225 953 404 1006 digestus
427 959 539 994 extat
554 956 593 993 in
609 957 732 994 variis
747 956 896 995 Galliae
912 955 1095 995 Biblioth.

126 1021 172 1056 ut
202 1016 362 1067 Collegii
391 1018 637 1057 Jesuitarum
666 1020 879 1058 parisiens.
905 1021 947 1056 et
972 1019 1009 1055 in
1034 1018 1097 1056 Bi-

126 1079 324 1119 bliotheca
347 1080 549 1119 Ecclesiae
573 1080 868 1119 Laudunensis.
886 1079 983 1119 Vide
999 1079 1097 1117 Lab-

127 1142 188 1181 bei
204 1146 232 1180 t.
249 1143 276 1181 Ι.
293 1141 342 1181 de
359 1143 396 1182 S.
413 1144 458 1182 E.
484 1155 521 1194 p.
546 1143 636 1183 228.
663 1147 703 1182 et
726 1143 828 1182 Bibl.
845 1142 954 1182 MSS.
973 1154 1010 1193 p.
1030 1141 1093 1179 24.

181 1206 267 1244 Duo
289 1205 500 1244 Volumina
536 1207 576 1244 in
614 1206 678 1244 fol.
707 1205 1097 1244 Commentariorum

131 1267 172 1306 in
204 1267 375 1306 Paulum
408 1267 638 1319 Apostolum
663 1269 869 1318 (exceptis
906 1266 1098 1318 Epistolis

131 1330 181 1369 ad
204 1331 581 1374 Thessalonicenses
605 1335 646 1369 et
668 1330 963 1378 Timotheum),
989 1329 1097 1368 MSS.

132 1393 173 1431 in
196 1393 434 1432 Floriacensi
459 1392 600 1442 (hodie
622 1393 813 1431 Vaticana
836 1392 1097 1441 Bibliotheca)

130 1455 436 1505 Colbertinaque
459 1459 500 1494 et
522 1454 830 1494 Benedictorum
855 1455 892 1494 S.
910 1454 1099 1493 Germani

131 1517 180 1556 de
204 1518 343 1556 Pratis.
359 1518 491 1556 Etiam
516 1518 554 1555 in
579 1517 823 1557 Bibliotheca
838 1518 960 1568 Regia
975 1518 1097 1556 Paris.

131 1580 172 1618 in
208 1579 430 1630 Epistolam
468 1579 523 1618 act
556 1582 779 1621 Romanos
805 1580 872 1619 ubi
909 1579 1102 1632 Augusti-

133 1654 258 1691 num,
283 1646 324 1681 et
352 1641 392 1680 in
427 1645 642 1695 utramque
679 1643 735 1682 ad
758 1642 1007 1692 Corinthios,
1034 1642 1101 1682 ubi

132 1705 325 1744 Hilarium
362 1705 582 1744 Diaconum
617 1707 790 1745 maxime
820 1707 1015 1757 sequitur.
1038 1706 1101 1745 Ex

133 1767 198 1805 illo
221 1766 271 1805 ad
292 1768 492 1806 Romanos
515 1768 590 1806 hoc
614 1769 652 1807 S.
678 1767 890 1819 Augustini
928 1769 1100 1819 elogium

135 1828 248 1867 affert
269 1828 491 1868 Richardus
515 1830 718 1869 Simonius
742 1842 829 1881 pag.
855 1831 945 1869 288.
971 1835 1011 1869 et
1035 1830 1100 1868 lib.

136 1892 171 1930 3.
196 1891 384 1930 historiae
420 1893 589 1932 Criticae
624 1894 723 1932 Novi
748 1894 996 1931 Testamenti
1018 1904 1104 1943 cap.

136 1954 213 2002 25,
242 1966 329 2006 pag.
361 1955 452 1994 354.
488 1954 799 1994 Amantissimus
832 1954 992 1993 Domini
1012 1966 1105 1994 san-

137 2016 338 2056 ctissimus
360 2017 608 2068 Auqustinus
622 2051 633 2067 ,
659 2018 839 2057 calamus
872 2018 1104 2066 Trinitatis,

141 2077 278 2130 linqua
297 2080 474 2131 Spiritus
492 2080 653 2129 Sancti,
676 2084 859 2120 terrenus
879 2080 988 2119 homo
1003 2112 1015 2130 ,
1039 2080 1109 2119 secl

138 2139 315 2180 coelestis
328 2141 506 2193 anqelus,
523 2143 565 2181 in
578 2143 824 2194 eoepositione
840 2142 935 2195 fidei
944 2147 1105 2182 nostrae

140 2203 387 2254 Catholicus,
406 2204 446 2243 in
464 2204 762 2256 quaestionibus
783 2204 981 2244 solvendis
1009 2217 1106 2244 acu-

137 2269 212 2316 tus,
229 2267 271 2305 in
283 2267 532 2307 revincendis
548 2268 758 2307 haereticis
779 2269 1104 2320 circumspectus,

137 2329 178 2367 in
201 2328 451 2382 eoeplicandis
473 2331 688 2382 scripturis
709 2332 910 2371 canonicis
932 2336 1077 2371 cautus
1093 2364 1104 2382 ,

138 2395 208 2431 etc.
231 2393 302 2432 Eae
324 2393 450 2446 ipsius
486 2394 618 2433 sancti
641 2394 728 2433 Viri
753 2395 953 2433 sententiis
969 2427 979 2444 ,
1005 2406 1107 2447 quas

134 2464 213 2504 pro
236 2453 408 2495 diversis
428 2456 514 2507 ejus
538 2455 653 2495 libris
677 2456 853 2496 invenire
878 2456 1105 2507 quivimus,

139 2514 239 2554 hane
262 2517 523 2567 eoeposuimus
547 2518 771 2569 Epistolam
786 2550 796 2567 ,
822 2517 965 2568 aliqua
989 2519 1108 2558 etiam

139 2589 194 2617 θα)
208 2578 389 2628 Origenis
405 2580 649 2631 expositione
665 2579 809 2619 ibidem
827 2581 1106 2632 acljunoeimus,

138 2639 327 2679 nonnulla
343 2641 460 2679 etiam
475 2673 485 2689 ,
506 2645 552 2680 ut
568 2641 680 2681 nobis
700 2642 831 2682 visum
849 2647 929 2692 est,
945 2647 1110 2694 pertra-

141 2702 352 2741 ctavimus.
379 2703 541 2742 Nullam
569 2705 884 2743 ammonitionem
909 2704 1110 2744 meliorem

129 2764 247 2816 potui
260 2764 581 2817 invenire,quam
597 2766 632 2803 E
628 2765 800 2817 pistolae
812 2766 972 2818 primae
990 2767 1114 2806 Pauli

137 2826 325 2880 Apostoli,
349 2839 473 2880 quam
493 2828 602 2878 misi,
628 2828 724 2880 quia
749 2831 828 2866 tota
850 2828 938 2867 inde
958 2829 1108 2881 aqitur,

137 2894 181 2929 ut
219 2890 364 2929 merita
401 2890 600 2929 hominum
638 2889 771 2939 tollat,
795 2890 899 2929 unde
932 2892 1110 2931 maxime

138 2965 243 2992 nunc
264 2953 451 2992 Monachi
471 2952 724 3005 qloriantur,
750 2956 788 2992 et
812 2953 995 2992 Gratiam
1018 2954 1115 2992 DEI

139 3016 393 3056 commendet.

194 3081 238 3118 In
262 3081 484 3131 Epistolam
508 3079 562 3119 acl
583 3079 778 3132 Ephesios
802 3080 878 3118 MS.
907 3079 944 3117 in
970 3080 1111 3118 Biblio-

141 3141 257 3181 theca
287 3143 326 3182 S.
357 3143 544 3182 Germani
576 3143 624 3181 dc
655 3143 793 3182 Pratis.
820 3142 1108 3180 Praei-ationem

141 3216 218 3254 qua
248 3205 355 3244 illam
385 3206 532 3245 dicavit
562 3205 761 3245 Ludovico
783 3206 846 3242 Pio
877 3203 1109 3255 Imperatori

143 3268 361 3318 publicavit
395 3269 644 3308 Mabillonius
674 3273 702 3306 t.
728 3269 756 3306 l.
783 3265 960 3305 Analect.
985 3277 1022 3316 p.
1051 3265 1110 3304 40.

147 3328 265 3370 (edit.
296 3342 422 3371 novae
452 3343 488 3381 p.
521 3331 615 3378 91.)

2061 200 2139 240 359

1212 270 1256 308 In
1280 269 1502 319 Epistolam
1526 267 1581 306 ad
1603 267 1900 320 Philippenses,
1926 268 1981 307 acl
2007 269 2134 308 Titum

1161 330 1269 370 etad
1290 329 1494 370 Hebraeos
1525 331 1610 370 loca
1639 331 1802 370 adducit
1824 331 2046 371 Richardus
2072 333 2132 371 Si-

1162 405 1255 432 mon
1281 398 1375 432 tom.
1398 395 1449 432 111
1468 393 1655 432 historiae
1680 394 1852 433 Criticae
1876 395 1976 433 Novi
2000 395 2142 433 Testa-

1164 458 1289 493 menti
1313 467 1400 506 pag.
1426 457 1494 495 361
1527 460 1566 494 et
1592 456 1668 495 363
1693 461 1733 494 et
1754 468 1843 508 pag.
1858 457 1933 496 364
1958 461 2135 496 testatur

1164 519 1202 555 in
1229 518 1373 557 Codice
1398 518 1624 557 Colbertino
1658 519 1734 556 600
1756 529 1952 557 annorum
1979 523 2141 557 exstare

1166 580 1241 619 sub
1281 580 1433 620 Claudii
1473 582 1634 619 nomine
1683 580 1732 619 ad
1784 582 1935 620 calcem
1978 582 2141 633 genuini

1165 642 1253 693 ejus
1277 643 1316 681 in
1338 643 1465 693 Epist.
1504 642 1553 681 ad
1586 643 1785 681 Romanos
1823 644 2136 694 Commentarii⁷

1167 705 1291 743 alium
1330 704 1369 741 in
1409 704 1537 754 Epist.
1574 703 1629 742 acl
1658 702 1864 744 Hebraeos
1888 705 2095 744 diversum
2120 717 2142 744 a

1168 768 1297 817 priore
1333 770 1374 805 et
1397 766 1571 805 eundem
1595 777 1688 804 cum
1712 767 1801 815 illo⁷
1826 769 1893 818 qui
1917 768 2049 808 editus
2074 773 2137 808 est

1171 829 1246 868 Sub
1268 828 1465 867 Ambrosii
1491 829 1676 877 nomine,
1710 839 1803 867 cum
1842 829 1916 868 hac
1944 834 2144 869 retracta-

1172 890 1272 929 tione
1301 890 1441 930 Claudi
1464 892 1649 942 Episcopi
1679 890 1727 929 de
1752 893 1982 932 auctoribus
2005 895 2139 944 expla-

1171 954 1380 992 nationum
1418 964 1540 1004 super
1562 954 1691 1004 Epist.
1716 953 1765 992 ad
1790 954 1999 993 Hebraeos.
2035 954 2142 994 Illud

1171 1027 1326 1067 quoque
1362 1015 1402 1054 in
1424 1015 1679 1069 praefatione
1703 1027 1924 1055 commoneo
1939 1048 1951 1067 ,
1976 1017 2033 1055 mi
2054 1017 2146 1056 cha-

1173 1078 1334 1118 rissime
1349 1110 1360 1128 ,
1385 1082 1432 1117 ut
1452 1078 1560 1118 scias
1583 1080 1798 1131 Origenem
1824 1079 1906 1118 tria
1942 1079 2145 1118 volumina

1172 1140 1214 1179 in
1249 1140 1350 1180 hanc
1387 1140 1607 1193 Epistolam
1637 1142 1947 1194 conscripsisse,
1969 1154 2084 1194 quem
2106 1146 2144 1180 et

1173 1215 1243 1242 nos
1278 1216 1333 1242 ese
1364 1208 1484 1255 parte
1520 1204 1647 1243 secuti
1680 1216 1844 1243 sumus:
1870 1205 2141 1256 Apollinarem

1173 1265 1290 1305 etiam
1316 1270 1354 1305 et
1372 1267 1588 1317 Didymum
1610 1266 1803 1319 quosdam
1829 1268 2145 1308 Commentarios

1174 1327 1356 1378 edidisse,
1375 1341 1394 1368 e
1418 1328 1564 1382 quibus
1591 1329 1681 1368 licet
1696 1341 1833 1382 pauca
1853 1329 2140 1381 decerpsimus,

1166 1390 1294 1442 plura
1318 1392 1436 1430 etiam
1460 1404 1515 1431 ea:
1538 1392 1670 1431 sancti
1695 1392 1780 1432 Viri
1806 1393 2020 1443 Augustini
2057 1404 2145 1432 sen-

1175 1454 1304 1493 tentiis
1319 1486 1331 1504 ,
1357 1467 1461 1506 quas
1479 1467 1556 1506 per
1585 1454 1764 1494 cli-versos
1784 1456 1871 1508 ejus
1897 1454 2019 1495 libros
2040 1455 2147 1494 inve-

1174 1516 1262 1555 nire
1292 1518 1521 1569 quivimus,
1548 1518 1649 1556 hanc
1691 1518 1953 1570 eaeposuimus
1993 1518 2148 1571 Episto-

1177 1578 1281 1630 lam,
1315 1584 1353 1620 et
1386 1580 1577 1620 nonnulla
1616 1593 1719 1633 quae
1760 1579 1872 1620 nobis
1908 1580 2151 1620 videbantur

1174 1643 1443 1696 asljunoeimus
1459 1676 1469 1694 ,
1492 1644 1577 1684 sive
1601 1642 1885 1683 subtraaeimus
1905 1676 1915 1694 ,
1937 1648 1982 1682 ut
2003 1643 2151 1683 studio-

1175 1717 1245 1756 sus
1267 1706 1402 1745 statim
1427 1707 1467 1744 in
1484 1706 1683 1759 principio
1711 1706 1901 1745 lectorum
1932 1709 2146 1757 aqnoseat,

1176 1766 1246 1806 lzoc
1270 1780 1367 1819 opus
1390 1768 1455 1807 vel
1477 1768 1652 1807 alienum
1675 1780 1761 1808 esse
1783 1768 1848 1808 vel
1868 1772 2066 1808 nostrum.

1229 1830 1540 1870 Pentateuchum
1551 1831 1801 1870 auditoribus
1811 1833 1896 1870 suis
1912 1834 2149 1883 exposuisse

1179 1897 1219 1932 et
1240 1892 1361 1943 jussu
1386 1893 1577 1932 Ludovici
1602 1895 1859 1944 Imperatoris
1889 1896 2009 1932 etiam
2034 1906 2154 1945 expo-

1181 1957 1367 1995 sitionem
1392 1967 1507 1996 suam
1523 1956 1674 1995 calamo
1692 1957 1940 2007 scriptitasse
1957 1957 2149 1996 Claudius

1182 2018 1265 2068 ipse
1289 2022 1464 2057 testatur
1503 2019 1543 2056 in
1580 2019 1824 2069 praefatione
1859 2018 1907 2057 ad
1929 2019 2152 2070 Epistolam

1181 2080 1231 2119 ad
1268 2081 1519 2129 Corinthios,
1545 2081 1650 2131 apud
1680 2081 1922 2120 Richardum
1948 2082 2152 2120 Simonem

1180 2146 1274 2181 tom.
1302 2144 1368 2181 ΙΙΙ.
1392 2143 1581 2182 historiae
1600 2144 1771 2182 Criticae
1786 2144 1881 2182 Novi
1906 2145 2153 2182 Testamenti

1179 2216 1268 2256 pag.
1293 2206 1382 2245 356.
1407 2207 1451 2244 In
1478 2205 1646 2245 Genesin
1669 2206 1790 2245 libros
1811 2207 1876 2245 III.
1893 2206 1968 2245 An.
1987 2207 2076 2245 814.
2105 2207 2149 2244 ln

1149 2264 1161 2276 '
1180 2267 1370 2307 Eoeoclum
1399 2269 1519 2307 libros
1548 2269 1611 2308 IV.
1628 2268 1704 2307 An.
1721 2269 1810 2308 8211.
1834 2269 2155 2317 Commentaria⁷

1182 2332 1267 2370 sive
1289 2330 1590 2384 informationes
1606 2331 1761 2370 litterae
1783 2335 1821 2370 et
1837 2331 2006 2383 spiritus
2030 2343 2153 2383 super

1183 2394 1398 2434 Leviticum
1434 2397 1606 2446 scriptae
1644 2396 1721 2434 An.
1745 2396 1832 2435 823.
1859 2400 1899 2434 et
1931 2394 2083 2433 divisae
2116 2396 2156 2432 in

1182 2457 1304 2495 libros
1351 2462 1550 2508 quatuor,
1598 2457 1940 2507 Theodomiroque
1985 2455 2154 2504 Abbati,

1184 2519 1282 2567 (suo
1306 2523 1444 2569 postea
1475 2519 1728 2568 adversario)
1754 2519 1884 2557 dicata
1913 2517 2050 2556 habuit
2073 2518 2152 2556 Ma—

1183 2580 1390 2628 billonius,
1435 2581 1802 2631 praefationemque
1847 2584 1887 2617 et
1930 2579 2153 2617 clausulam

1184 2641 1307 2680 edidit
1345 2647 1440 2680 tom.
1466 2643 1495 2680 I.
1519 2642 1700 2680 Analect.
1739 2653 1826 2693 pag.
1853 2641 1914 2680 30.
1942 2641 2154 2691 (editionis

1183 2714 1310 2742 novae
1334 2715 1419 2754 pag.
1447 2704 1522 2753 90.)
1547 2704 1692 2742 Habuit
1715 2704 1835 2741 etiam
1861 2703 2042 2741 Labbeus
2067 2703 2150 2742 loco

1184 2765 1355 2805 laudato.
1381 2766 1479 2804 Huic
1504 2765 1764 2804 Theodomiro
1789 2776 1948 2815 quoque
1977 2765 2153 2804 dicatum

1185 2828 1339 2867 Claudii
1368 2829 1699 2866 commentarium
1732 2829 1770 2865 in
1793 2828 1920 2878 Epist.
1945 2827 1993 2866 ad
2019 2829 2155 2867 Corin-

1185 2891 1315 2938 thios,
1340 2892 1495 2929 notavit
1530 2890 1751 2929 Richardus
1791 2890 1924 2929 Simon
1964 2895 2059 2928 tom.
2085 2892 2152 2930 ΙΙΙ.

1185 2952 1373 2991 historiae
1398 2953 1565 2993 Criticae
1588 2953 1687 2992 Novi
1711 2953 1957 2991 Testamenti
1981 2964 2017 3002 p.
2044 2953 2133 2992 355.

1238 3015 1283 3052 In
1306 3014 1560 3052 Bibliothecis
1583 3014 1873 3053 Parisiensibus
1903 3015 2065 3064 reperiri
2089 3019 2151 3053 et—

1187 3079 1262 3115 iam
1288 3075 1488 3128 Epistolas
1515 3076 1765 3125 Canonicas,
1791 3080 1963 3115 testatur
1991 3076 2153 3115 Richar-

1186 3138 1261 3177 dus
1282 3140 1415 3176 Simon
1442 3150 1527 3189 pasr.
1554 3140 1632 3178 289
1664 3149 1861 3177 censurae
1884 3139 2150 3178 Bibliothecae

1186 3202 1336 3241 liccles.
1363 3202 1502 3252 Dupin.
1529 3206 1720 3252 notatque
1742 3200 1980 3250 Claudium,
2000 3201 2149 3252 ubique

1188 3265 1299 3314 sequi
1319 3265 1543 3302 versionem
1561 3264 1598 3302 S.
1618 3264 1867 3313 Hieronymi,
1885 3274 2004 3314 quam
2022 3263 2150 3303 novel-

1188 3326 1267 3365 lam
1284 3326 1511 3377 appellatam
1528 3338 1604 3365 non
1625 3326 1738 3366 modo
1754 3339 1804 3366 ex
1820 3328 2146 3378 scriptisl‘atrum
