2500 3841
923 255 1309 298 AN'roxlt's-

172 324 423 365 ANTONIUS
440 323 758 376 cleliampeloyis.
779 326 1006 377 Januensis.
1027 329 1078 366 si-

108 400 167 428 vve
194 388 420 427 Genuensis
451 386 787 438 Augustinianus‚
811 390 975 437 Patavii,
1007 391 1079 428 Bo-

119 450 277 500 noniae,
315 449 476 488 Genuae
515 448 670 497 docuit,
708 455 749 488 et
784 451 888 488 circa
916 450 1077 490 Annum

114 513 269 551 CHristi
294 511 394 551 4400
419 511 468 549 ad
494 512 597 550 4448
618 512 776 563 scripsit
804 513 1077 564 Repertorium

115 572 326 623 Biblioum,
348 574 432 612 sive
456 573 744 624 Compendium
770 573 986 625 figurarum
1017 576 1078 612 Bi-

100 636 307 675 rblicarum
336 635 471 673 ordine
495 635 755 686 alphabetico:
780 648 975 675 excusum
1004 638 1078 675 Co-

117 699 242 738 loniae
263 698 382 746 4505,
401 698 438 736 4.
460 698 683 747 Sermones,
710 698 1078 750 Quadrayesimale,

118 761 249 801 Casus
269 760 522 801 Cosceintz'ae.
561 760 659 799 Vide
699 761 874 801 Elssium
899 773 984 812 pag.
1009 762 1070 801 77.

170 822 191 845 '²¹⁶
214 821 306 862 Ant.
331 821 378 861 de
404 821 652 874 Rampefsolis
669 823 894 862 Genuensis
918 836 1017 875 opus
1039 826 1077 862 in

116 886 312 937 scriptum
334 884 471 923 Aurea
486 883 616 922 Biblia
633 885 775 936 prodiit
787 886 922 925 ulmae
938 898 1008 937 per
1016 887 1035 923 J
1040 897 1080 923 o-

114 959 259 987 annem
281 949 419 987 Zemer
441 946 490 985 de
513 947 725 998 Rutlingen
750 949 788 985 in
814 948 835 985 4
853 958 955 986 anno
980 947 1078 986 4475

113 1009 300 1048 Codicem
315 1009 422 1048 hunc
436 1008 579 1047 offendi
595 1010 632 1046 in
648 1009 887 1048 Bibliotheca
896 1008 1079 1048 Coenobii

113 1071 459 1110 Benedictinorum
487 1071 772 1110 Viennensium
794 1071 831 1110 S.
866 1071 1007 1110 Mariae
1031 1069 1079 1108 ad

116 1134 279 1181 Scotos,
304 1138 344 1172 et
366 1138 561 1184 quantum
585 1138 680 1172 tunc
711 1133 927 1183 intelligere
950 1133 1078 1182 potui,

115 1195 220 1234 idem
235 1199 298 1234 est
311 1206 412 1246 opus
429 1206 473 1234 ac
488 1195 635 1246 figurae
656 1193 743 1244 ejus
765 1194 947 1233 Biblicae.
968 1193 1080 1240 Quod

116 1257 446 1297 animadvertisse
469 1268 609 1308 operae
627 1257 823 1308 praetium
843 1256 937 1294 duxi
956 1285 963 1305 ‚
988 1257 1081 1306 quia

114 1322 154 1359 P.
170 1320 398 1359 Dominicus
414 1319 672 1370 Gandolphus
697 1319 922 1357 Genuensis
943 1320 981 1357 in
1008 1330 1080 1358 sua

113 1383 398 1422 Dissertatione
421 1381 605 1420 historica
629 1381 678 1420 de
701 1381 885 1420 ducentis
909 1383 1081 1432 Scripto-

114 1445 223 1484 ribus
255 1444 556 1495 Augustinianis
579 1455 727 1483 excusa
753 1445 898 1483 Romae
925 1445 963 1482 in
991 1445 1012 1482 4
1033 1444 1078 1482 Α.

116 1505 219 1546 4704
243 1506 472 1556 ambiguum
493 1517 536 1544 se
560 1507 711 1545 versari
735 1508 789 1545 ait
808 1518 858 1545 an
878 1518 996 1546 aurea
1020 1508 1082 1545 Bi-

113 1568 191 1607 blia
213 1580 237 1607 a
257 1568 433 1607 Gesnero
456 1568 658 1607 laudatum
682 1579 807 1620 opus,
829 1569 932 1608 idem
957 1570 1083 1607 omni-

114 1642 164 1669 no
180 1631 233 1669 sit
245 1642 337 1670 cum
349 1630 497 1682 figuris,
513 1631 598 1669 sive
611 1631 716 1670 aliud
734 1632 848 1682 longe
863 1631 1081 1671 diversum.

112 1693 230 1731 Porro
245 1692 350 1744 apud
366 1693 477 1732 illum
493 1694 772 1743 antiquissima
789 1695 994 1745 impressio
1003 1695 1086 1733 Au-

115 1766 272 1794 reorum
280 1755 494 1794 Bibliorum
502 1759 564 1793 est
573 1756 806 1794 Parisiensis
820 1756 865 1794 A.
877 1758 891 1796 4
903 1757 979 1795 513
991 1768 1029 1794 in
1048 1757 1082 1794 4.

166 1816 416 1856 ANTONIUS
433 1819 604 1866 Harena,
629 1817 872 1866 Raudensis,
902 1819 1079 1869 Philippo

115 1879 300 1918 Picinello
310 1878 539 1918 inAtheneo
556 1881 801 1931 Scriptorum
815 1880 1082 1919 Mediolanen-

50 1943 54 1947 '
118 1943 221 1980 sium
245 1953 331 1993 pag.
358 1942 407 1980 48
433 1940 626 1981 Antonius
648 1941 729 1981 Rho
752 1943 1078 1994 Mediolanensis‚

114 2002 294 2052 Ordinis
315 2004 540 2054 Minorum,
576 2006 685 2043 tenui
722 2006 806 2044 loco
845 2009 983 2054 natus,
1009 2017 1080 2044 un-

116 2065 164 2104 de
184 2065 371 2104 Albertus
387 2066 594 2105 Sartianus
610 2068 646 2105 ei
661 2067 809 2105 dicavit
825 2068 1076 2117 opusculum,

117 2128 223 2179 quod
252 2127 352 2167 nihil
370 2132 483 2167 nocet
507 2127 562 2166 ad
591 2127 799 2178 virtutem,
830 2129 972 2168 humili
998 2129 1077 2168 loco

116 2191 240 2230 nasci.
263 2193 461 2231 Laurentii
473 2192 614 2232 'Vallae
637 2193 809 2243 primum
822 2184 997 2236 amicus.
1014 2194 1077 2232 cui

117 2255 235 2293 etiam
260 2255 297 2292 in
317 2255 488 2307 Dialogis
521 2254 648 2294 tribus
671 2254 720 2293 de
740 2255 952 2307 Voluptate
982 2266 1076 2294 vero

117 2317 224 2356 Bono
246 2327 394 2368 primas
416 2321 549 2368 partes
567 2317 677 2356 Valla
700 2317 908 2367 tribuerat,
933 2317 1075 2356 deinde

117 2378 206 2430 ejus
228 2379 537 2432 indignationem
557 2380 739 2427 incurrit,
756 2379 860 2430 quod
877 2382 916 2419 in
929 2381 1074 2431 scripto

119 2441 290 2492 quodam
322 2443 502 2482 Latinam
522 2443 789 2493 eloquentiam
813 2443 989 2494 professo
1019 2445 1077 2481 vi-

120 2514 191 2543 sus
212 2508 320 2543 esset
337 2505 471 2544 Vallae
493 2505 708 2555 elegantias
730 2507 1009 2552 contemsisse,
1033 2506 1077 2544 il-

122 2565 261 2615 lasque
291 2564 610 2616 reprehendisse:
640 2569 774 2617 itaque
797 2567 846 2606 ad
883 2568 1074 2605 Joannem

124 2628 311 2666 Lucinam
328 2627 518 2678 Alphonsi
540 2629 657 2677 Regis
677 2629 941 2667 Secretarium
956 2628 1077 2666 edidit

121 2688 393 2727 adnotationes
419 2689 456 2726 in
481 2700 634 2728 errores
651 2689 810 2728 Antonii
844 2690 1076 2739 Raudensis‚

120 2762 220 2801 quae
243 2761 335 2789 cum
371 2750 576 2801 elegantiis
600 2762 716 2802 saepe
754 2763 933 2798 recusae,
958 2752 1077 2790 etiam

119 2814 159 2850 in
182 2812 375 2863 Operibus
398 2813 530 2851 Vallae
551 2813 739 2862 leguntur
761 2824 847 2863 pag.
873 2813 947 2850 390
966 2823 1074 2863 seqq.

118 2875 223 2915 Obiit
245 2875 354 2914 Valla
376 2874 488 2914 Anno
511 2875 623 2914 4454.
645 2873 866 2913 Raudensis
892 2874 952 2911 hic
974 2873 1076 2912 idem

119 2941 198 2985 est⁷
223 2938 291 2988 qui
320 2936 521 2976 Lactantio
546 2936 692 2975 multos
728 2946 881 2974 errores
910 2935 1075 2984 objecit,

116 3001 259 3040 acriter
281 3011 326 3039 eo
355 3001 512 3038 nomine
553 2998 820 3049 reprehensus
848 2997 896 3035 ab
926 2996 1075 3036 Adamo

116 3062 337 3111 Genuensi·⁷
362 3066 402 3100 et
425 3063 630 3100 Francisco
665 3061 846 3104 Philelfo,
872 3064 916 3098 ut
940 3064 1075 3098 notare

119 3136 182 3164 me
195 3126 357 3164 memini
377 3126 416 3163 in
434 3125 529 3163 libro
544 3124 592 3163 dc
613 3125 780 3162 veritate
796 3123 914 3169 Relig.
933 3133 967 3171 p.
987 3123 1074 3161 232.

170 3186 191 3209 ³¹*
211 3188 375 3239 Scripsit
393 3189 511 3226 etiam
528 3187 742 3225 orationem
762 3187 797 3223 in
817 3183 970 3222 laudeni
993 3184 1079 3221 Phi-

117 3249 208 3300 lippi
237 3249 538 3288 Mediolanensis
572 3249 775 3299 principis⁷
801 3257 920 3296 quam
940 3247 1078 3283 Petrus

118 3311 320 3351 Candidus
356 3311 612 3350 Decembrius
644 3312 680 3348 in
718 3310 853 3348 multis
889 3309 1016 3359 arguit
1042 3309 1078 3346 in

119 3372 214 3411 libro
235 3374 321 3414 Vill
345 3384 508 3421 suarum
542 3374 836 3425 Epistolarum7
862 3382 962 3422 quae
987 3382 1081 3410 sane

2036 260 2112 300 123

1150 332 1337 382 epistolae
1358 331 1486 370 adhuc
1512 332 1548 369 in
1570 331 1675 370 MSS.
1698 331 1832 370 latent.
1875 331 1968 370 vide
1995 333 2111 371 Card.

1149 393 1299 439 Quirini
1320 393 1536 433 Diatribum
1558 394 1870 445 praeliminarem
1891 394 1940 433 ad
1959 395 2113 446 Episto—

1150 456 1208 494 las
1243 456 1402 495 Barbari
1424 467 1510 507 pag.
1549 457 1637 494 530.
1665 457 1844 494 Praestat
1877 456 1939 495 hic
1968 457 2113 497 addere.

1151 529 1251 568 quae
1281 518 1329 556 de
1354 517 1427 556 hoc
1450 517 1621 556 Antonio
1645 519 1803 569 scripsit
1829 520 1885 557 Jo.
1910 519 2114 572 Philippus

1150 582 1362 630 Bergomas
1385 580 1425 617 in
1450 579 1733 629 Supplemento
1757 581 2038 621 Chronicorum
2063 586 2113 622 ad

1151 653 1212 680 an.
1235 642 1349 681 4430.
1373 654 1391 677 «
1410 640 1600 679 Antonius
1620 641 1842 682 Ruzcdensis
1861 646 2018 683 natione
2038 648 2114 685 Me—

1151 704 1391 742 diolanensis
1415 702 1506 740 Ord.
1532 704 1724 742 Minorum
1749 704 1955 755 theologus
1979 708 2115 746 claris-

1153 767 1298 813 simus,
1327 769 1367 803 et
1404 764 1587 803 omnibus
1625 765 1841 816 disciplinis
1871 779 1946 806 non
1968 770 2114 808 medio-

1152 828 1270 865 criter
1292 825 1473 865 eruditus
1507 826 1579 864 hac
1605 828 1687 877 ipsa
1722 832 1958 877 tempestate
1983 832 2116 871 floruit

1152 889 1219 938 qui
1239 889 1377 938 etipse
1391 920 1403 937 ,
1424 893 1469 927 ut
1488 889 1526 926 in
1546 889 1729 927 omnibus
1746 900 1788 927 se
1803 890 1963 930 doctum
1983 899 2115 932 osten-

1152 949 1276 998 deret,
1292 951 1536 1000 singulorum
1559 962 1903 1003 quorumcumque
1926 955 2116 995 tumOrav<

1153 1015 1284 1051 torum
1319 1014 1643 1063 Paganorumque
1679 1013 1965 1065 Theologorum
1999 1028 2117 1068 opera

1155 1070 1278 1113 ferme
1308 1075 1520 1126 explanare
1549 1075 1698 1123 voluit⁷
1723 1080 1763 1114 et
1787 1088 1906 1126 quam
1945 1080 2118 1118 maxime

1154 1139 1401 1176 Lactantium
1438 1138 1570 1176 virum
1598 1136 1873 1177 doctissimum
1906 1141 2119 1179 emendare

1153 1201 1336 1246 tentavit,
1353 1199 1458 1250 quod
1474 1200 1616 1239 melius
1633 1204 1673 1238 et
1688 1199 1867 1251 dignitati
1884 1206 1924 1240 et
1944 1203 2117 1255 religioni

1156 1275 1250 1302 suae
1262 1264 1401 1303 fuisset
1417 1263 1465 1302 ab
1481 1262 1692 1301 illiusmodi
1707 1263 1903 1302 scribendi
1918 1276 2061 1314 genere
2075 1277 2120 1304 se

1154 1327 1414 1373 continuisse⁷
1431 1337 1550 1375 quam
1574 1329 1710 1363 contra
1726 1329 1883 1364 tantum
1899 1328 2031 1366 virum
2051 1328 2121 1366 do-

1154 1390 1398 1438 ctissimum,
1420 1392 1459 1425 et
1473 1387 1780 1426 disertissimum
1801 1388 2002 1428 invehere.
2020 1391 2120 1429 Eam

1154 1451 1202 1490 ob
1218 1463 1301 1489 rem
1320 1449 1513 1500 quasdam
1530 1450 1750 1487 invectivas
1769 1455 1905 1489 contra
1921 1461 1963 1488 se
1979 1463 2120 1502 provo—

1155 1515 1272 1553 cavit.
1289 1512 1350 1552 Ad
1360 1512 1466 1551 hunc
1475 1516 1636 1561 rogatus
1652 1510 1880 1561 Philelphus
1895 1514 1956 1550 vir
1975 1513 2119 1552 doctis-

1158 1579 1284 1616 simus
1300 1576 1452 1614 litteras
1468 1574 1598 1624 dirigit
1608 1574 1965 1613 commonefaciens
1986 1576 2120 1615 utAu—

1158 1641 1363 1691 gustinum
1387 1637 1759 1683 Patremiimitetur,
1782 1637 1873 1686 quia
1895 1642 1935 1675 et
1959 1638 2021 1677 ille
2042 1641 2119 1677 etsi

1159 1706 1323 1742 sanctus
1339 1705 1378 1740 et
1405 1699 1724 1750 sapientissimus
1748 1699 1889 1737 fuisset
1905 1728 1912 1747 ⁷
1929 1711 2030 1750 quae
2048 1702 2118 1738 im-

1157 1763 1538 1817 prudentererravit‚
1550 1766 1681 1799 tamen
1690 1765 1905 1800 retractare
1917 1764 2114 1801 curavit.»

1202 1825 1452 1866 ANTONIUS
1462 1823 1508 1862 (le
1524 1822 1698 1872 Rosellis,
1716 1825 1801 1862 sive
1816 1823 2006 1874 Rooeellis7
2022 1824 2119 1864 Are-

1153 1892 1262 1929 tinus
1286 1889 1426 1935 setus,
1451 1887 1518 1937 qui
1558 1886 1651 1924 obiit
1687 1887 1836 1923 Patavii
1872 1885 1988 1924 Anno
2013 1887 2116 1926 4467

1154 1957 1257 1992 teste
1299 1949 1534 1997 Trithemio‚
1575 1949 1815 1997 scripsitque
1843 1947 2117 2003 Monarchlccm

1152 2013 1293 2056 Mundi
1314 2001 1423 2052 libris
1447 2012 1499 2050 ΙΙΙ
1520 2010 1593 2048 hoc
1613 2014 1675 2047 est
1698 2009 1746 2047 de
1770 2014 1967 2060 potestate
1989 2010 2118 2060 Impe-

1153 2078 1314 2126 ratoris,
1338 2076 1482 2125 Papae,
1507 2083 1552 2111 ac
1576 2071 1752 2119 Concilii⁷
1776 2075 1816 2109 et
1840 2082 1890 2109 an
1919 2070 2023 2122 apud
2048 2073 2118 2110 Pa—

1152 2150 1244 2191 pam
1261 2139 1312 2176 sit
1328 2139 1505 2188 potestas
1526 2135 1735 2184 utriusque
1755 2132 1892 2183 gladii,
1916 2138 1956 2171 et
1971 2133 2020 2171 de
2038 2145 2120 2172 ma-

1153 2202 1251 2240 teria
1274 2199 1553 2239 Conciliorum.
1579 2196 1758 2235 Venetiis
1783 2195 1886 2234 4485
1910 2195 1973 2234 fol.
1997 2196 2050 2234 Et.
2079 2199 2119 2234 in

1152 2265 1247 2303 ,lure
1271 2261 1387 2302 Civili
1422 2259 1468 2299 de
1491 2250 1828 2299 successionibus,
1854 2256 1900 2295 de
1930 2256 2121 2309 leyitz'mo-

1152 2326 1252 2365 tione
1282 2323 1515 2378 spuriorum
1538 2327 1613 2361 etc.

1203 2389 1224 2411 ³²
1244 2390 1287 2428 In
1304 2388 1381 2427 ΜΞ.
1398 2385 1538 2427 Codice
1554 2385 1678 2424 Felini
1694 2395 1802 2423 num.
1822 2384 1895 2422 483
1906 2386 2013 2423 extat
2031 2385 2119 2423 eius

1151 2450 1345 2502 expositio
1365 2459 1486 2500 super
1502 2448 1666 2486 Decreto
1692 2445 1883 2485 Gratiani
1904 2448 1942 2484 et
1968 2443 2121 2483 lectura

1153 2514 1193 2552 in
1229 2503 1401 2551 materia
1438 2509 1508 2560 leq.
1528 2509 1571 2560 ff.
1600 2508 1647 2547 de
1683 2520 1728 2546 re
1752 2507 1950 2560 judicata.
1992 2508 2035 2546 In
2065 2507 2121 2545 al-

1152 2581 1236 2614 tero
1259 2575 1379 2612 etiam
1403 2572 1536 2611 codice
1564 2572 1636 2610 484
1662 2575 1757 2610 sunt
1773 2569 2019 2622 repeticioiws
2043 2569 2120 2609 Ca-

1151 2646 1296 2675 nonum
1319 2633 1498 2673 eiusdem
1513 2632 1701 2671 authoris.
1721 2633 1837 2670 Porro
1855 2630 2009 2669 authori
2025 2629 2118 2670 huic

1152 2689 1360 2748 negocium
1378 2695 1579 2733 facessivit
1599 2693 1696 2731 liber
1711 2694 1797 2730 eius
1810 2691 1857 2729 de
1871 2690 2117 2735 Monarclzia,

1152 2761 1218 2810 qui
1254 2756 1468 2796 catholicos
1507 2756 1718 2804 scriptores
1752 2753 1886 2803 plures
1923 2754 2116 2800 armavit,

1151 2829 1423 2867 censurasque
1447 2816 1736 2854 ecclesiasticas
1758 2816 1794 2852 in
1811 2819 1930 2865 caput
1952 2816 2039 2853 eius
2060 2816 2118 2853 in-

1152 2883 1276 2922 duxit.
1304 2879 1484 2919 Nicolaus
1506 2879 1679 2916 Francus
1703 2878 1935 2916 'l'arvisinus
1959 2878 2120 2927 Episco-

1151 2955 1226 2996 pus
1249 2948 1289 2982 et
1313 2944 1348 2980 in
1373 2945 1453 2979 toto
1477 2941 1626 2978 Veneto
1661 2939 1831 2978 dominio
1869 2938 2120 2990 Apostolicus

1151 3007 1326 3057 legatus,
1352 3005 1389 3041 in
1416 3004 1499 3041 suis
1536 3001 1886 3040 constitutionibus
1922 3000 1970 3039 de
1998 3001 2119 3039 refor-

1152 3069 1323 3107 matione
1364 3076 1432 3116 pro
1471 3069 1551 3103 tota
1587 3065 1780 3114 legatione
1819 3074 1889 3101 sua
1915 3062 2018 3101 datis
2054 3073 2116 3100 an.

1154 3131 1246 3169 4494
1276 3127 1454 3174 mandat⁷
1478 3131 1520 3165 ut
1545 3127 1643 3165 infra
1673 3130 1867 3164 statutum
1893 3129 2051 3175 tempus
2074 3125 2119 3163 li-

1154 3193 1267 3231 brum
1294 3192 1368 3228 MS.
1394 3188 1439 3227 (le
1463 3188 1692 3228 ΜοηανσΙιία
1713 3217 1721 3235 ‚
1746 3189 1778 3226 si
1815 3189 1905 3237 quis
1925 3198 2048 3237 penes
2072 3197 2115 3225 se

1156 3255 1335 3293 habuerit
1354 3282 1361 3301 ⁷
1380 3252 1452 3291 sub
1467 3252 1731 3290 anathematis
1754 3262 1877 3301 poena
1899 3249 2115 3288 comburat.

1155 3319 1232 3356 llas
1256 3316 1558 3355 constitutiones
1582 3325 1630 3353 ex
1654 3315 1730 3352 MS.
1756 3312 1888 3352 codice
1912 3313 2116 3352 Tarvisino

1158 3382 1196 3419 in
1219 3390 1305 3419 meo
1330 3378 1591 3421 Conciliorum
1616 3377 1808 3429 supplem.
1826 3380 1919 3415 tom.
1946 3375 1996 3415 VI
2014 3373 2114 3414 dedi.
