2500 3841
920 211 1255 251 DAMIANI

149 287 290 325 Petrus
311 282 518 324 DAMlANl
536 283 571 334 (a
585 283 699 320 Petro
725 283 773 322 de
798 285 981 323 Honestis
1005 285 1037 328 al

95 346 303 398 diligenter
324 344 641 397 distinguendus)
667 350 784 384 natus
808 347 1037 396 Ravennae,

94 408 168 448 An.
195 409 295 449 4006
319 412 359 447 et
382 419 432 447 ex
459 406 611 446 Abbate
638 408 894 458 Pomposiano
916 439 923 458 ,
947 409 1039 447 Ord.

95 473 133 510 S.
163 470 389 519 Benedicti,
413 471 633 521 Episcopus
656 469 853 509 Ostiensis
878 476 918 509 et
949 472 1042 510 Car-

93 532 234 572 dinalis
248 533 322 572 An.
333 535 347 573 4
359 533 434 573 059
445 533 915 584 quumqueabdicatoAn.
926 536 939 573 l
952 534 1039 573 061.

89 595 330 647 Episcopatu
356 595 392 644 b)
418 597 653 634 secessisset
686 596 723 632 in
758 595 1038 644 solitudinem,

92 667 183 696 mox
199 661 333 696 tamen
349 657 398 696 ab
413 656 488 696 An.
509 657 610 696 4063
630 659 784 707 magnis
801 657 918 696 rebus
935 669 1040 696 com-

90 718 285 770 ponendis
308 721 452 758 iterum
476 719 525 758 ab
552 718 777 758 Alexandro
809 721 840 758 ll
861 749 868 767 ,
907 719 1041 758 admo-

91 785 182 830 tus,
206 781 369 821 tandem
392 782 565 822 decessit
589 784 801 821 Faventiae
825 782 899 821 An.
923 782 1036 822 4072.

90 843 186 883 Vide
207 844 398 883 Jacobum
423 844 684 884 Laderchium
706 845 743 882 in
764 846 866 883 Petri
884 847 1037 884 Damia-

90 907 128 944 ni
157 906 264 955 vita,
289 907 321 956 c)
341 907 452 945 Rom.
478 906 593 955 4702,
620 908 653 944 4.
679 908 973 946 Henschonium
998 910 1034 945 111

86 967 197 1007 Actis
232 969 408 1008 Sanctor.
444 969 506 1009 23.
530 969 715 1008 Februar.
742 973 838 1008 tom.
864 970 912 1019 3,
947 981 1032 1020 pag.

89 1031 190 1080 406,
216 1042 299 1082 seq.
323 1032 386 1070 ubi
409 1036 450 1071 et
471 1033 554 1070 vita
583 1031 670 1082 ejus
706 1031 755 1070 ad
795 1031 1034 1082 Liprandum

87 1093 257 1132 Priorem
283 1098 322 1132 et
344 1097 523 1132 caeteros
548 1094 730 1132 Seniores
754 1095 876 1132 eremi
901 1094 1034 1131 Fontis

86 1156 281 1204 Avellani,
301 1158 447 1207 scripta
466 1157 488 1193 a
510 1155 716 1194 JOANNE
738 1155 938 1203 Monaoho,
962 1156 1036 1194 Da-

86 1218 206 1256 miani
241 1218 468 1268 Discipulo,
502 1229 604 1268 quae
643 1217 836 1268 Operibus
878 1229 1035 1268 quoquc

84 1280 289 1328 Damiani⁷
313 1290 391 1318 una
413 1291 506 1319 cum
535 1280 621 1318 aliis
655 1281 792 1319 multis
830 1281 935 1319 vitae
968 1280 1034 1318 de-

86 1341 365 1393 scriptionibus
408 1346 448 1380 et
490 1342 626 1393 elogiis
661 1342 835 1393 praefixa
879 1344 1031 1393 legitur.

85 1405 231 1444 Contra
253 1403 513 1444 Laderchium
538 1415 656 1449 vero,
682 1405 748 1454 qui
775 1405 836 1443 lib.
867 1406 912 1454 4,
937 1416 970 1443 c.
996 1406 1030 1442 8.

84 1467 322 1506 Damianum
345 1466 717 1507 Camaldulensibus
737 1467 1032 1506 accensendum

83 1540 174 1568 esse
196 1534 424 1581 negaverat,
447 1529 698 1581 disputantes
718 1529 940 1581 Philippum
956 1531 1033 1569 Ma-

79 1593 178 1631 riam
201 1592 507 1642 Machiarellum,
532 1593 846 1643 Neapolitanum,
872 1594 910 1630 in
928 1592 1030 1646 Apo-

80 1654 178 1705 logia
200 1666 270 1706 pro
299 1655 337 1694 S.
366 1656 481 1694 Petro
511 1656 699 1694 Damiano
736 1656 870 1694 Italice
898 1655 1027 1705 edita,

78 1716 300 1756 Guidonem
314 1717 518 1756 Grandum
534 1718 571 1755 in
588 1716 933 1757 dissertationibus
957 1719 1029 1757 Ca—

77 1778 419 1829 maldulensibus,
443 1781 572 1819 Lucae
611 1778 713 1819 4707
734 1809 741 1828 ,
779 1781 812 1818 li.
838 1780 1028 1819 disserta-

26 1867 37 1877 .
78 1841 184 1880 tione
205 1841 269 1880 IV.
292 1841 329 1890 d)
354 1845 394 1879 et
417 1841 675 1891 Anonymum
698 1842 731 1889 e)
759 1843 795 1879 in
821 1840 953 1891 Sejani
983 1846 1023 1880 et

76 1902 207 1942 Rufini
230 1902 380 1955 dialogo
403 1903 452 1942 de
472 1902 740 1942 Laderchiaua
764 1903 939 1952 historia,
960 1905 1029 1943 Pa-

79 1967 145 2005 ris.
171 1964 300 2014 ⁴705,
327 1967 362 2004 4.

130 2027 259 2080 Opera
282 2029 461 2068 Damiani
481 2026 599 2078 jussu
623 2027 844 2067 Clementis
869 2029 955 2067 Vlll
975 2059 983 2077 ,
1002 2030 1026 2077 f)

73 2090 229 2142 collegit
252 2091 539 2132 Constantinus
572 2086 813 2141 Cajetanus',
845 2091 1025 2139 Siculus⁷

78 2153 285 2204 tribusque
313 2153 434 2191 tomis
458 2150 593 2200 edidit,
617 2153 764 2192 Romae
787 2153 1025 2203 4606-4608,

75 2217 265 2264 014645,
290 2217 353 2255 fol.
381 2215 534 2255 recusis
573 2216 752 2267 Lugduni
794 2216 921 2265 4623,
961 2215 1024 2254 fol.

75 2289 177 2329 quae
199 2277 319 2317 editio
341 2291 364 2318 a
393 2280 545 2320 Labbeo
569 2286 665 2319 tom.
688 2280 725 2318 2.
749 2292 784 2330 p.
807 2280 876 2319 204
900 2310 910 2327 ,
942 2289 1026 2329 seq.

75 2340 261 2380 distincte
289 2347 534 2382 recensetur.
557 2344 752 2389 Quartum
783 2346 937 2380 tomum
961 2341 1029 2380 ad-

74 2402 185 2452 didit,
208 2403 446 2455 Urbanoque
467 2406 568 2454 VIII,
593 2405 798 2454 inscripsit
824 2403 929 2442 idem
955 2405 1027 2444 Ca-

130 2497 164 2536 a)
185 2497 314 2528 Petrus
342 2499 384 2530 de
415 2500 611 2539 Honestis,
647 2501 795 2531 Clericus
830 2501 1003 2529 Ravennas
1023 2520 1032 2534 ‚

67 2546 225 2587 Regulam
249 2548 492 2580 canonicorum
505 2574 514 2588 ,
533 2558 618 2589 quae
635 2554 724 2580 tomo
745 2552 864 2588 quarto
888 2549 1033 2587 Operum

70 2599 219 2629 ”amiani
242 2596 441 2637 subjicitur-5
468 2598 591 2629 obtulit
612 2601 675 2630 An.
702 2597 793 2628 1114.
816 2597 967 2628 paschali
994 2598 1033 2628 11.

68 2651 187 2688 Papae.
209 2648 286 2678 Fuit
307 2647 467 2678 Damiano
490 2649 592 2678 etiam
624 2649 806 2679 Honesms
835 2647 936 2678 frater
952 2671 962 2686 ,
994 2646 1034 2677 ad

67 2706 168 2737 quem
189 2699 312 2737 opusc.
334 2696 387 2729 48.
412 2701 445 2728 et
468 2697 692 2738 Damianue,
711 2705 813 2737 nepos
830 2698 899 2728 sive
924 2696 1034 2728 fratris

68 2748 153 2779 lilius
176 2746 219 2779 ad
241 2755 341 2786 quem
365 2748 486 2786 Opusc.
509 2747 561 2778 47.
592 2747 652 2778 Sed
675 2751 707 2778 et
730 2747 832 2778 frater
858 2750 938 2778 natu
963 2755 1034 2777 ma-

70 2799 124 2838 jor
147 2797 328 2828 Damianus
344 2821 353 2834 ‚
380 2803 397 2825 a
421 2804 486 2835 quo
513 2800 549 2827 ut
572 2795 614 2826 ab
640 2803 692 2826 am
711 2804 747 2828 ,10
770 2796 946 2835 Pamphilo
962 2797 1034 2827 Eu-

71 2845 188 2878 sebius
213 2845 410 2884 Pamphili,
426 2847 472 2876 ita
496 2853 513 2875 a
537 2844 638 2876 fratrc
662 2846 843 2883 Damiano,
864 2847 919 2884 qui
939 2848 1032 2886 pueri

67 2898 136 2936 ejus
159 2894 362 2935 singularem
385 2903 498 2927 cui-am
525 2900 689 2935 gesserat,
706 2895 834 2926 Petrus
861 2895 1032 2926 Danzz‘am'

70 2945 180 2978 dictus
202 2945 277 2977 fuit.

129 2994 165 3033 b)
186 2984 268 3027 Vide
290 2996 442 3026 Damiani
471 2996 593 3034 opusc.
620 2993 657 3024 10
679 2997 710 3024 ct
734 2994 788 3025 20.

126 3046 158 3084 c)
184 3048 265 3078 Acta
288 3045 391 3077 Erud.
415 3044 495 3076 1705
510 3069 518 3082 ‚
543 3052 618 3084 pag.
642 3043 716 3076 482².

125 3093 160 3134 d)
184 3096 231 3127 ld.
257 3094 357 3133 1709,
379 3102 453 3135 pag.
480 3094 518 3124 12
542 3102 611 3133 seq.
629 3095 801 3125 Memoires
825 3093 864 3123 de
881 3095 1030 3124 Trcvoux

68 3143 170 3182 1709,
194 3152 268 3185 pag.
294 3144 388 3176 1771.

128 3193 160 3233 e)
188 3197 268 3226 Acta
288 3195 390 3227 Erud.
415 3199 494 3226 tom.
521 3195 572 3224 iv.
597 3193 815 3234 supplementi
843 3201 915 3231 pag.
938 3193 969 3223 8.

126 3244 152 3282 Γ)
177 3246 339 3276 Baron'ius
372 3244 412 3276 ad
451 3248 511 3275 An.
537 3243 643 3281 1005,
667 3252 700 3273 ii.
726 3242 762 3273 16
787 3246 814 3273 οι
841 3246 899 3273 An.
927 3241 1028 3280 1072,

67 3302 101 3325 n.
126 3293 180 3325 55.
204 3295 368 3334 Mongitor
399 3294 483 3326 Bibl.
507 3292 638 3325 Siculae
654 3316 662 3328 ‚
687 3296 766 3323 tom.
797 3292 806 3322 1
827 3316 834 3326 ,
860 3300 933 3332 pag.
960 3291 1029 3322 111.

65 3344 154 3375 Obiit
183 3344 359 3386 cajetanus
385 3349 444 3377 An.
477 3344 576 3382 1650,
601 3345 719 3375 aciatis
745 3344 795 3376 llll,

1986 219 2062 258 425

1109 284 1269 334 jetanus
1287 282 1359 322 An.
1387 284 1487 323 4640
1510 315 1517 334 ,
1550 285 1611 323 101.
1642 285 1738 323 Hinc
1769 288 1958 337 repetitae
1982 289 2063 326 edi-

1114 348 1241 384 tiones
1269 347 1510 385 Parisienses
1540 347 1615 386 An.
1642 348 1735 387 4641
1769 380 1777 398 ,
1802 354 1842 387 et
1868 351 1968 388 4663
2002 352 2064 390 101.

1114 420 1215 459 quae
1232 420 1371 447 omnes
1391 413 1561 459 quatuor
1585 415 1713 449 tomos
1733 422 1811 449 uno
1833 423 1908 450 non
1928 413 2062 452 admo-

1114 471 1209 509 dum
1234 471 1362 521 spisso
1383 472 1585 512 volumine
1609 472 1811 512 exhibent.

1172 533 1308 573 TOMO
1331 533 1375 580 Ι,
1393 535 1647 574 continentur
1671 535 1943 587 Epistolarum
1967 537 2065 577 libri

1120 596 1236 642 VIII,
1267 596 1334 644 qui
1360 597 1572 645 separatim
1597 608 1645 635 ex
1666 598 1843 646 Cajetani
1868 602 1901 649 a)
1929 612 2064 639 recen-

1114 658 1223 696 sione
1251 657 1299 695 ad
1337 657 1552 695 Romanam
1596 658 1808 698 editionem
1834 664 1962 701 reensi
1994 675 2063 701 ex-

1114 725 1251 767 stant,
1276 720 1395 758 Paris.
1421 719 1548 767 4609,
1588 721 1621 758 [1.
1663 721 1909 771 Argumenta
1940 725 2065 774 plera-

1111 793 1281 831 rumque
1315 782 1569 831 persequitur
1600 781 1697 820 Lud.
1725 783 1847 822 Ellies
1877 785 1931 824 du
1970 788 2065 834 Pin,

1111 848 1216 881 tomo
1238 843 1336 881 VIII.
1362 842 1458 881 Bibl.
1483 843 1635 882 Eccles.
1653 849 1765 894 parte
1783 846 1819 893 2,
1843 858 1878 896 p.
1897 848 1958 885 84.
1979 860 2063 900 seq.

1109 910 1149 945 et
1176 905 1416 944 Benedictus
1439 906 1617 945 Pictetus
1642 908 1680 944 in
1705 908 1852 945 saeculi
1887 910 1966 958 XI,
2007 911 2064 948 hi-

1109 969 1230 1006 storia
1254 979 1340 1018 pag.
1366 967 1465 1016 632,
1490 978 1601 1019 seqq.
1626 968 1702 1014 Qui
1727 969 1830 1007 inter
1861 970 1935 1009 alia
1964 973 2067 1022 ejus-

1110 1029 1213 1068 modi
1231 1033 1514 1081 monumenta,
1543 1030 1794 1082 Argentorat..
1815 1032 1930 1071 4562.
1948 1034 2066 1072 Fran-

1109 1093 1180 1130 cos.
1219 1093 1321 1132 4644-
1379 1092 1492 1132 4624.
1535 1098 1575 1131 01
1610 1093 1715 1144 apud
1746 1093 1979 1134 Goldastum
2017 1096 2066 1134 de

1108 1155 1330 1194 Monarchia
1356 1155 1513 1206 Imperii
1536 1186 1543 1204 ,
1580 1160 1674 1194 tom.
1699 1157 1735 1196 2.
1765 1157 1863 1209 (aliis
1887 1159 1943 1205 3.)
1978 1170 2064 1210 pag.

1111 1217 1158 1255 43
1182 1222 1301 1267 atque
1325 1217 1415 1256 alibi
1444 1217 1589 1268 legitur
1613 1219 1746 1258 brevis
1770 1223 1966 1259 tractatus
1982 1253 1992 1269 ,
2017 1221 2064 1260 de

1108 1279 1348 1317 correctione
1368 1279 1557 1332 Episcopi
1570 1283 1608 1319 et
1623 1281 1767 1333 Papae,
1794 1294 1870 1320 non
1891 1289 1933 1322 ut
1952 1285 2056 1334 apud

1107 1341 1289 1380 Caveum
1315 1342 1443 1392 legas,
1470 1344 1508 1381 in
1532 1345 1651 1382 tomis
1678 1345 1850 1395 Operum
1881 1347 2061 1385 Damiani

1107 1403 1377 1454 desideratur,
1411 1404 1480 1443 sed
1505 1410 1567 1444 est
1604 1417 1696 1457 pars
1725 1407 1925 1458 Epistolae
1958 1409 2059 1457 XII,

1106 1466 1192 1504 libri
1230 1467 1371 1517 primi,
1412 1468 1582 1518 scriptae
1622 1468 1670 1507 ad
1703 1468 1976 1510 Alexandrum
2013 1473 2057 1510 ll.

1105 1530 1268 1567 Frustra
1292 1530 1410 1578 igitur
1434 1530 1544 1568 velut·
1568 1531 1772 1581 supposita
1791 1543 1861 1583 per
1889 1532 2058 1573 haereti-

1103 1600 1170 1628 cos
1194 1591 1374 1642 arguitur
1397 1602 1419 1629 a
1453 1592 1694 1643 Possevino7
1720 1594 1899 1646 Labbeo,
1930 1597 2056 1636 Natali

1104 1652 1345 1691 Alexandro.
1464 1702 1467 1704 ‚

1158 1715 1296 1754 TOMO
1318 1716 1372 1755 II.
1396 1717 1605 1756 Sermones
1626 1719 1771 1769 LXXV,
1791 1724 1911 1771 atque
1931 1722 1969 1760 in
1996 1722 2056 1760 liis

1102 1778 1339 1817 Sanctorum
1373 1780 1637 1829 quorumdam
1676 1781 1870 1821 Historiae
1912 1795 2055 1824 secun—

1102 1839 1195 1878 dum
1215 1841 1415 1879 mensium
1431 1841 1609 1880 ordinem
1635 1843 1881 1892 distributae,
1904 1845 1952 1885 de
1972 1849 2057 1898 qui-

1102 1901 1177 1939 bus
1191 1899 1347 1950 juvabit
1362 1902 1470 1942 adire
1484 1904 1761 1954 Possevinum,
1772 1907 2053 1960 Vossiumque⁷

1102 1974 1189 2014 pag.
1229 1963 1306 2003 375
1330 1971 1371 2003 et
1396 1965 1596 2005 Labbeum
1622 1971 1720 2007 tom.
1740 1968 1763 2007 2
1784 1997 1791 2015 ,
1822 1980 1910 2021 pag.
1948 1972 2025 2010 202
2044 2003 2053 2019 ,

1102 2037 1186 2076 seq.
1216 2028 1272 2065 De
1296 2028 1377 2066 vita
1401 2028 1440 2066 S.
1471 2027 1682 2067 Romzcaldi
1712 2031 1952 2071 institutoris
1984 2034 2057 2072 Ca-

1102 2088 1410 2128 maldulensium
1432 2119 1439 2137 ‚
1465 2092 1532 2140 qui
1556 2091 1633 2129 An.
1657 2091 1760 2130 4027
1792 2092 1896 2131 diem
1936 2095 2055 2142 obiit,

1102 2149 1299 2189 videndus
1332 2152 1509 2191 Renatus
1538 2154 1685 2204 Μο1111,
1724 2155 1760 2203 b)
1787 2155 1883 2194 libro
1922 2157 2056 2196 Italic-e

1101 2212 1228 2262 edito,
1262 2214 1407 2252 Romae
1439 2214 1567 2263 4707,
1603 2216 1638 2253 8.
1675 2217 1736 2255 Ex
1777 2219 2054 2264 sermonibus,

1101 2286 1270 2325 quorum
1310 2277 1522 2316 nonnullos
1554 2279 1744 2318 Damiano
1776 2285 1933 2331 praeter
1970 2293 2054 2320 rem

1101 2337 1219 2376 tribui
1258 2339 1411 2376 notavit
1433 2339 1676 2390 Raynaudus
1707 2342 1745 2380 in
1770 2344 2056 2383 erotematibus

1101 2399 1150 2437 de
1173 2399 1286 2438 bonis
1309 2405 1350 2439 et
1374 2402 1489 2440 malis
1520 2402 1656 2454 libris,
1681 2415 1720 2454 p.
1745 2404 1813 2444 454
1841 2435 1848 2453 ,
1880 2417 1965 2456 seq.
1992 2407 2055 2445 alii

1103 2462 1206 2499 inter
1239 2463 1280 2501 S.
1316 2463 1590 2503 BERNARDI
1609 2476 1814 2505 sermones
1844 2467 2053 2518 leguntur,

1103 2524 1166 2561 alii
1206 2525 1245 2561 in
1283 2528 1390 2563 tomo
1414 2528 1553 2576 quinto
1577 2528 1767 2566 Bernardi
1791 2529 2051 2578 Mabilloniani

1106 2585 1295 2626 NICOLA
1306 2587 1380 2626 ΠΜ
1413 2588 1772 2628 Claraevallensem
1796 2620 1803 2638 ,
1852 2596 2054 2630 auctorem

1103 2648 1343 2697 praeferunt.
1378 2649 1430 2687 Et
1463 2650 1617 2688 Nicolao
1655 2650 1775 2699 111110,
1810 2656 1895 2691 tum
1934 2655 2052 2692 etiam

1104 2711 1215 2749 Petro
1245 2711 1370 2760 alteri,
1396 2710 1532 2750 itidem
1553 2711 1728 2751 Ostiensi
1752 2714 1958 2765 Episcopo,
1986 2717 2050 2754 vel

1101 2773 1219 2811 ctiam
1240 2773 1354 2811 Petro
1377 2773 1598 2812 Comestori
1628 2774 1724 2812 alios
1745 2774 1876 2814 deberi
1899 2780 2051 2815 notavit

1101 2834 1280 2874 Oudinus
1299 2866 1310 2884 ,
1335 2837 1401 2885 qui
1422 2836 1470 2874 de
1506 2836 1756 2875 sermonibus
1780 2839 1959 2877 Damiani
1984 2840 2051 2878 ad-

1101 2897 1283 2946 eundus,
1306 2902 1398 2936 tom.
1425 2899 1474 2942 2,
1499 2910 1583 2949 pag.
1608 2900 1709 2947 689,
1733 2912 1815 2950 seq.

1157 2959 1293 2999 TOMO
1316 2960 1389 2997 ΙῙῙ.
1418 2960 1618 3012 (mascula
1644 2962 1714 3010 LX,
1737 2974 1903 3013 quorum
1927 2966 1936 3003 1
1968 2994 1975 3009 ,
2000 2964 2046 3003 (le

1098 3021 1174 3071 fide
1199 3021 1395 3061 Cotlioli‘cci
1418 3023 1464 3061 ad
1485 3023 1752 3073 Ambrosium,
1777 3037 1895 3076 quom
1923 3026 2046 3065 filium

1152 3143 1186 3183 a)
1207 3145 1400 3185 cajetanum
1424 3147 1528 3178 multa
1544 3149 1577 3178 in
1595 3149 1723 3187 optimo
1739 3149 1801 3180 lioc
1825 3154 1953 3188 autore,
1966 3159 2051 3191 quac

1093 3196 1124 3225 iii
1151 3195 1315 3226 veteribus
1339 3196 1435 3227 editis
1458 3197 1553 3228 aliter
1576 3197 1761 3238 habebantl‚
1781 3204 1924 3232 mutasse
1940 3204 2053 3241 argui-

1092 3249 1144 3274 1111·
1170 3252 1187 3274 a
1211 3244 1344 3274 Bartliio
1369 3247 1433 3274 Lill
1451 3269 1459 3282 ‚
1477 3245 1513 3276 13
1529 3269 1536 3283 ,
1556 3254 1629 3287 pag.
1647 3246 1742 3279 2512.
1765 3247 2050 3284 Adversariorum.

1154 3293 1187 3331 li)
1210 3297 1285 3323 Aria
1311 3294 1408 3325 Eruli.
1432 3300 1510 3326 tom.
1531 3296 1567 3332 -i,
1585 3296 1748 3336 supplem.
1769 3308 1841 3339 pag.
1861 3300 1932 3331 5258.
1954 3303 2046 3332 110111.

1094 3344 1132 3374 ili,¹
1158 3346 1303 3375 'l'revoiix
1335 3343 1428 3380 1701),
1455 3354 1527 3384 pag.
1555 3346 1642 3377 17412.

1693 3391 1734 3427 :si
