<?xml version="1.0" encoding="UTF-8"?>
<!DOCTYPE html PUBLIC "-//W3C//DTD XHTML 1.0 Transitional//EN"
    "http://www.w3.org/TR/xhtml1/DTD/xhtml1-transitional.dtd">
<html xmlns="http://www.w3.org/1999/xhtml" xml:lang="en" lang="en">
 <head>
  <title>
</title>
<meta http-equiv="Content-Type" content="text/html;charset=utf-8" />
  <meta name='ocr-system' content='tesseract 3.04.00' />
  <meta name='ocr-capabilities' content='ocr_page ocr_carea ocr_par ocr_line ocrx_word'/>
</head>
<body>
  <div class='ocr_page' id='page_1' title='image "./bibliothecalatin01fabruoft_0223.png"; bbox 0 0 2500 3841; ppageno 0'>
   <div class='ocr_carea' id='block_1_1' title="bbox 857 217 1336 257">
    <p class='ocr_par' dir='ltr' id='par_1_1' title="bbox 857 217 1336 257">
     <span class='ocr_line' id='line_1_1' title="bbox 857 217 1336 257; baseline 0.004 -2"><span class='ocrx_word' id='word_1_1' title='bbox 857 217 1336 257; x_wconf 83' lang='lat' dir='ltr'>BENEDICTUS</span> 
     </span>
    </p>
   </div>
   <div class='ocr_carea' id='block_1_2' title="bbox 61 285 1049 2758">
    <p class='ocr_par' dir='ltr' id='par_1_2' title="bbox 68 285 1049 1832">
     <span class='ocr_line' id='line_1_2' title="bbox 93 285 1046 337; baseline -0.006 -4"><span class='ocrx_word' id='word_1_2' title='bbox 93 291 290 333; x_wconf 87' lang='lat' dir='ltr'>leberrimi</span> <span class='ocrx_word' id='word_1_3' title='bbox 313 287 564 328; x_wconf 86' lang='lat' dir='ltr'>Cassinensis</span> <span class='ocrx_word' id='word_1_4' title='bbox 587 285 775 337; x_wconf 83' lang='lat' dir='ltr'>coenobii,</span> <span class='ocrx_word' id='word_1_5' title='bbox 795 288 898 337; x_wconf 91' lang='lat' dir='ltr'>quod</span> <span class='ocrx_word' id='word_1_6' title='bbox 915 290 1046 328; x_wconf 81' lang='lat' dir='ltr'>exciso</span> 
     </span>
     <span class='ocr_line' id='line_1_3' title="bbox 96 347 1049 404; baseline -0.005 -10"><span class='ocrx_word' id='word_1_7' title='bbox 96 356 184 394; x_wconf 90' lang='lat' dir='ltr'>luco</span> <span class='ocrx_word' id='word_1_8' title='bbox 204 351 395 404; x_wconf 86' lang='lat' dir='ltr'>Apollinis</span> <span class='ocrx_word' id='word_1_9' title='bbox 415 347 553 388; x_wconf 75' lang='grc' dir='ltr'><strong>Α.’528</strong></span> <span class='ocrx_word' id='word_1_10' title='bbox 569 350 759 397; x_wconf 77' lang='lat' dir='ltr'>instituit,</span> <span class='ocrx_word' id='word_1_11' title='bbox 780 350 940 400; x_wconf 80' lang='lat' dir='ltr'>ipseque</span> <span class='ocrx_word' id='word_1_12' title='bbox 956 351 1049 389; x_wconf 92' lang='lat' dir='ltr'>obiit</span> 
     </span>
     <span class='ocr_line' id='line_1_4' title="bbox 90 411 1047 456; baseline -0.005 0"><span class='ocrx_word' id='word_1_13' title='bbox 90 415 138 456; x_wconf 88' lang='lat' dir='ltr'>A.</span> <span class='ocrx_word' id='word_1_14' title='bbox 161 416 236 455; x_wconf 83' lang='grc'>543</span> <span class='ocrx_word' id='word_1_15' title='bbox 261 416 379 453; x_wconf 89' lang='lat' dir='ltr'>aetat.</span> <span class='ocrx_word' id='word_1_16' title='bbox 395 412 444 449; x_wconf 88' lang='lat'>63</span> <span class='ocrx_word' id='word_1_17' title='bbox 469 411 560 449; x_wconf 89' lang='lat' dir='ltr'>licet</span> <span class='ocrx_word' id='word_1_18' title='bbox 575 411 638 449; x_wconf 89' lang='lat' dir='ltr'>alii</span> <span class='ocrx_word' id='word_1_19' title='bbox 656 411 731 450; x_wconf 77' lang='grc'>542</span> <span class='ocrx_word' id='word_1_20' title='bbox 750 411 813 450; x_wconf 81' lang='lat' dir='ltr'>vel</span> <span class='ocrx_word' id='word_1_21' title='bbox 833 413 950 450; x_wconf 85' lang='lat' dir='ltr'>etiam</span> <span class='ocrx_word' id='word_1_22' title='bbox 971 413 1047 451; x_wconf 78' lang='grc'><strong>547</strong></span> 
     </span>
     <span class='ocr_line' id='line_1_5' title="bbox 91 473 1047 528; baseline -0.003 -12"><span class='ocrx_word' id='word_1_23' title='bbox 91 480 259 528; x_wconf 91' lang='lat' dir='ltr'>ponunt.</span> <span class='ocrx_word' id='word_1_24' title='bbox 273 474 383 514; x_wconf 84' lang='lat' dir='ltr'>Idem</span> <span class='ocrx_word' id='word_1_25' title='bbox 397 477 535 512; x_wconf 85' lang='lat' dir='ltr'>auctor</span> <span class='ocrx_word' id='word_1_26' title='bbox 553 473 759 511; x_wconf 81' lang='lat' dir='ltr'>clarissimi</span> <span class='ocrx_word' id='word_1_27' title='bbox 780 478 819 511; x_wconf 89' lang='lat' dir='ltr'>et</span> <span class='ocrx_word' id='word_1_28' title='bbox 839 474 1047 524; x_wconf 89' lang='lat' dir='ltr'>latissime,</span> 
     </span>
     <span class='ocr_line' id='line_1_6' title="bbox 90 535 1045 590; baseline -0.004 -12"><span class='ocrx_word' id='word_1_29' title='bbox 90 543 181 590; x_wconf 91' lang='lat' dir='ltr'>post</span> <span class='ocrx_word' id='word_1_30' title='bbox 196 538 302 577; x_wconf 92' lang='lat' dir='ltr'>mille</span> <span class='ocrx_word' id='word_1_31' title='bbox 323 541 363 575; x_wconf 88' lang='lat' dir='ltr'>et</span> <span class='ocrx_word' id='word_1_32' title='bbox 383 535 576 574; x_wconf 84' lang='lat' dir='ltr'>ducentos</span> <span class='ocrx_word' id='word_1_33' title='bbox 595 535 766 586; x_wconf 91' lang='lat' dir='ltr'>amplius</span> <span class='ocrx_word' id='word_1_34' title='bbox 783 541 1045 583; x_wconf 83' lang='lat' dir='ltr'>annos,etiam</span> 
     </span>
     <span class='ocr_line' id='line_1_7' title="bbox 92 597 1047 650; baseline -0.003 -10"><span class='ocrx_word' id='word_1_35' title='bbox 92 612 190 640; x_wconf 89' lang='lat' dir='ltr'>num</span> <span class='ocrx_word' id='word_1_36' title='bbox 225 599 398 650; x_wconf 89' lang='lat' dir='ltr'>vigentis</span> <span class='ocrx_word' id='word_1_37' title='bbox 431 598 579 637; x_wconf 88' lang='lat' dir='ltr'>ordinis</span> <span class='ocrx_word' id='word_1_38' title='bbox 598 597 874 636; x_wconf 88' lang='lat' dir='ltr'>Monachorum</span> <span class='ocrx_word' id='word_1_39' title='bbox 896 598 1047 638; x_wconf 74' lang='lat' dir='ltr'>BENE-</span> 
     </span>
     <span class='ocr_line' id='line_1_8' title="bbox 90 660 1047 711; baseline -0.003 -9"><span class='ocrx_word' id='word_1_40' title='bbox 90 661 418 709; x_wconf 70' lang='lat' dir='ltr'>DICTINORL&#39;M,</span> <span class='ocrx_word' id='word_1_41' title='bbox 442 672 465 699; x_wconf 91' lang='lat' dir='ltr'>a</span> <span class='ocrx_word' id='word_1_42' title='bbox 487 671 565 710; x_wconf 91' lang='lat' dir='ltr'>quo</span> <span class='ocrx_word' id='word_1_43' title='bbox 588 660 700 698; x_wconf 84' lang='lat' dir='ltr'>velut</span> <span class='ocrx_word' id='word_1_44' title='bbox 716 660 871 709; x_wconf 84' lang='lat' dir='ltr'>rami,a)</span> <span class='ocrx_word' id='word_1_45' title='bbox 893 665 1047 711; x_wconf 86' lang='lat' dir='ltr'>praeter</span> 
     </span>
     <span class='ocr_line' id='line_1_9' title="bbox 92 722 1040 773; baseline -0.004 -8"><span class='ocrx_word' id='word_1_46' title='bbox 92 723 363 773; x_wconf 80' lang='lat' dir='ltr'>Cassz‘nenses,</span> <span class='ocrx_word' id='word_1_47' title='bbox 383 723 706 773; x_wconf 79' lang='lat' dir='ltr'>congregationes</span> <span class='ocrx_word' id='word_1_48' title='bbox 724 723 844 760; x_wconf 89' lang='lat' dir='ltr'>variis</span> <span class='ocrx_word' id='word_1_49' title='bbox 864 723 902 760; x_wconf 89' lang='lat' dir='ltr'>in</span> <span class='ocrx_word' id='word_1_50' title='bbox 931 722 1040 771; x_wconf 84' lang='lat' dir='ltr'>locis,</span> 
     </span>
     <span class='ocr_line' id='line_1_10' title="bbox 85 781 1043 835; baseline -0.003 -9"><span class='ocrx_word' id='word_1_51' title='bbox 85 792 127 826; x_wconf 90' lang='lat' dir='ltr'>et</span> <span class='ocrx_word' id='word_1_52' title='bbox 144 787 185 833; x_wconf 90' lang='lat' dir='ltr'>S,</span> <span class='ocrx_word' id='word_1_53' title='bbox 203 785 385 825; x_wconf 78' lang='lat' dir='ltr'>Justz&#39;nae</span> <span class='ocrx_word' id='word_1_54' title='bbox 399 781 446 823; x_wconf 85' lang='lat' dir='ltr'>de</span> <span class='ocrx_word' id='word_1_55' title='bbox 461 783 617 833; x_wconf 80' lang='lat' dir='ltr'>Padua,</span> <span class='ocrx_word' id='word_1_56' title='bbox 633 783 949 835; x_wconf 89' lang='lat' dir='ltr'>propullularunt</span> <span class='ocrx_word' id='word_1_57' title='bbox 966 785 1043 825; x_wconf 87' lang='lat' dir='ltr'>Ca-</span> 
     </span>
     <span class='ocr_line' id='line_1_11' title="bbox 88 845 1042 898; baseline -0.003 -10"><span class='ocrx_word' id='word_1_58' title='bbox 88 847 372 898; x_wconf 79' lang='lat' dir='ltr'>maldulenses‚</span> <span class='ocrx_word' id='word_1_59' title='bbox 397 845 729 894; x_wconf 83' lang='lat' dir='ltr'>Vallumbrosani,</span> <span class='ocrx_word' id='word_1_60' title='bbox 749 845 1042 897; x_wconf 83' lang='lat' dir='ltr'>Cistercz&#39;enses,</span> 
     </span>
     <span class='ocr_line' id='line_1_12' title="bbox 82 907 1042 960; baseline -0.004 -10"><span class='ocrx_word' id='word_1_61' title='bbox 82 912 168 950; x_wconf 90' lang='lat' dir='ltr'>sive</span> <span class='ocrx_word' id='word_1_62' title='bbox 187 909 474 958; x_wconf 83' lang='lat' dir='ltr'>Bernhardini,</span> <span class='ocrx_word' id='word_1_63' title='bbox 494 908 636 949; x_wconf 83' lang='lat' dir='ltr'>Montis</span> <span class='ocrx_word' id='word_1_64' title='bbox 654 907 840 960; x_wconf 73' lang='lat' dir='ltr'>Virqz&#39;nz&#39;s,</span> <span class='ocrx_word' id='word_1_65' title='bbox 859 907 1042 947; x_wconf 81' lang='lat' dir='ltr'>Ordines-</span> 
     </span>
     <span class='ocr_line' id='line_1_13' title="bbox 79 969 1040 1026; baseline -0.005 -14"><span class='ocrx_word' id='word_1_66' title='bbox 79 985 155 1026; x_wconf 83' lang='lat' dir='ltr'>que</span> <span class='ocrx_word' id='word_1_67' title='bbox 174 972 507 1020; x_wconf 83' lang='lat' dir='ltr'>Humiliatorum,</span> <span class='ocrx_word' id='word_1_68' title='bbox 531 969 844 1011; x_wconf 82' lang='lat' dir='ltr'>Caelestinorum</span> <span class='ocrx_word' id='word_1_69' title='bbox 875 975 914 1009; x_wconf 89' lang='lat' dir='ltr'>et</span> <span class='ocrx_word' id='word_1_70' title='bbox 932 970 1040 1008; x_wconf 88' lang='lat' dir='ltr'>Mon-</span> 
     </span>
     <span class='ocr_line' id='line_1_14' title="bbox 81 1032 1040 1085; baseline -0.007 -10"><span class='ocrx_word' id='word_1_71' title='bbox 81 1035 132 1075; x_wconf 81' lang='lat' dir='ltr'>tis</span> <span class='ocrx_word' id='word_1_72' title='bbox 153 1035 309 1084; x_wconf 73' lang='lat' dir='ltr'>Olioeti,</span> <span class='ocrx_word' id='word_1_73' title='bbox 347 1038 388 1074; x_wconf 88' lang='lat' dir='ltr'>et</span> <span class='ocrx_word' id='word_1_74' title='bbox 422 1046 523 1085; x_wconf 88' lang='lat' dir='ltr'>quae</span> <span class='ocrx_word' id='word_1_75' title='bbox 559 1032 634 1072; x_wconf 91' lang='lat' dir='ltr'>An.</span> <span class='ocrx_word' id='word_1_76' title='bbox 671 1032 772 1073; x_wconf 79' lang='grc'><strong>4702</strong></span> <span class='ocrx_word' id='word_1_77' title='bbox 810 1032 1040 1071; x_wconf 83' lang='lat' dir='ltr'>memoriam</span> 
     </span>
     <span class='ocr_line' id='line_1_15' title="bbox 80 1094 1041 1140; baseline -0.008 -2"><span class='ocrx_word' id='word_1_78' title='bbox 80 1099 324 1138; x_wconf 86' lang='lat' dir='ltr'>saecularem</span> <span class='ocrx_word' id='word_1_79' title='bbox 367 1097 632 1136; x_wconf 90' lang='lat' dir='ltr'>institutionis</span> <span class='ocrx_word' id='word_1_80' title='bbox 669 1107 765 1134; x_wconf 87' lang='lat' dir='ltr'>suae</span> <span class='ocrx_word' id='word_1_81' title='bbox 801 1094 1016 1133; x_wconf 85' lang='lat' dir='ltr'>celebravit</span> <span class='ocrx_word' id='word_1_82' title='bbox 1033 1122 1041 1140; x_wconf 91' lang='lat'>‚</span> 
     </span>
     <span class='ocr_line' id='line_1_16' title="bbox 79 1156 1040 1212; baseline -0.007 -12"><span class='ocrx_word' id='word_1_83' title='bbox 79 1159 338 1212; x_wconf 73' lang='lat' dir='ltr'>Conyreyatio</span> <span class='ocrx_word' id='word_1_84' title='bbox 355 1158 570 1199; x_wconf 73' lang='lat' dir='ltr'>Helvetico.</span> <span class='ocrx_word' id='word_1_85' title='bbox 589 1158 627 1208; x_wconf 86' lang='lat' dir='ltr'>b)</span> <span class='ocrx_word' id='word_1_86' title='bbox 647 1158 831 1196; x_wconf 88' lang='lat' dir='ltr'>Memoria</span> <span class='ocrx_word' id='word_1_87' title='bbox 855 1156 894 1194; x_wconf 88' lang='lat' dir='ltr'>S.</span> <span class='ocrx_word' id='word_1_88' title='bbox 914 1157 1040 1194; x_wconf 90' lang='lat' dir='ltr'>Bene-</span> 
     </span>
     <span class='ocr_line' id='line_1_17' title="bbox 77 1216 1040 1270; baseline -0.006 -10"><span class='ocrx_word' id='word_1_89' title='bbox 77 1221 170 1261; x_wconf 83' lang='lat' dir='ltr'>dicti</span> <span class='ocrx_word' id='word_1_90' title='bbox 184 1223 370 1261; x_wconf 82' lang='lat' dir='ltr'>recolitur</span> <span class='ocrx_word' id='word_1_91' title='bbox 388 1223 431 1262; x_wconf 86' lang='grc'>24</span> <span class='ocrx_word' id='word_1_92' title='bbox 458 1221 602 1270; x_wconf 90' lang='lat' dir='ltr'>Martii,</span> <span class='ocrx_word' id='word_1_93' title='bbox 619 1219 668 1258; x_wconf 90' lang='lat' dir='ltr'>ad</span> <span class='ocrx_word' id='word_1_94' title='bbox 683 1230 802 1270; x_wconf 84' lang='lat' dir='ltr'>quem</span> <span class='ocrx_word' id='word_1_95' title='bbox 821 1217 926 1256; x_wconf 91' lang='lat' dir='ltr'>diem</span> <span class='ocrx_word' id='word_1_96' title='bbox 940 1216 1040 1256; x_wconf 88' lang='lat' dir='ltr'>Acta</span> 
     </span>
     <span class='ocr_line' id='line_1_18' title="bbox 77 1279 1040 1333; baseline -0.007 -10"><span class='ocrx_word' id='word_1_97' title='bbox 77 1285 255 1324; x_wconf 88' lang='lat' dir='ltr'>Sanctor.</span> <span class='ocrx_word' id='word_1_98' title='bbox 266 1289 359 1323; x_wconf 89' lang='lat' dir='ltr'>tom.</span> <span class='ocrx_word' id='word_1_99' title='bbox 370 1285 422 1322; x_wconf 90' lang='lat' dir='ltr'>III</span> <span class='ocrx_word' id='word_1_100' title='bbox 437 1283 563 1322; x_wconf 87' lang='lat' dir='ltr'>Martii</span> <span class='ocrx_word' id='word_1_101' title='bbox 579 1294 618 1333; x_wconf 93' lang='lat' dir='ltr'>p.</span> <span class='ocrx_word' id='word_1_102' title='bbox 633 1281 709 1322; x_wconf 83' lang='grc'>274</span> <span class='ocrx_word' id='word_1_103' title='bbox 720 1292 832 1331; x_wconf 84' lang='lat' dir='ltr'>seqq.</span> <span class='ocrx_word' id='word_1_104' title='bbox 847 1279 1040 1318; x_wconf 81' lang='lat' dir='ltr'>exhibent</span> 
     </span>
     <span class='ocr_line' id='line_1_19' title="bbox 75 1341 1040 1395; baseline -0.006 -10"><span class='ocrx_word' id='word_1_105' title='bbox 75 1348 180 1386; x_wconf 88' lang='lat' dir='ltr'>notis</span> <span class='ocrx_word' id='word_1_106' title='bbox 191 1347 427 1386; x_wconf 86' lang='lat' dir='ltr'>illustratam</span> <span class='ocrx_word' id='word_1_107' title='bbox 438 1346 562 1383; x_wconf 90' lang='lat' dir='ltr'>vitam</span> <span class='ocrx_word' id='word_1_108' title='bbox 581 1343 668 1395; x_wconf 88' lang='lat' dir='ltr'>ejus</span> <span class='ocrx_word' id='word_1_109' title='bbox 684 1344 873 1393; x_wconf 87' lang='lat' dir='ltr'>scriptam</span> <span class='ocrx_word' id='word_1_110' title='bbox 889 1341 1040 1381; x_wconf 89' lang='lat' dir='ltr'>aGRE—</span> 
     </span>
     <span class='ocr_line' id='line_1_20' title="bbox 73 1405 1037 1459; baseline -0.007 -11"><span class='ocrx_word' id='word_1_111' title='bbox 73 1409 227 1448; x_wconf 87' lang='lat' dir='ltr'>GORIO</span> <span class='ocrx_word' id='word_1_112' title='bbox 246 1410 384 1459; x_wconf 89' lang='lat' dir='ltr'>Magno</span> <span class='ocrx_word' id='word_1_113' title='bbox 403 1411 443 1446; x_wconf 89' lang='lat' dir='ltr'>et</span> <span class='ocrx_word' id='word_1_114' title='bbox 466 1407 563 1445; x_wconf 85' lang='lat' dir='ltr'>libro</span> <span class='ocrx_word' id='word_1_115' title='bbox 584 1406 760 1446; x_wconf 89' lang='lat' dir='ltr'>secundo</span> <span class='ocrx_word' id='word_1_116' title='bbox 792 1405 1037 1455; x_wconf 80' lang='lat' dir='ltr'>dialogorum</span> 
     </span>
     <span class='ocr_line' id='line_1_21' title="bbox 72 1468 1037 1518; baseline -0.005 -9"><span class='ocrx_word' id='word_1_117' title='bbox 72 1471 243 1509; x_wconf 87' lang='lat' dir='ltr'>obviam.</span> <span class='ocrx_word' id='word_1_118' title='bbox 262 1471 380 1509; x_wconf 90' lang='lat' dir='ltr'>Plura</span> <span class='ocrx_word' id='word_1_119' title='bbox 400 1470 500 1509; x_wconf 92' lang='lat' dir='ltr'>LEO</span> <span class='ocrx_word' id='word_1_120' title='bbox 524 1471 787 1517; x_wconf 86' lang='lat' dir='ltr'>Marsicanus‚</span> <span class='ocrx_word' id='word_1_121' title='bbox 816 1468 1037 1518; x_wconf 87' lang='lat' dir='ltr'>Episcopus</span> 
     </span>
     <span class='ocr_line' id='line_1_22' title="bbox 72 1526 1038 1576; baseline -0.005 -6"><span class='ocrx_word' id='word_1_122' title='bbox 72 1532 270 1571; x_wconf 89' lang='lat' dir='ltr'>Ostiensis</span> <span class='ocrx_word' id='word_1_123' title='bbox 290 1532 330 1569; x_wconf 92' lang='lat' dir='ltr'>in</span> <span class='ocrx_word' id='word_1_124' title='bbox 351 1531 546 1571; x_wconf 92' lang='lat' dir='ltr'>Chronico</span> <span class='ocrx_word' id='word_1_125' title='bbox 566 1530 714 1569; x_wconf 91' lang='lat' dir='ltr'>montis</span> <span class='ocrx_word' id='word_1_126' title='bbox 733 1529 904 1576; x_wconf 81' lang='lat' dir='ltr'>Cassini,</span> <span class='ocrx_word' id='word_1_127' title='bbox 925 1532 965 1566; x_wconf 85' lang='lat' dir='ltr'>et</span> <span class='ocrx_word' id='word_1_128' title='bbox 988 1526 1038 1566; x_wconf 92' lang='lat' dir='ltr'>ad</span> 
     </span>
     <span class='ocr_line' id='line_1_23' title="bbox 69 1589 1039 1645; baseline -0.007 -12"><span class='ocrx_word' id='word_1_129' title='bbox 69 1606 163 1634; x_wconf 89' lang='lat' dir='ltr'>eum</span> <span class='ocrx_word' id='word_1_130' title='bbox 183 1592 358 1645; x_wconf 75' lang='lat' dir='ltr'>Anyelus</span> <span class='ocrx_word' id='word_1_131' title='bbox 376 1593 424 1633; x_wconf 88' lang='lat' dir='ltr'>de</span> <span class='ocrx_word' id='word_1_132' title='bbox 440 1593 571 1633; x_wconf 79' lang='lat' dir='ltr'>Nuce.-</span> <span class='ocrx_word' id='word_1_133' title='bbox 594 1597 681 1631; x_wconf 91' lang='lat' dir='ltr'>tum</span> <span class='ocrx_word' id='word_1_134' title='bbox 709 1589 963 1632; x_wconf 74' lang='lat' dir='ltr'>Mabillonius</span> <span class='ocrx_word' id='word_1_135' title='bbox 993 1589 1039 1627; x_wconf 89' lang='lat' dir='ltr'>li-</span> 
     </span>
     <span class='ocr_line' id='line_1_24' title="bbox 68 1651 1038 1707; baseline -0.007 -12"><span class='ocrx_word' id='word_1_136' title='bbox 68 1657 149 1696; x_wconf 91' lang='lat' dir='ltr'>bris</span> <span class='ocrx_word' id='word_1_137' title='bbox 164 1657 342 1707; x_wconf 88' lang='lat' dir='ltr'>quinque</span> <span class='ocrx_word' id='word_1_138' title='bbox 361 1656 557 1707; x_wconf 86' lang='lat' dir='ltr'>prioribus</span> <span class='ocrx_word' id='word_1_139' title='bbox 577 1654 792 1694; x_wconf 87' lang='lat' dir='ltr'>Annalium</span> <span class='ocrx_word' id='word_1_140' title='bbox 815 1651 1038 1692; x_wconf 86' lang='lat' dir='ltr'>Benedicti-</span> 
     </span>
     <span class='ocr_line' id='line_1_25' title="bbox 69 1715 1031 1767; baseline -0.007 -10"><span class='ocrx_word' id='word_1_141' title='bbox 69 1723 229 1767; x_wconf 83' lang='lat' dir='ltr'>norum‚</span> <span class='ocrx_word' id='word_1_142' title='bbox 246 1723 287 1757; x_wconf 92' lang='lat' dir='ltr'>et</span> <span class='ocrx_word' id='word_1_143' title='bbox 303 1719 341 1756; x_wconf 93' lang='lat' dir='ltr'>in</span> <span class='ocrx_word' id='word_1_144' title='bbox 357 1718 470 1758; x_wconf 89' lang='lat' dir='ltr'>Actis</span> <span class='ocrx_word' id='word_1_145' title='bbox 486 1719 722 1757; x_wconf 89' lang='lat' dir='ltr'>Sanctorum</span> <span class='ocrx_word' id='word_1_146' title='bbox 742 1715 1031 1756; x_wconf 90' lang='lat' dir='ltr'>Benedictinor.</span> 
     </span>
     <span class='ocr_line' id='line_1_26' title="bbox 68 1781 341 1832; baseline -0.004 -13"><span class='ocrx_word' id='word_1_147' title='bbox 68 1785 177 1819; x_wconf 87' lang='lat' dir='ltr'>tomo</span> <span class='ocrx_word' id='word_1_148' title='bbox 199 1781 341 1832; x_wconf 91' lang='lat' dir='ltr'>primo.</span> 
     </span>
    </p>

    <p class='ocr_par' dir='ltr' id='par_1_3' title="bbox 61 1838 1033 2758">
     <span class='ocr_line' id='line_1_27' title="bbox 121 1838 1031 1894; baseline -0.007 -12"><span class='ocrx_word' id='word_1_149' title='bbox 121 1841 292 1894; x_wconf 75' lang='lat' dir='ltr'>Requlae</span> <span class='ocrx_word' id='word_1_150' title='bbox 321 1843 361 1882; x_wconf 93' lang='lat' dir='ltr'>S.</span> <span class='ocrx_word' id='word_1_151' title='bbox 405 1841 609 1881; x_wconf 80' lang='lat' dir='ltr'>Benedicti</span> <span class='ocrx_word' id='word_1_152' title='bbox 638 1841 833 1893; x_wconf 88' lang='lat' dir='ltr'>capitibus</span> <span class='ocrx_word' id='word_1_153' title='bbox 870 1838 1031 1879; x_wconf 83' lang='lat' dir='ltr'>LXXIII</span> 
     </span>
     <span class='ocr_line' id='line_1_28' title="bbox 69 1904 1027 1956; baseline -0.003 -11"><span class='ocrx_word' id='word_1_154' title='bbox 69 1917 190 1956; x_wconf 91' lang='lat' dir='ltr'>quam</span> <span class='ocrx_word' id='word_1_155' title='bbox 211 1905 413 1945; x_wconf 89' lang='lat' dir='ltr'>Monachis</span> <span class='ocrx_word' id='word_1_156' title='bbox 434 1905 712 1956; x_wconf 76' lang='lat' dir='ltr'>praescripsit,</span> <span class='ocrx_word' id='word_1_157' title='bbox 736 1904 871 1955; x_wconf 88' lang='lat' dir='ltr'>plures</span> <span class='ocrx_word' id='word_1_158' title='bbox 894 1904 1027 1943; x_wconf 85' lang='lat' dir='ltr'>ferun-</span> 
     </span>
     <span class='ocr_line' id='line_1_29' title="bbox 67 1965 1029 2016; baseline -0.003 -10"><span class='ocrx_word' id='word_1_159' title='bbox 67 1972 134 2006; x_wconf 90' lang='lat' dir='ltr'>tnr</span> <span class='ocrx_word' id='word_1_160' title='bbox 147 1978 224 2006; x_wconf 90' lang='lat' dir='ltr'>non</span> <span class='ocrx_word' id='word_1_161' title='bbox 254 1966 448 2006; x_wconf 89' lang='lat' dir='ltr'>editiones</span> <span class='ocrx_word' id='word_1_162' title='bbox 467 1965 582 2005; x_wconf 91' lang='lat' dir='ltr'>modo</span> <span class='ocrx_word' id='word_1_163' title='bbox 601 1977 726 2016; x_wconf 89' lang='lat' dir='ltr'>,quas</span> <span class='ocrx_word' id='word_1_164' title='bbox 744 1966 849 2005; x_wconf 92' lang='lat' dir='ltr'>ultra</span> <span class='ocrx_word' id='word_1_165' title='bbox 866 1970 1029 2005; x_wconf 88' lang='lat' dir='ltr'>centum</span> 
     </span>
     <span class='ocr_line' id='line_1_30' title="bbox 66 2027 1030 2080; baseline -0.003 -12"><span class='ocrx_word' id='word_1_166' title='bbox 66 2028 149 2080; x_wconf 88' lang='lat' dir='ltr'>jam</span> <span class='ocrx_word' id='word_1_167' title='bbox 172 2028 290 2068; x_wconf 91' lang='lat' dir='ltr'>Anno</span> <span class='ocrx_word' id='word_1_168' title='bbox 311 2030 413 2069; x_wconf 85' lang='grc'><strong>4595</strong></span> <span class='ocrx_word' id='word_1_169' title='bbox 433 2029 668 2068; x_wconf 90' lang='lat' dir='ltr'>numerabat</span> <span class='ocrx_word' id='word_1_170' title='bbox 681 2027 880 2067; x_wconf 90' lang='lat' dir='ltr'>Arnoldus</span> <span class='ocrx_word' id='word_1_171' title='bbox 900 2028 1030 2075; x_wconf 91' lang='lat' dir='ltr'>Wion‚</span> 
     </span>
     <span class='ocr_line' id='line_1_31' title="bbox 67 2087 1032 2142; baseline -0.005 -12"><span class='ocrx_word' id='word_1_172' title='bbox 67 2091 136 2142; x_wconf 92' lang='lat' dir='ltr'>qui</span> <span class='ocrx_word' id='word_1_173' title='bbox 159 2095 204 2130; x_wconf 91' lang='lat' dir='ltr'>et</span> <span class='ocrx_word' id='word_1_174' title='bbox 226 2091 311 2142; x_wconf 88' lang='lat' dir='ltr'>ipse</span> <span class='ocrx_word' id='word_1_175' title='bbox 333 2102 422 2130; x_wconf 92' lang='lat' dir='ltr'>eam</span> <span class='ocrx_word' id='word_1_176' title='bbox 446 2090 627 2141; x_wconf 88' lang='lat' dir='ltr'>vulgavit</span> <span class='ocrx_word' id='word_1_177' title='bbox 650 2090 775 2128; x_wconf 88' lang='lat' dir='ltr'>forma</span> <span class='ocrx_word' id='word_1_178' title='bbox 793 2089 945 2127; x_wconf 88' lang='lat' dir='ltr'>minore</span> <span class='ocrx_word' id='word_1_179' title='bbox 955 2087 1032 2126; x_wconf 88' lang='lat' dir='ltr'>Ve-</span> 
     </span>
     <span class='ocr_line' id='line_1_32' title="bbox 67 2151 1030 2200; baseline -0.002 -8"><span class='ocrx_word' id='word_1_180' title='bbox 67 2154 186 2193; x_wconf 91' lang='lat' dir='ltr'>netiis</span> <span class='ocrx_word' id='word_1_181' title='bbox 224 2153 337 2193; x_wconf 88' lang='grc'><strong>4593.</strong></span> <span class='ocrx_word' id='word_1_182' title='bbox 359 2152 431 2192; x_wconf 90' lang='lat' dir='ltr'>sed</span> <span class='ocrx_word' id='word_1_183' title='bbox 460 2153 668 2191; x_wconf 87' lang='lat' dir='ltr'>versiones</span> <span class='ocrx_word' id='word_1_184' title='bbox 686 2152 831 2200; x_wconf 86' lang='lat' dir='ltr'>etiam,</span> <span class='ocrx_word' id='word_1_185' title='bbox 855 2151 1030 2200; x_wconf 87' lang='lat' dir='ltr'>Graeca,</span> 
     </span>
     <span class='ocr_line' id='line_1_33' title="bbox 65 2213 1032 2266; baseline -0.004 -11"><span class='ocrx_word' id='word_1_186' title='bbox 65 2215 401 2266; x_wconf 83' lang='lat' dir='ltr'>Anglosaxonica,</span> <span class='ocrx_word' id='word_1_187' title='bbox 420 2215 593 2254; x_wconf 83' lang='lat' dir='ltr'>Gallicae</span> <span class='ocrx_word' id='word_1_188' title='bbox 610 2245 618 2264; x_wconf 94' lang='lat'>,</span> <span class='ocrx_word' id='word_1_189' title='bbox 648 2214 807 2252; x_wconf 86' lang='lat' dir='ltr'>Italicae</span> <span class='ocrx_word' id='word_1_190' title='bbox 822 2245 834 2263; x_wconf 88' lang='lat'>,</span> <span class='ocrx_word' id='word_1_191' title='bbox 868 2213 1032 2252; x_wconf 90' lang='lat' dir='ltr'>Germa-</span> 
     </span>
     <span class='ocr_line' id='line_1_34' title="bbox 66 2274 1033 2328; baseline -0.002 -13"><span class='ocrx_word' id='word_1_192' title='bbox 66 2278 178 2317; x_wconf 89' lang='lat' dir='ltr'>nicae</span> <span class='ocrx_word' id='word_1_193' title='bbox 196 2278 375 2328; x_wconf 88' lang='lat' dir='ltr'>aliaeque</span> <span class='ocrx_word' id='word_1_194' title='bbox 392 2290 401 2316; x_wconf 91' lang='lat'><strong>:</strong></span> <span class='ocrx_word' id='word_1_195' title='bbox 418 2281 458 2317; x_wconf 89' lang='lat' dir='ltr'>et</span> <span class='ocrx_word' id='word_1_196' title='bbox 472 2278 511 2315; x_wconf 92' lang='lat' dir='ltr'>in</span> <span class='ocrx_word' id='word_1_197' title='bbox 531 2288 620 2316; x_wconf 91' lang='lat' dir='ltr'>eam</span> <span class='ocrx_word' id='word_1_198' title='bbox 643 2276 937 2317; x_wconf 85' lang='lat' dir='ltr'>Commentaria</span> <span class='ocrx_word' id='word_1_199' title='bbox 958 2274 1033 2313; x_wconf 84' lang='lat' dir='ltr'>Ar-</span> 
     </span>
     <span class='ocr_line' id='line_1_35' title="bbox 63 2337 1027 2391; baseline -0.003 -13"><span class='ocrx_word' id='word_1_200' title='bbox 63 2340 179 2379; x_wconf 91' lang='lat' dir='ltr'>nonis</span> <span class='ocrx_word' id='word_1_201' title='bbox 193 2339 399 2391; x_wconf 87' lang='lat' dir='ltr'>Smaragdi</span> <span class='ocrx_word' id='word_1_202' title='bbox 417 2371 426 2390; x_wconf 95' lang='lat'>,</span> <span class='ocrx_word' id='word_1_203' title='bbox 441 2339 632 2378; x_wconf 88' lang='lat' dir='ltr'>Johannis</span> <span class='ocrx_word' id='word_1_204' title='bbox 648 2337 697 2377; x_wconf 89' lang='lat' dir='ltr'>de</span> <span class='ocrx_word' id='word_1_205' title='bbox 712 2340 1027 2386; x_wconf 86' lang='lat' dir='ltr'>Turrecremata‚</span> 
     </span>
     <span class='ocr_line' id='line_1_36' title="bbox 62 2399 1030 2451; baseline -0.004 -10"><span class='ocrx_word' id='word_1_206' title='bbox 62 2403 167 2442; x_wconf 89' lang='lat' dir='ltr'>Petri</span> <span class='ocrx_word' id='word_1_207' title='bbox 208 2403 335 2442; x_wconf 72' lang='lat' dir='ltr'>Boerii</span> <span class='ocrx_word' id='word_1_208' title='bbox 353 2431 362 2451; x_wconf 85' lang='lat'>,</span> <span class='ocrx_word' id='word_1_209' title='bbox 395 2402 537 2441; x_wconf 90' lang='lat' dir='ltr'>Leonis</span> <span class='ocrx_word' id='word_1_210' title='bbox 579 2401 776 2439; x_wconf 90' lang='lat' dir='ltr'>Ostiensis</span> <span class='ocrx_word' id='word_1_211' title='bbox 793 2431 802 2450; x_wconf 92' lang='lat'>,</span> <span class='ocrx_word' id='word_1_212' title='bbox 834 2403 880 2438; x_wconf 88' lang='lat' dir='ltr'>ut</span> <span class='ocrx_word' id='word_1_213' title='bbox 915 2399 1030 2449; x_wconf 85' lang='lat' dir='ltr'>plura</span> 
     </span>
     <span class='ocr_line' id='line_1_37' title="bbox 64 2461 1029 2514; baseline -0.004 -12"><span class='ocrx_word' id='word_1_214' title='bbox 64 2464 329 2504; x_wconf 85' lang='lat' dir='ltr'>recentiorum</span> <span class='ocrx_word' id='word_1_215' title='bbox 345 2475 368 2502; x_wconf 88' lang='lat' dir='ltr'>a</span> <span class='ocrx_word' id='word_1_216' title='bbox 382 2464 545 2514; x_wconf 89' lang='lat' dir='ltr'>Lipenio</span> <span class='ocrx_word' id='word_1_217' title='bbox 561 2467 602 2502; x_wconf 89' lang='lat' dir='ltr'>et</span> <span class='ocrx_word' id='word_1_218' title='bbox 616 2461 877 2501; x_wconf 90' lang='lat' dir='ltr'>Hendreichio</span> <span class='ocrx_word' id='word_1_219' title='bbox 893 2464 1029 2499; x_wconf 82' lang='lat' dir='ltr'>notata</span> 
     </span>
     <span class='ocr_line' id='line_1_38' title="bbox 63 2523 1028 2574; baseline -0.004 -11"><span class='ocrx_word' id='word_1_220' title='bbox 63 2525 255 2563; x_wconf 88' lang='lat' dir='ltr'>omittam.</span> <span class='ocrx_word' id='word_1_221' title='bbox 269 2524 332 2563; x_wconf 87' lang='lat' dir='ltr'>Ex</span> <span class='ocrx_word' id='word_1_222' title='bbox 346 2523 593 2563; x_wconf 86' lang='lat' dir='ltr'>editionibus</span> <span class='ocrx_word' id='word_1_223' title='bbox 608 2527 784 2574; x_wconf 89' lang='lat' dir='ltr'>praestat</span> <span class='ocrx_word' id='word_1_224' title='bbox 799 2533 918 2573; x_wconf 86' lang='lat' dir='ltr'>quam</span> <span class='ocrx_word' id='word_1_225' title='bbox 938 2525 1028 2572; x_wconf 89' lang='lat' dir='ltr'>post</span> 
     </span>
     <span class='ocr_line' id='line_1_39' title="bbox 61 2585 1029 2636; baseline -0.005 -10"><span class='ocrx_word' id='word_1_226' title='bbox 61 2585 226 2626; x_wconf 88' lang='lat' dir='ltr'>Auberti</span> <span class='ocrx_word' id='word_1_227' title='bbox 251 2586 369 2624; x_wconf 88' lang='lat' dir='ltr'>Mirae</span> <span class='ocrx_word' id='word_1_228' title='bbox 405 2585 590 2625; x_wconf 88' lang='lat' dir='ltr'>Codicem</span> <span class='ocrx_word' id='word_1_229' title='bbox 626 2585 852 2636; x_wconf 89' lang='lat' dir='ltr'>regularum</span> <span class='ocrx_word' id='word_1_230' title='bbox 876 2587 915 2622; x_wconf 90' lang='lat' dir='ltr'>et</span> <span class='ocrx_word' id='word_1_231' title='bbox 936 2594 1029 2622; x_wconf 91' lang='lat' dir='ltr'>con-</span> 
     </span>
     <span class='ocr_line' id='line_1_40' title="bbox 64 2645 1025 2698; baseline -0.004 -11"><span class='ocrx_word' id='word_1_232' title='bbox 64 2648 339 2696; x_wconf 88' lang='lat' dir='ltr'>stitutionum,</span> <span class='ocrx_word' id='word_1_233' title='bbox 354 2646 562 2698; x_wconf 88' lang='lat' dir='ltr'>Antwerp.</span> <span class='ocrx_word' id='word_1_234' title='bbox 582 2647 684 2686; x_wconf 97' lang='grc'><strong>4638</strong></span> <span class='ocrx_word' id='word_1_235' title='bbox 701 2647 763 2685; x_wconf 81' lang='lat' dir='ltr'>fol.</span> <span class='ocrx_word' id='word_1_236' title='bbox 780 2645 1025 2685; x_wconf 84' lang='lat' dir='ltr'>deditLucas</span> 
     </span>
     <span class='ocr_line' id='line_1_41' title="bbox 62 2707 1024 2758; baseline -0.003 -10"><span class='ocrx_word' id='word_1_237' title='bbox 62 2707 289 2749; x_wconf 82' lang='lat' dir='ltr'>Holstenius</span> <span class='ocrx_word' id='word_1_238' title='bbox 320 2709 361 2746; x_wconf 92' lang='lat' dir='ltr'>in</span> <span class='ocrx_word' id='word_1_239' title='bbox 399 2707 542 2748; x_wconf 88' lang='lat' dir='ltr'>Codice</span> <span class='ocrx_word' id='word_1_240' title='bbox 578 2708 816 2758; x_wconf 87' lang='lat' dir='ltr'>Regularum</span> <span class='ocrx_word' id='word_1_241' title='bbox 840 2707 885 2755; x_wconf 90' lang='lat' dir='ltr'>c)</span> <span class='ocrx_word' id='word_1_242' title='bbox 915 2707 1024 2745; x_wconf 85' lang='lat' dir='ltr'>Rom.</span> 
     </span>
    </p>
   </div>
   <div class='ocr_carea' id='block_1_3' title="bbox 57 2793 1036 3380">
    <p class='ocr_par' dir='ltr' id='par_1_4' title="bbox 116 2793 1030 2836">
     <span class='ocr_line' id='line_1_42' title="bbox 116 2793 1030 2836; baseline -0.002 -8"><span class='ocrx_word' id='word_1_243' title='bbox 116 2796 150 2836; x_wconf 90' lang='lat' dir='ltr'>a)</span> <span class='ocrx_word' id='word_1_244' title='bbox 167 2796 249 2828; x_wconf 82' lang='lat' dir='ltr'>Vide</span> <span class='ocrx_word' id='word_1_245' title='bbox 263 2794 444 2827; x_wconf 78' lang='lat' dir='ltr'>Arnoldum</span> <span class='ocrx_word' id='word_1_246' title='bbox 460 2795 556 2826; x_wconf 84' lang='lat' dir='ltr'>Wion</span> <span class='ocrx_word' id='word_1_247' title='bbox 573 2793 662 2825; x_wconf 90' lang='lat' dir='ltr'>libro</span> <span class='ocrx_word' id='word_1_248' title='bbox 683 2796 792 2834; x_wconf 86' lang='lat' dir='ltr'>primo</span> <span class='ocrx_word' id='word_1_249' title='bbox 809 2795 904 2834; x_wconf 88' lang='lat' dir='ltr'>Ligni</span> <span class='ocrx_word' id='word_1_250' title='bbox 922 2795 1030 2826; x_wconf 83' lang='lat' dir='ltr'>Vitae.</span> 
     </span>
    </p>

    <p class='ocr_par' dir='ltr' id='par_1_5' title="bbox 59 2843 1033 2936">
     <span class='ocr_line' id='line_1_43' title="bbox 118 2843 1033 2887; baseline -0.004 -9"><span class='ocrx_word' id='word_1_251' title='bbox 118 2846 155 2887; x_wconf 94' lang='lat' dir='ltr'>b)</span> <span class='ocrx_word' id='word_1_252' title='bbox 180 2847 256 2878; x_wconf 84' lang='lat' dir='ltr'>Idea</span> <span class='ocrx_word' id='word_1_253' title='bbox 278 2845 376 2885; x_wconf 85' lang='lat' dir='ltr'>hujus</span> <span class='ocrx_word' id='word_1_254' title='bbox 391 2845 667 2884; x_wconf 78' lang='lat' dir='ltr'>congregationis</span> <span class='ocrx_word' id='word_1_255' title='bbox 689 2843 778 2875; x_wconf 87' lang='lat' dir='ltr'>edita</span> <span class='ocrx_word' id='word_1_256' title='bbox 798 2851 816 2874; x_wconf 86' lang='lat' dir='ltr'>a</span> <span class='ocrx_word' id='word_1_257' title='bbox 834 2845 934 2874; x_wconf 83' lang='lat' dir='ltr'>Musis</span> <span class='ocrx_word' id='word_1_258' title='bbox 951 2845 1033 2874; x_wconf 85' lang='lat' dir='ltr'>San-</span> 
     </span>
     <span class='ocr_line' id='line_1_44' title="bbox 59 2891 1026 2936; baseline -0.004 -8"><span class='ocrx_word' id='word_1_259' title='bbox 59 2894 264 2936; x_wconf 80' lang='lat' dir='ltr'>gallensibus</span> <span class='ocrx_word' id='word_1_260' title='bbox 284 2893 364 2926; x_wconf 82' lang='grc'><strong>1702</strong></span> <span class='ocrx_word' id='word_1_261' title='bbox 386 2892 440 2925; x_wconf 83' lang='lat' dir='ltr'>sol.</span> <span class='ocrx_word' id='word_1_262' title='bbox 463 2896 543 2925; x_wconf 80' lang='lat' dir='ltr'>Acta</span> <span class='ocrx_word' id='word_1_263' title='bbox 564 2893 777 2924; x_wconf 82' lang='lat' dir='ltr'>Eruditorum</span> <span class='ocrx_word' id='word_1_264' title='bbox 801 2891 882 2922; x_wconf 88' lang='grc'>1708</span> <span class='ocrx_word' id='word_1_265' title='bbox 899 2901 931 2932; x_wconf 85' lang='grc' dir='ltr'>ρ.</span> <span class='ocrx_word' id='word_1_266' title='bbox 952 2892 1026 2924; x_wconf 81' lang='grc'><strong>201.</strong></span> 
     </span>
    </p>

    <p class='ocr_par' dir='ltr' id='par_1_6' title="bbox 57 2942 1036 3380">
     <span class='ocr_line' id='line_1_45' title="bbox 122 2942 1036 2985; baseline -0.005 -7"><span class='ocrx_word' id='word_1_267' title='bbox 122 2944 155 2985; x_wconf 95' lang='lat' dir='ltr'>c)</span> <span class='ocrx_word' id='word_1_268' title='bbox 179 2947 217 2977; x_wconf 91' lang='lat' dir='ltr'>ln</span> <span class='ocrx_word' id='word_1_269' title='bbox 239 2945 303 2977; x_wconf 87' lang='lat' dir='ltr'>hoc</span> <span class='ocrx_word' id='word_1_270' title='bbox 327 2943 448 2977; x_wconf 81' lang='lat' dir='ltr'>Codice</span> <span class='ocrx_word' id='word_1_271' title='bbox 465 2943 653 2974; x_wconf 78' lang='lat' dir='ltr'>Holstenius</span> <span class='ocrx_word' id='word_1_272' title='bbox 671 2946 744 2982; x_wconf 89' lang='lat' dir='ltr'>post</span> <span class='ocrx_word' id='word_1_273' title='bbox 762 2942 902 2981; x_wconf 82' lang='lat' dir='ltr'>Regulas</span> <span class='ocrx_word' id='word_1_274' title='bbox 920 2943 1036 2974; x_wconf 78' lang='lat' dir='ltr'>Mona-</span> 
     </span>
     <span class='ocr_line' id='line_1_46' title="bbox 57 2991 1024 3031; baseline -0.005 -4"><span class='ocrx_word' id='word_1_275' title='bbox 57 2995 158 3027; x_wconf 87' lang='lat' dir='ltr'>sticas</span> <span class='ocrx_word' id='word_1_276' title='bbox 181 2993 404 3026; x_wconf 84' lang='lat' dir='ltr'>Orientalium</span> <span class='ocrx_word' id='word_1_277' title='bbox 420 2995 557 3031; x_wconf 84' lang='lat' dir='ltr'>Patrum</span> <span class='ocrx_word' id='word_1_278' title='bbox 581 2994 697 3023; x_wconf 85' lang='lat' dir='ltr'>Latina</span> <span class='ocrx_word' id='word_1_279' title='bbox 721 2992 848 3031; x_wconf 84' lang='lat' dir='ltr'>pridem</span> <span class='ocrx_word' id='word_1_280' title='bbox 865 2999 882 3022; x_wconf 89' lang='lat' dir='ltr'>e</span> <span class='ocrx_word' id='word_1_281' title='bbox 900 2991 1024 3023; x_wconf 90' lang='lat' dir='ltr'>Graeco</span> 
     </span>
     <span class='ocr_line' id='line_1_47' title="bbox 61 3042 1025 3083; baseline -0.004 -7"><span class='ocrx_word' id='word_1_282' title='bbox 61 3052 80 3076; x_wconf 83' lang='lat' dir='ltr'>a</span> <span class='ocrx_word' id='word_1_283' title='bbox 105 3045 206 3076; x_wconf 82' lang='lat' dir='ltr'>variis</span> <span class='ocrx_word' id='word_1_284' title='bbox 229 3043 374 3075; x_wconf 88' lang='lat' dir='ltr'>redditas</span> <span class='ocrx_word' id='word_1_285' title='bbox 399 3045 450 3074; x_wconf 90' lang='lat' dir='ltr'><strong>SS.</strong></span> <span class='ocrx_word' id='word_1_286' title='bbox 472 3042 638 3074; x_wconf 78' lang='lat' dir='ltr'>Abbatum</span> <span class='ocrx_word' id='word_1_287' title='bbox 672 3043 807 3072; x_wconf 79' lang='lat' dir='ltr'>Antonii</span> <span class='ocrx_word' id='word_1_288' title='bbox 831 3045 864 3083; x_wconf 79' lang='lat' dir='ltr'>et</span> <span class='ocrx_word' id='word_1_289' title='bbox 891 3042 996 3072; x_wconf 80' lang='lat' dir='ltr'>Isaiae</span> <span class='ocrx_word' id='word_1_290' title='bbox 1015 3063 1025 3079; x_wconf 94' lang='lat'>,</span> 
     </span>
     <span class='ocr_line' id='line_1_48' title="bbox 59 3090 1026 3133; baseline -0.004 -9"><span class='ocrx_word' id='word_1_291' title='bbox 59 3095 110 3124; x_wconf 91' lang='lat' dir='ltr'><strong>SS.</strong></span> <span class='ocrx_word' id='word_1_292' title='bbox 132 3094 270 3124; x_wconf 83' lang='lat' dir='ltr'>Patrum</span> <span class='ocrx_word' id='word_1_293' title='bbox 286 3093 474 3133; x_wconf 88' lang='lat' dir='ltr'>Serapionis</span> <span class='ocrx_word' id='word_1_294' title='bbox 488 3117 498 3131; x_wconf 91' lang='lat'>,</span> <span class='ocrx_word' id='word_1_295' title='bbox 514 3093 649 3124; x_wconf 81' lang='lat' dir='ltr'>Macarii</span> <span class='ocrx_word' id='word_1_296' title='bbox 664 3116 674 3129; x_wconf 91' lang='lat'>‚</span> <span class='ocrx_word' id='word_1_297' title='bbox 693 3091 895 3130; x_wconf 75' lang='lat' dir='ltr'>paphnutii,</span> <span class='ocrx_word' id='word_1_298' title='bbox 922 3093 954 3122; x_wconf 86' lang='lat' dir='ltr'>et</span> <span class='ocrx_word' id='word_1_299' title='bbox 975 3090 1026 3120; x_wconf 89' lang='grc'>31-</span> 
     </span>
     <span class='ocr_line' id='line_1_49' title="bbox 57 3139 1025 3178; baseline -0.004 -4"><span class='ocrx_word' id='word_1_300' title='bbox 57 3143 164 3174; x_wconf 86' lang='lat' dir='ltr'>terius</span> <span class='ocrx_word' id='word_1_301' title='bbox 178 3143 313 3174; x_wconf 70' lang='lat' dir='ltr'>Macar-ii</span> <span class='ocrx_word' id='word_1_302' title='bbox 339 3154 348 3174; x_wconf 75' lang='lat' dir='ltr'><em>z</em></span> <span class='ocrx_word' id='word_1_303' title='bbox 370 3144 420 3174; x_wconf 92' lang='lat' dir='ltr'><strong>SS.</strong></span> <span class='ocrx_word' id='word_1_304' title='bbox 439 3143 577 3173; x_wconf 80' lang='lat' dir='ltr'>Patrum</span> <span class='ocrx_word' id='word_1_305' title='bbox 595 3141 694 3172; x_wconf 89' lang='lat' dir='ltr'>aliam</span> <span class='ocrx_word' id='word_1_306' title='bbox 709 3165 718 3178; x_wconf 95' lang='lat'>,</span> <span class='ocrx_word' id='word_1_307' title='bbox 736 3143 766 3171; x_wconf 92' lang='lat' dir='ltr'><strong>S.</strong></span> <span class='ocrx_word' id='word_1_308' title='bbox 782 3141 914 3172; x_wconf 75' lang='lat' dir='ltr'>macarii</span> <span class='ocrx_word' id='word_1_309' title='bbox 929 3152 938 3177; x_wconf 84' lang='lat'>;</span> <span class='ocrx_word' id='word_1_310' title='bbox 957 3139 1025 3170; x_wconf 76' lang='lat' dir='ltr'>Ab·</span> 
     </span>
     <span class='ocr_line' id='line_1_50' title="bbox 57 3190 1018 3231; baseline -0.003 -9"><span class='ocrx_word' id='word_1_311' title='bbox 57 3191 144 3223; x_wconf 86' lang='lat' dir='ltr'>hatis</span> <span class='ocrx_word' id='word_1_312' title='bbox 168 3193 357 3231; x_wconf 84' lang='lat' dir='ltr'>Nitriensis,</span> <span class='ocrx_word' id='word_1_313' title='bbox 382 3195 413 3224; x_wconf 90' lang='lat' dir='ltr'>S.</span> <span class='ocrx_word' id='word_1_314' title='bbox 430 3192 600 3224; x_wconf 74' lang='lat' dir='ltr'>Pachumii</span> <span class='ocrx_word' id='word_1_315' title='bbox 624 3191 760 3222; x_wconf 77' lang='lat' dir='ltr'>Abbatis</span> <span class='ocrx_word' id='word_1_316' title='bbox 779 3190 1018 3227; x_wconf 85' lang='lat' dir='ltr'>Tabennensis,</span> 
     </span>
     <span class='ocr_line' id='line_1_51' title="bbox 58 3238 1024 3281; baseline -0.003 -9"><span class='ocrx_word' id='word_1_317' title='bbox 58 3249 136 3272; x_wconf 89' lang='lat' dir='ltr'>cum</span> <span class='ocrx_word' id='word_1_318' title='bbox 152 3239 301 3281; x_wconf 85' lang='lat' dir='ltr'>ejusdem</span> <span class='ocrx_word' id='word_1_319' title='bbox 328 3241 363 3274; x_wconf 77' lang='lat' dir='ltr'>et</span> <span class='ocrx_word' id='word_1_320' title='bbox 384 3241 547 3274; x_wconf 82' lang='lat' dir='ltr'>Theodori</span> <span class='ocrx_word' id='word_1_321' title='bbox 569 3240 749 3281; x_wconf 82' lang='lat' dir='ltr'>Epistolis:</span> <span class='ocrx_word' id='word_1_322' title='bbox 773 3242 801 3270; x_wconf 86' lang='lat' dir='ltr'><strong>S.</strong></span> <span class='ocrx_word' id='word_1_323' title='bbox 828 3240 944 3270; x_wconf 85' lang='lat' dir='ltr'>oriesii</span> <span class='ocrx_word' id='word_1_324' title='bbox 963 3238 1024 3270; x_wconf 84' lang='lat' dir='ltr'>do-</span> 
     </span>
     <span class='ocr_line' id='line_1_52' title="bbox 65 3289 1020 3330; baseline -0.001 -11"><span class='ocrx_word' id='word_1_325' title='bbox 65 3290 209 3320; x_wconf 88' lang='lat' dir='ltr'>ctrinam</span> <span class='ocrx_word' id='word_1_326' title='bbox 231 3292 467 3329; x_wconf 74' lang='lat' dir='ltr'>monasticam,</span> <span class='ocrx_word' id='word_1_327' title='bbox 493 3291 612 3322; x_wconf 80' lang='lat' dir='ltr'>Incerti</span> <span class='ocrx_word' id='word_1_328' title='bbox 637 3289 783 3330; x_wconf 83' lang='lat' dir='ltr'>regulam</span> <span class='ocrx_word' id='word_1_329' title='bbox 800 3289 1020 3326; x_wconf 78' lang='lat' dir='ltr'>orientalem,</span> 
     </span>
     <span class='ocr_line' id='line_1_53' title="bbox 59 3337 1022 3380; baseline 0.001 -11"><span class='ocrx_word' id='word_1_330' title='bbox 59 3337 272 3379; x_wconf 81' lang='lat' dir='ltr'>regulamque</span> <span class='ocrx_word' id='word_1_331' title='bbox 294 3339 426 3380; x_wconf 82' lang='lat' dir='ltr'>Basilii,</span> <span class='ocrx_word' id='word_1_332' title='bbox 450 3341 674 3374; x_wconf 85' lang='lat' dir='ltr'>Caesariensis</span> <span class='ocrx_word' id='word_1_333' title='bbox 697 3340 852 3380; x_wconf 77' lang='lat' dir='ltr'>Episcopi</span> <span class='ocrx_word' id='word_1_334' title='bbox 871 3352 878 3371; x_wconf 84' lang='grc'>;</span> <span class='ocrx_word' id='word_1_335' title='bbox 901 3337 1022 3371; x_wconf 81' lang='lat' dir='ltr'>deinde</span> 
     </span>
    </p>
   </div>
   <div class='ocr_carea' id='block_1_4' title="bbox 1099 219 2084 2199">
    <p class='ocr_par' dir='ltr' id='par_1_7' title="bbox 1112 219 2084 1321">
     <span class='ocr_line' id='line_1_54' title="bbox 2007 219 2084 260; baseline 0.026 -2"><span class='ocrx_word' id='word_1_336' title='bbox 2007 219 2084 260; x_wconf 82' lang='grc'>815</span> 
     </span>
     <span class='ocr_line' id='line_1_55' title="bbox 1121 287 2077 340; baseline 0.001 -13"><span class='ocrx_word' id='word_1_337' title='bbox 1121 290 1213 328; x_wconf 88' lang='grc'><strong>4661</strong></span> <span class='ocrx_word' id='word_1_338' title='bbox 1244 294 1285 328; x_wconf 89' lang='lat' dir='ltr'>et</span> <span class='ocrx_word' id='word_1_339' title='bbox 1313 288 1470 328; x_wconf 82' lang='lat' dir='ltr'>Parisiis</span> <span class='ocrx_word' id='word_1_340' title='bbox 1500 290 1600 329; x_wconf 89' lang='grc'><strong>4663</strong></span> <span class='ocrx_word' id='word_1_341' title='bbox 1626 287 1690 328; x_wconf 76' lang='grc'><strong>4.“’</strong></span> <span class='ocrx_word' id='word_1_342' title='bbox 1715 290 1944 340; x_wconf 88' lang='lat' dir='ltr'>praemissis</span> <span class='ocrx_word' id='word_1_343' title='bbox 1980 289 2077 329; x_wconf 87' lang='lat' dir='ltr'>Gre-</span> 
     </span>
     <span class='ocr_line' id='line_1_56' title="bbox 1121 351 2076 402; baseline 0 -13"><span class='ocrx_word' id='word_1_344' title='bbox 1121 353 1216 402; x_wconf 84' lang='lat' dir='ltr'>gorii</span> <span class='ocrx_word' id='word_1_345' title='bbox 1251 353 1299 391; x_wconf 82' lang='lat' dir='ltr'><strong>M.</strong></span> <span class='ocrx_word' id='word_1_346' title='bbox 1323 356 1363 391; x_wconf 82' lang='lat' dir='ltr'>et</span> <span class='ocrx_word' id='word_1_347' title='bbox 1395 352 1482 391; x_wconf 86' lang='lat' dir='ltr'>aliis</span> <span class='ocrx_word' id='word_1_348' title='bbox 1511 356 1721 399; x_wconf 88' lang='lat' dir='ltr'>veterum,</span> <span class='ocrx_word' id='word_1_349' title='bbox 1746 351 1936 401; x_wconf 83' lang='lat' dir='ltr'>Simplicii</span> <span class='ocrx_word' id='word_1_350' title='bbox 1956 352 2076 389; x_wconf 88' lang='lat' dir='ltr'>etiam</span> 
     </span>
     <span class='ocr_line' id='line_1_57' title="bbox 1121 413 2082 454; baseline -0.002 -2"><span class='ocrx_word' id='word_1_351' title='bbox 1121 413 1285 453; x_wconf 89' lang='lat' dir='ltr'>Abbatis</span> <span class='ocrx_word' id='word_1_352' title='bbox 1321 416 1571 454; x_wconf 87' lang='lat' dir='ltr'>Cassinensis</span> <span class='ocrx_word' id='word_1_353' title='bbox 1610 414 1858 452; x_wconf 76' lang='lat' dir='ltr'>testimoniis.</span> <span class='ocrx_word' id='word_1_354' title='bbox 1899 413 1995 452; x_wconf 77' lang='lat' dir='ltr'>Vide</span> <span class='ocrx_word' id='word_1_355' title='bbox 2026 415 2082 451; x_wconf 88' lang='lat' dir='ltr'>sis</span> 
     </span>
     <span class='ocr_line' id='line_1_58' title="bbox 1120 475 2081 528; baseline 0 -14"><span class='ocrx_word' id='word_1_356' title='bbox 1120 481 1322 526; x_wconf 79' lang='lat' dir='ltr'>praeterea</span> <span class='ocrx_word' id='word_1_357' title='bbox 1338 506 1346 525; x_wconf 83' lang='lat'>,</span> <span class='ocrx_word' id='word_1_358' title='bbox 1362 490 1462 528; x_wconf 87' lang='lat' dir='ltr'>quae</span> <span class='ocrx_word' id='word_1_359' title='bbox 1481 477 1529 515; x_wconf 90' lang='lat' dir='ltr'>de</span> <span class='ocrx_word' id='word_1_360' title='bbox 1550 477 1623 515; x_wconf 87' lang='lat' dir='ltr'>hae</span> <span class='ocrx_word' id='word_1_361' title='bbox 1638 476 1773 528; x_wconf 86' lang='lat' dir='ltr'>regula</span> <span class='ocrx_word' id='word_1_362' title='bbox 1788 477 1914 514; x_wconf 88' lang='lat' dir='ltr'>Lucas</span> <span class='ocrx_word' id='word_1_363' title='bbox 1931 475 2081 515; x_wconf 90' lang='lat' dir='ltr'>Dachc-</span> 
     </span>
     <span class='ocr_line' id='line_1_59' title="bbox 1120 539 2078 589; baseline 0 -13"><span class='ocrx_word' id='word_1_364' title='bbox 1120 539 1202 577; x_wconf 90' lang='lat' dir='ltr'>rius</span> <span class='ocrx_word' id='word_1_365' title='bbox 1229 539 1277 577; x_wconf 88' lang='lat' dir='ltr'>ad</span> <span class='ocrx_word' id='word_1_366' title='bbox 1307 540 1569 578; x_wconf 87' lang='lat' dir='ltr'>Lanfrancum</span> <span class='ocrx_word' id='word_1_367' title='bbox 1602 550 1687 589; x_wconf 82' lang='lat' dir='ltr'>pag.</span> <span class='ocrx_word' id='word_1_368' title='bbox 1727 539 1802 578; x_wconf 85' lang='lat'><strong>363</strong></span> <span class='ocrx_word' id='word_1_369' title='bbox 1837 549 1918 588; x_wconf 83' lang='lat' dir='ltr'>seq.</span> <span class='ocrx_word' id='word_1_370' title='bbox 1964 539 2078 577; x_wconf 91' lang='lat' dir='ltr'>Com-</span> 
     </span>
     <span class='ocr_line' id='line_1_60' title="bbox 1116 599 2072 651; baseline 0 -13"><span class='ocrx_word' id='word_1_371' title='bbox 1116 602 1295 639; x_wconf 85' lang='lat' dir='ltr'>mentarii</span> <span class='ocrx_word' id='word_1_372' title='bbox 1320 601 1453 651; x_wconf 91' lang='lat' dir='ltr'>optimi</span> <span class='ocrx_word' id='word_1_373' title='bbox 1479 601 1602 638; x_wconf 87' lang='lat' dir='ltr'>instar</span> <span class='ocrx_word' id='word_1_374' title='bbox 1620 612 1709 638; x_wconf 83' lang='lat' dir='ltr'>esse</span> <span class='ocrx_word' id='word_1_375' title='bbox 1726 605 1856 650; x_wconf 81' lang='lat' dir='ltr'>potest</span> <span class='ocrx_word' id='word_1_376' title='bbox 1873 599 2072 638; x_wconf 75' lang='lat' dir='ltr'>Benedicti</span> 
     </span>
     <span class='ocr_line' id='line_1_61' title="bbox 1112 658 2070 712; baseline 0.001 -14"><span class='ocrx_word' id='word_1_377' title='bbox 1112 658 1280 710; x_wconf 88' lang='lat' dir='ltr'>junioris</span> <span class='ocrx_word' id='word_1_378' title='bbox 1305 660 1541 700; x_wconf 83' lang='lat' dir='ltr'>Anz&#39;anensis</span> <span class='ocrx_word' id='word_1_379' title='bbox 1572 662 1609 699; x_wconf 92' lang='lat' dir='ltr'>in</span> <span class='ocrx_word' id='word_1_380' title='bbox 1639 662 1760 700; x_wconf 85' lang='lat' dir='ltr'>Gallia</span> <span class='ocrx_word' id='word_1_381' title='bbox 1791 662 1952 700; x_wconf 88' lang='lat' dir='ltr'>Abbatis</span> <span class='ocrx_word' id='word_1_382' title='bbox 1977 664 2070 712; x_wconf 82' lang='lat' dir='ltr'>(qui</span> 
     </span>
     <span class='ocr_line' id='line_1_62' title="bbox 1114 721 2076 773; baseline 0.002 -13"><span class='ocrx_word' id='word_1_383' title='bbox 1114 721 1159 760; x_wconf 86' lang='lat' dir='ltr'>A.</span> <span class='ocrx_word' id='word_1_384' title='bbox 1181 723 1251 762; x_wconf 83' lang='grc'>824</span> <span class='ocrx_word' id='word_1_385' title='bbox 1286 722 1403 770; x_wconf 88' lang='lat' dir='ltr'>obiit)</span> <span class='ocrx_word' id='word_1_386' title='bbox 1435 721 1664 762; x_wconf 80' lang='lat' dir='ltr'>Concordia</span> <span class='ocrx_word' id='word_1_387' title='bbox 1691 722 1951 773; x_wconf 74' lang='lat' dir='ltr'>Reqularum,</span> <span class='ocrx_word' id='word_1_388' title='bbox 1972 724 2076 762; x_wconf 80' lang='lat' dir='ltr'>edita</span> 
     </span>
     <span class='ocr_line' id='line_1_63' title="bbox 1115 784 2075 837; baseline 0.003 -15"><span class='ocrx_word' id='word_1_389' title='bbox 1115 788 1234 833; x_wconf 87' lang='lat' dir='ltr'>atque</span> <span class='ocrx_word' id='word_1_390' title='bbox 1270 784 1437 823; x_wconf 78' lang='lat' dir='ltr'>eruditis</span> <span class='ocrx_word' id='word_1_391' title='bbox 1475 786 1578 822; x_wconf 91' lang='lat' dir='ltr'>notis</span> <span class='ocrx_word' id='word_1_392' title='bbox 1617 785 1813 823; x_wconf 81' lang='lat' dir='ltr'>illustrata</span> <span class='ocrx_word' id='word_1_393' title='bbox 1834 785 1881 823; x_wconf 88' lang='lat' dir='ltr'>ab</span> <span class='ocrx_word' id='word_1_394' title='bbox 1912 788 2075 837; x_wconf 67' lang='lat' dir='ltr'>anone</span> 
     </span>
     <span class='ocr_line' id='line_1_64' title="bbox 1114 844 2074 899; baseline 0.004 -16"><span class='ocrx_word' id='word_1_395' title='bbox 1114 844 1323 894; x_wconf 77' lang='lat' dir='ltr'>Menardo,</span> <span class='ocrx_word' id='word_1_396' title='bbox 1343 847 1460 884; x_wconf 85' lang='lat' dir='ltr'>Paris.</span> <span class='ocrx_word' id='word_1_397' title='bbox 1481 847 1597 894; x_wconf 79' lang='grc'><strong>4634,</strong></span> <span class='ocrx_word' id='word_1_398' title='bbox 1621 847 1654 884; x_wconf 82' lang='grc'>4.</span> <span class='ocrx_word' id='word_1_399' title='bbox 1674 848 1712 884; x_wconf 90' lang='lat' dir='ltr'>in</span> <span class='ocrx_word' id='word_1_400' title='bbox 1733 846 1803 885; x_wconf 88' lang='lat' dir='ltr'>hac</span> <span class='ocrx_word' id='word_1_401' title='bbox 1823 849 1926 885; x_wconf 89' lang='lat' dir='ltr'>enim</span> <span class='ocrx_word' id='word_1_402' title='bbox 1948 850 2074 899; x_wconf 80' lang='lat' dir='ltr'>Regu-</span> 
     </span>
     <span class='ocr_line' id='line_1_65' title="bbox 1115 907 2075 950; baseline 0.004 -5"><span class='ocrx_word' id='word_1_403' title='bbox 1115 907 1192 945; x_wconf 89' lang='lat' dir='ltr'>lam</span> <span class='ocrx_word' id='word_1_404' title='bbox 1216 907 1415 946; x_wconf 86' lang='lat' dir='ltr'>Benedicti</span> <span class='ocrx_word' id='word_1_405' title='bbox 1437 909 1588 947; x_wconf 80' lang='lat' dir='ltr'>confert</span> <span class='ocrx_word' id='word_1_406' title='bbox 1602 920 1694 948; x_wconf 89' lang='lat' dir='ltr'>cum</span> <span class='ocrx_word' id='word_1_407' title='bbox 1710 909 1795 947; x_wconf 89' lang='lat' dir='ltr'>aliis</span> <span class='ocrx_word' id='word_1_408' title='bbox 1813 910 1988 949; x_wconf 82' lang='lat' dir='ltr'>Graecae</span> <span class='ocrx_word' id='word_1_409' title='bbox 2006 913 2075 950; x_wconf 87' lang='lat' dir='ltr'>La-</span> 
     </span>
     <span class='ocr_line' id='line_1_66' title="bbox 1116 969 2071 1022; baseline 0.005 -16"><span class='ocrx_word' id='word_1_410' title='bbox 1116 969 1299 1019; x_wconf 85' lang='lat' dir='ltr'>tinaeque</span> <span class='ocrx_word' id='word_1_411' title='bbox 1337 971 1537 1009; x_wconf 82' lang='lat' dir='ltr'>Ecclesiae</span> <span class='ocrx_word' id='word_1_412' title='bbox 1573 971 1719 1022; x_wconf 78' lang='lat' dir='ltr'>regulis</span> <span class='ocrx_word' id='word_1_413' title='bbox 1753 972 1998 1020; x_wconf 79' lang='lat' dir='ltr'>Monasticis,</span> <span class='ocrx_word' id='word_1_414' title='bbox 2024 986 2071 1011; x_wconf 65' lang='lat' dir='ltr'>cx</span> 
     </span>
     <span class='ocr_line' id='line_1_67' title="bbox 1116 1032 2071 1084; baseline 0.004 -16"><span class='ocrx_word' id='word_1_415' title='bbox 1116 1032 1241 1082; x_wconf 85' lang='lat' dir='ltr'>iisque</span> <span class='ocrx_word' id='word_1_416' title='bbox 1257 1037 1296 1070; x_wconf 84' lang='lat' dir='ltr'>et</span> <span class='ocrx_word' id='word_1_417' title='bbox 1312 1044 1361 1071; x_wconf 77' lang='lat' dir='ltr'>cx</span> <span class='ocrx_word' id='word_1_418' title='bbox 1371 1035 1530 1072; x_wconf 88' lang='lat' dir='ltr'>Patrum</span> <span class='ocrx_word' id='word_1_419' title='bbox 1548 1033 1795 1084; x_wconf 87' lang='lat' dir='ltr'>quorundam</span> <span class='ocrx_word' id='word_1_420' title='bbox 1813 1035 1970 1084; x_wconf 87' lang='lat' dir='ltr'>scriptis</span> <span class='ocrx_word' id='word_1_421' title='bbox 1986 1046 2071 1072; x_wconf 85' lang='lat' dir='ltr'>eam</span> 
     </span>
     <span class='ocr_line' id='line_1_68' title="bbox 1117 1094 2071 1146; baseline 0.003 -16"><span class='ocrx_word' id='word_1_422' title='bbox 1117 1094 1290 1133; x_wconf 85' lang='lat' dir='ltr'>iliustrat</span> <span class='ocrx_word' id='word_1_423' title='bbox 1323 1106 1368 1133; x_wconf 89' lang='lat' dir='ltr'>ac</span> <span class='ocrx_word' id='word_1_424' title='bbox 1412 1096 1582 1146; x_wconf 90' lang='lat' dir='ltr'>supplet.</span> <span class='ocrx_word' id='word_1_425' title='bbox 1614 1096 1716 1145; x_wconf 82' lang='lat' dir='ltr'>Ecce</span> <span class='ocrx_word' id='word_1_426' title='bbox 1757 1096 1824 1134; x_wconf 91' lang='lat' dir='ltr'>tibi</span> <span class='ocrx_word' id='word_1_427' title='bbox 1862 1095 2071 1134; x_wconf 83' lang='lat' dir='ltr'>elenchum</span> 
     </span>
     <span class='ocr_line' id='line_1_69' title="bbox 1115 1158 2072 1208; baseline -0.001 -14"><span class='ocrx_word' id='word_1_428' title='bbox 1115 1158 1350 1207; x_wconf 88' lang='lat' dir='ltr'>scriptorum</span> <span class='ocrx_word' id='word_1_429' title='bbox 1371 1170 1392 1196; x_wconf 79' lang='lat' dir='ltr'>e</span> <span class='ocrx_word' id='word_1_430' title='bbox 1417 1159 1561 1208; x_wconf 84' lang='lat' dir='ltr'>quibus</span> <span class='ocrx_word' id='word_1_431' title='bbox 1585 1158 1801 1196; x_wconf 79' lang='lat' dir='ltr'>Concordia</span> <span class='ocrx_word' id='word_1_432' title='bbox 1826 1158 1888 1196; x_wconf 90' lang='lat' dir='ltr'>illa</span> <span class='ocrx_word' id='word_1_433' title='bbox 1917 1169 2072 1207; x_wconf 82' lang='lat' dir='ltr'>compo-</span> 
     </span>
     <span class='ocr_line' id='line_1_70' title="bbox 1114 1219 2072 1271; baseline 0.001 -15"><span class='ocrx_word' id='word_1_434' title='bbox 1114 1220 1189 1257; x_wconf 88' lang='lat' dir='ltr'>sita</span> <span class='ocrx_word' id='word_1_435' title='bbox 1212 1224 1299 1267; x_wconf 85' lang='lat' dir='ltr'>cst,</span> <span class='ocrx_word' id='word_1_436' title='bbox 1321 1232 1441 1269; x_wconf 84' lang='lat' dir='ltr'>quem</span> <span class='ocrx_word' id='word_1_437' title='bbox 1465 1220 1651 1259; x_wconf 88' lang='lat' dir='ltr'>adornavi</span> <span class='ocrx_word' id='word_1_438' title='bbox 1675 1220 1724 1258; x_wconf 86' lang='lat' dir='ltr'>ad</span> <span class='ocrx_word' id='word_1_439' title='bbox 1753 1222 1914 1271; x_wconf 83' lang='lat' dir='ltr'>paginas</span> <span class='ocrx_word' id='word_1_440' title='bbox 1937 1219 2072 1258; x_wconf 85' lang='lat' dir='ltr'>editio—</span> 
     </span>
     <span class='ocr_line' id='line_1_71' title="bbox 1115 1282 1458 1321; baseline 0.009 -3"><span class='ocrx_word' id='word_1_441' title='bbox 1115 1282 1177 1319; x_wconf 90' lang='lat' dir='ltr'>nis</span> <span class='ocrx_word' id='word_1_442' title='bbox 1197 1282 1458 1321; x_wconf 86' lang='lat' dir='ltr'>Menardinae.</span> 
     </span>
    </p>

    <p class='ocr_par' dir='ltr' id='par_1_8' title="bbox 1160 1342 2023 1521">
     <span class='ocr_line' id='line_1_72' title="bbox 1160 1342 2023 1396; baseline 0 -16"><span class='ocrx_word' id='word_1_443' title='bbox 1160 1342 1290 1381; x_wconf 64' lang='lat' dir='ltr'>Index</span> <span class='ocrx_word' id='word_1_444' title='bbox 1308 1344 1554 1395; x_wconf 73' lang='lat' dir='ltr'>Scriptorum</span> <span class='ocrx_word' id='word_1_445' title='bbox 1570 1378 1579 1394; x_wconf 80' lang='lat'>,</span> <span class='ocrx_word' id='word_1_446' title='bbox 1599 1358 1618 1383; x_wconf 91' lang='lat' dir='ltr'>e</span> <span class='ocrx_word' id='word_1_447' title='bbox 1640 1343 1783 1396; x_wconf 81' lang='lat' dir='ltr'>quibus</span> <span class='ocrx_word' id='word_1_448' title='bbox 1803 1343 2023 1384; x_wconf 73' lang='lat' dir='ltr'>Concordia</span> 
     </span>
     <span class='ocr_line' id='line_1_73' title="bbox 1217 1405 1967 1458; baseline -0.001 -14"><span class='ocrx_word' id='word_1_449' title='bbox 1217 1405 1462 1457; x_wconf 70' lang='lat' dir='ltr'>Reyulnrum</span> <span class='ocrx_word' id='word_1_450' title='bbox 1483 1419 1572 1446; x_wconf 83' lang='lat' dir='ltr'>cum</span> <span class='ocrx_word' id='word_1_451' title='bbox 1594 1407 1743 1458; x_wconf 60' lang='lat' dir='ltr'>Regula</span> <span class='ocrx_word' id='word_1_452' title='bbox 1768 1405 1967 1445; x_wconf 81' lang='lat' dir='ltr'>Benedicti</span> 
     </span>
     <span class='ocr_line' id='line_1_74' title="bbox 1256 1468 1923 1521; baseline -0.001 -15"><span class='ocrx_word' id='word_1_453' title='bbox 1256 1468 1505 1508; x_wconf 78' lang='lat' dir='ltr'>concinnavit</span> <span class='ocrx_word' id='word_1_454' title='bbox 1526 1469 1758 1508; x_wconf 79' lang='lat' dir='ltr'>Benedictus</span> <span class='ocrx_word' id='word_1_455' title='bbox 1765 1468 1905 1521; x_wconf 81' lang='lat' dir='ltr'>junior</span> <span class='ocrx_word' id='word_1_456' title='bbox 1914 1500 1923 1515; x_wconf 86' lang='lat'>,</span> 
     </span>
    </p>

    <p class='ocr_par' dir='ltr' id='par_1_9' title="bbox 1387 1530 1794 1571">
     <span class='ocr_line' id='line_1_75' title="bbox 1387 1530 1794 1571; baseline -0.002 -1"><span class='ocrx_word' id='word_1_457' title='bbox 1387 1530 1519 1571; x_wconf 84' lang='lat' dir='ltr'>Abbas</span> <span class='ocrx_word' id='word_1_458' title='bbox 1547 1531 1794 1570; x_wconf 73' lang='lat' dir='ltr'>Anicinensis.</span> 
     </span>
    </p>

    <p class='ocr_par' dir='ltr' id='par_1_10' title="bbox 1163 1593 1951 1643">
     <span class='ocr_line' id='line_1_76' title="bbox 1163 1593 1951 1643; baseline -0.006 -8"><span class='ocrx_word' id='word_1_459' title='bbox 1163 1595 1359 1636; x_wconf 87' lang='lat' dir='ltr'>Ambrosii</span> <span class='ocrx_word' id='word_1_460' title='bbox 1380 1606 1517 1633; x_wconf 86' lang='lat' dir='ltr'>roseus</span> <span class='ocrx_word' id='word_1_461' title='bbox 1541 1594 1728 1643; x_wconf 82' lang='lat' dir='ltr'>hymnus.</span> <span class='ocrx_word' id='word_1_462' title='bbox 1753 1604 1838 1643; x_wconf 83' lang='lat' dir='ltr'>pag.</span> <span class='ocrx_word' id='word_1_463' title='bbox 1865 1593 1951 1631; x_wconf 77' lang='grc'><strong>384.</strong></span> 
     </span>
    </p>

    <p class='ocr_par' dir='ltr' id='par_1_11' title="bbox 1104 1653 2066 1885">
     <span class='ocr_line' id='line_1_77' title="bbox 1162 1653 2062 1710; baseline -0.008 -12"><span class='ocrx_word' id='word_1_464' title='bbox 1162 1659 1422 1710; x_wconf 85' lang='lat' dir='ltr'>Augustinus.</span> <span class='ocrx_word' id='word_1_465' title='bbox 1440 1669 1525 1708; x_wconf 81' lang='lat' dir='ltr'>pag.</span> <span class='ocrx_word' id='word_1_466' title='bbox 1544 1657 1635 1695; x_wconf 86' lang='grc'><strong>223.</strong></span> <span class='ocrx_word' id='word_1_467' title='bbox 1652 1654 1742 1694; x_wconf 89' lang='grc'><strong>298.</strong></span> <span class='ocrx_word' id='word_1_468' title='bbox 1759 1656 1848 1693; x_wconf 86' lang='grc'><strong>391.</strong></span> <span class='ocrx_word' id='word_1_469' title='bbox 1864 1654 1954 1692; x_wconf 84' lang='grc'><strong>431.</strong></span> <span class='ocrx_word' id='word_1_470' title='bbox 1973 1653 2062 1692; x_wconf 87' lang='grc'><strong>458.</strong></span> 
     </span>
     <span class='ocr_line' id='line_1_78' title="bbox 1108 1716 2066 1761; baseline -0.008 0"><span class='ocrx_word' id='word_1_471' title='bbox 1108 1721 1199 1761; x_wconf 88' lang='grc'><strong>487.</strong></span> <span class='ocrx_word' id='word_1_472' title='bbox 1238 1721 1329 1760; x_wconf 81' lang='grc'><strong>550.</strong></span> <span class='ocrx_word' id='word_1_473' title='bbox 1362 1719 1453 1759; x_wconf 83' lang='grc'><strong>551.</strong></span> <span class='ocrx_word' id='word_1_474' title='bbox 1486 1718 1576 1758; x_wconf 78' lang='grc'><strong>554.</strong></span> <span class='ocrx_word' id='word_1_475' title='bbox 1615 1717 1707 1757; x_wconf 86' lang='grc'><strong>555.</strong></span> <span class='ocrx_word' id='word_1_476' title='bbox 1733 1716 1822 1756; x_wconf 87' lang='grc'>618.</span> <span class='ocrx_word' id='word_1_477' title='bbox 1858 1716 1947 1755; x_wconf 88' lang='grc'><strong>633.</strong></span> <span class='ocrx_word' id='word_1_478' title='bbox 1977 1716 2066 1754; x_wconf 79' lang='grc'><strong>664.</strong></span> 
     </span>
     <span class='ocr_line' id='line_1_79' title="bbox 1107 1777 2066 1823; baseline -0.007 0"><span class='ocrx_word' id='word_1_479' title='bbox 1107 1784 1196 1823; x_wconf 88' lang='grc'><strong>665.</strong></span> <span class='ocrx_word' id='word_1_480' title='bbox 1218 1784 1307 1822; x_wconf 91' lang='grc'><strong>666.</strong></span> <span class='ocrx_word' id='word_1_481' title='bbox 1325 1783 1415 1822; x_wconf 90' lang='grc'><strong>667.</strong></span> <span class='ocrx_word' id='word_1_482' title='bbox 1436 1781 1526 1821; x_wconf 89' lang='grc'><strong>668.</strong></span> <span class='ocrx_word' id='word_1_483' title='bbox 1543 1780 1634 1820; x_wconf 90' lang='grc'><strong>833.</strong></span> <span class='ocrx_word' id='word_1_484' title='bbox 1650 1779 1743 1819; x_wconf 86' lang='grc'><strong>859.</strong></span> <span class='ocrx_word' id='word_1_485' title='bbox 1760 1779 1850 1818; x_wconf 87' lang='grc'><strong>860.</strong></span> <span class='ocrx_word' id='word_1_486' title='bbox 1867 1778 1958 1817; x_wconf 91' lang='grc'><strong>877.</strong></span> <span class='ocrx_word' id='word_1_487' title='bbox 1977 1777 2066 1817; x_wconf 91' lang='grc'><strong>878.</strong></span> 
     </span>
     <span class='ocr_line' id='line_1_80' title="bbox 1104 1844 1328 1885; baseline -0.009 0"><span class='ocrx_word' id='word_1_488' title='bbox 1104 1846 1195 1885; x_wconf 89' lang='grc'><strong>902.</strong></span> <span class='ocrx_word' id='word_1_489' title='bbox 1214 1844 1328 1885; x_wconf 89' lang='grc'><strong>1044.</strong></span> 
     </span>
    </p>

    <p class='ocr_par' dir='ltr' id='par_1_12' title="bbox 1099 1902 2065 2199">
     <span class='ocr_line' id='line_1_81' title="bbox 1152 1902 2065 1957; baseline -0.009 -9"><span class='ocrx_word' id='word_1_490' title='bbox 1152 1908 1391 1948; x_wconf 88' lang='lat' dir='ltr'>Aurelianus</span> <span class='ocrx_word' id='word_1_491' title='bbox 1407 1907 1642 1957; x_wconf 87' lang='lat' dir='ltr'>Episcopus.</span> <span class='ocrx_word' id='word_1_492' title='bbox 1660 1917 1746 1956; x_wconf 84' lang='lat' dir='ltr'>pag.</span> <span class='ocrx_word' id='word_1_493' title='bbox 1768 1903 1958 1943; x_wconf 87' lang='lat'><strong>177.178.</strong></span> <span class='ocrx_word' id='word_1_494' title='bbox 1977 1902 2065 1941; x_wconf 87' lang='grc'><strong>195.</strong></span> 
     </span>
     <span class='ocr_line' id='line_1_82' title="bbox 1101 1963 2064 2010; baseline -0.01 1"><span class='ocrx_word' id='word_1_495' title='bbox 1101 1971 1193 2010; x_wconf 83' lang='grc'><strong>221.</strong></span> <span class='ocrx_word' id='word_1_496' title='bbox 1211 1970 1304 2009; x_wconf 90' lang='grc'><strong>222.</strong></span> <span class='ocrx_word' id='word_1_497' title='bbox 1320 1969 1413 2008; x_wconf 87' lang='grc'><strong>225.</strong></span> <span class='ocrx_word' id='word_1_498' title='bbox 1430 1968 1521 2008; x_wconf 87' lang='grc'><strong>333.</strong></span> <span class='ocrx_word' id='word_1_499' title='bbox 1540 1968 1632 2007; x_wconf 89' lang='grc'><strong>388.</strong></span> <span class='ocrx_word' id='word_1_500' title='bbox 1648 1967 1738 2006; x_wconf 86' lang='grc'><strong>389.</strong></span> <span class='ocrx_word' id='word_1_501' title='bbox 1759 1966 1853 2005; x_wconf 86' lang='grc'><strong>502.</strong></span> <span class='ocrx_word' id='word_1_502' title='bbox 1870 1965 1960 2004; x_wconf 87' lang='grc'><strong>512.</strong></span> <span class='ocrx_word' id='word_1_503' title='bbox 1975 1963 2064 2004; x_wconf 85' lang='grc'><strong>543.</strong></span> 
     </span>
     <span class='ocr_line' id='line_1_83' title="bbox 1103 2027 2064 2073; baseline -0.008 0"><span class='ocrx_word' id='word_1_504' title='bbox 1103 2034 1196 2073; x_wconf 89' lang='grc'><strong>583.</strong></span> <span class='ocrx_word' id='word_1_505' title='bbox 1211 2033 1303 2072; x_wconf 89' lang='grc'><strong>623.</strong></span> <span class='ocrx_word' id='word_1_506' title='bbox 1321 2031 1413 2070; x_wconf 93' lang='grc'><strong>668.</strong></span> <span class='ocrx_word' id='word_1_507' title='bbox 1428 2031 1520 2069; x_wconf 84' lang='lat'><strong>671.</strong></span> <span class='ocrx_word' id='word_1_508' title='bbox 1536 2031 1627 2069; x_wconf 84' lang='grc'><strong>697.</strong></span> <span class='ocrx_word' id='word_1_509' title='bbox 1645 2029 1742 2068; x_wconf 87' lang='grc'><strong>714.</strong></span> <span class='ocrx_word' id='word_1_510' title='bbox 1759 2028 1851 2068; x_wconf 90' lang='grc'><strong>715.</strong></span> <span class='ocrx_word' id='word_1_511' title='bbox 1866 2028 1958 2067; x_wconf 87' lang='grc'><strong>749.</strong></span> <span class='ocrx_word' id='word_1_512' title='bbox 1971 2027 2064 2066; x_wconf 88' lang='grc'><strong>762.</strong></span> 
     </span>
     <span class='ocr_line' id='line_1_84' title="bbox 1102 2089 2065 2135; baseline -0.007 -1"><span class='ocrx_word' id='word_1_513' title='bbox 1102 2096 1196 2135; x_wconf 86' lang='grc'><strong>770.</strong></span> <span class='ocrx_word' id='word_1_514' title='bbox 1209 2094 1302 2133; x_wconf 92' lang='grc'><strong>771.</strong></span> <span class='ocrx_word' id='word_1_515' title='bbox 1317 2092 1411 2133; x_wconf 85' lang='grc'><strong>784.</strong></span> <span class='ocrx_word' id='word_1_516' title='bbox 1429 2094 1522 2132; x_wconf 87' lang='grc'><strong>797.</strong></span> <span class='ocrx_word' id='word_1_517' title='bbox 1538 2092 1631 2131; x_wconf 90' lang='grc'><strong>881.</strong></span> <span class='ocrx_word' id='word_1_518' title='bbox 1645 2092 1741 2131; x_wconf 85' lang='grc'><strong>923.</strong></span> <span class='ocrx_word' id='word_1_519' title='bbox 1760 2090 1852 2130; x_wconf 86' lang='grc'><strong>979.</strong></span> <span class='ocrx_word' id='word_1_520' title='bbox 1866 2090 1957 2129; x_wconf 90' lang='grc'><strong>980.</strong></span> <span class='ocrx_word' id='word_1_521' title='bbox 1973 2089 2065 2129; x_wconf 87' lang='grc'><strong>991.</strong></span> 
     </span>
     <span class='ocr_line' id='line_1_85' title="bbox 1099 2154 1762 2199; baseline -0.009 -1"><span class='ocrx_word' id='word_1_522' title='bbox 1099 2158 1192 2199; x_wconf 87' lang='grc'><strong>992.</strong></span> <span class='ocrx_word' id='word_1_523' title='bbox 1215 2158 1334 2197; x_wconf 89' lang='grc'><strong>1017.</strong></span> <span class='ocrx_word' id='word_1_524' title='bbox 1359 2155 1477 2195; x_wconf 90' lang='grc'><strong>1044.</strong></span> <span class='ocrx_word' id='word_1_525' title='bbox 1504 2155 1620 2195; x_wconf 90' lang='grc'><strong>1087.</strong></span> <span class='ocrx_word' id='word_1_526' title='bbox 1646 2154 1762 2194; x_wconf 87' lang='grc'><strong>1100.</strong></span> 
     </span>
    </p>
   </div>
   <div class='ocr_carea' id='block_1_5' title="bbox 1086 2293 2067 3441">
    <p class='ocr_par' dir='ltr' id='par_1_13' title="bbox 1086 2293 2067 3441">
     <span class='ocr_line' id='line_1_86' title="bbox 1101 2293 2066 2342; baseline -0.01 -8"><span class='ocrx_word' id='word_1_527' title='bbox 1101 2301 1236 2342; x_wconf 83' lang='lat' dir='ltr'>regulae</span> <span class='ocrx_word' id='word_1_528' title='bbox 1259 2302 1292 2334; x_wconf 92' lang='lat' dir='ltr'><strong>S.</strong></span> <span class='ocrx_word' id='word_1_529' title='bbox 1315 2300 1501 2332; x_wconf 80' lang='lat' dir='ltr'>Benedicti</span> <span class='ocrx_word' id='word_1_530' title='bbox 1540 2298 1662 2339; x_wconf 88' lang='lat' dir='ltr'>subjcit</span> <span class='ocrx_word' id='word_1_531' title='bbox 1697 2300 1842 2328; x_wconf 86' lang='lat' dir='ltr'>caeteras</span> <span class='ocrx_word' id='word_1_532' title='bbox 1873 2293 2066 2327; x_wconf 74' lang='lat' dir='ltr'>Occidenta-</span> 
     </span>
     <span class='ocr_line' id='line_1_87' title="bbox 1102 2345 2065 2390; baseline -0.011 -6"><span class='ocrx_word' id='word_1_533' title='bbox 1102 2352 1184 2384; x_wconf 92' lang='lat' dir='ltr'>lium</span> <span class='ocrx_word' id='word_1_534' title='bbox 1206 2354 1344 2382; x_wconf 82' lang='lat' dir='ltr'>Patrum</span> <span class='ocrx_word' id='word_1_535' title='bbox 1365 2350 1502 2390; x_wconf 82' lang='lat' dir='ltr'>regulas</span> <span class='ocrx_word' id='word_1_536' title='bbox 1521 2348 1562 2380; x_wconf 90' lang='lat' dir='ltr'>ad</span> <span class='ocrx_word' id='word_1_537' title='bbox 1579 2347 1758 2380; x_wconf 78' lang='lat' dir='ltr'>Monachus</span> <span class='ocrx_word' id='word_1_538' title='bbox 1782 2347 1899 2377; x_wconf 90' lang='lat' dir='ltr'>Latine</span> <span class='ocrx_word' id='word_1_539' title='bbox 1915 2345 2065 2383; x_wconf 89' lang='lat' dir='ltr'>scriptas:</span> 
     </span>
     <span class='ocr_line' id='line_1_88' title="bbox 1101 2393 2067 2434; baseline -0.008 -2"><span class='ocrx_word' id='word_1_540' title='bbox 1101 2404 1225 2434; x_wconf 85' lang='lat' dir='ltr'>Incerti</span> <span class='ocrx_word' id='word_1_541' title='bbox 1251 2401 1530 2433; x_wconf 79' lang='lat' dir='ltr'>Consensorium</span> <span class='ocrx_word' id='word_1_542' title='bbox 1556 2397 1834 2433; x_wconf 71' lang='lat' dir='ltr'>Menaenorum,</span> <span class='ocrx_word' id='word_1_543' title='bbox 1860 2393 1990 2432; x_wconf 77' lang='lat' dir='ltr'>regulas</span> <span class='ocrx_word' id='word_1_544' title='bbox 2015 2395 2067 2424; x_wconf 87' lang='lat' dir='ltr'><strong>SS.</strong></span> 
     </span>
     <span class='ocr_line' id='line_1_89' title="bbox 1097 2443 2064 2489; baseline -0.012 -6"><span class='ocrx_word' id='word_1_545' title='bbox 1097 2451 1206 2483; x_wconf 83' lang='lat' dir='ltr'>Pauli</span> <span class='ocrx_word' id='word_1_546' title='bbox 1229 2454 1262 2481; x_wconf 82' lang='lat' dir='ltr'>et</span> <span class='ocrx_word' id='word_1_547' title='bbox 1283 2450 1454 2489; x_wconf 80' lang='lat' dir='ltr'>Stephani</span> <span class='ocrx_word' id='word_1_548' title='bbox 1479 2448 1665 2479; x_wconf 82' lang='lat' dir='ltr'>Abbatum:</span> <span class='ocrx_word' id='word_1_549' title='bbox 1685 2443 2064 2478; x_wconf 76' lang='lat' dir='ltr'>CaesariiArelatensis‚</span> 
     </span>
     <span class='ocr_line' id='line_1_90' title="bbox 1098 2490 2061 2537; baseline -0.012 -6"><span class='ocrx_word' id='word_1_550' title='bbox 1098 2500 1303 2537; x_wconf 75' lang='lat' dir='ltr'>Aureliani,</span> <span class='ocrx_word' id='word_1_551' title='bbox 1317 2499 1432 2530; x_wconf 86' lang='lat' dir='ltr'>itidem</span> <span class='ocrx_word' id='word_1_552' title='bbox 1451 2498 1653 2529; x_wconf 79' lang='lat' dir='ltr'>Arelatensis</span> <span class='ocrx_word' id='word_1_553' title='bbox 1670 2498 1748 2536; x_wconf 88' lang='lat' dir='ltr'>Epis</span> <span class='ocrx_word' id='word_1_554' title='bbox 1757 2495 1844 2533; x_wconf 89' lang='lat' dir='ltr'>copi,</span> <span class='ocrx_word' id='word_1_555' title='bbox 1860 2494 1895 2525; x_wconf 83' lang='lat' dir='ltr'><strong>S.</strong></span> <span class='ocrx_word' id='word_1_556' title='bbox 1908 2490 2061 2523; x_wconf 85' lang='lat' dir='ltr'>Ferreoli</span> 
     </span>
     <span class='ocr_line' id='line_1_91' title="bbox 1097 2543 2061 2586; baseline -0.012 -5"><span class='ocrx_word' id='word_1_557' title='bbox 1097 2550 1279 2582; x_wconf 87' lang='lat' dir='ltr'>Ucetiensis</span> <span class='ocrx_word' id='word_1_558' title='bbox 1293 2572 1302 2586; x_wconf 97' lang='lat'>‚</span> <span class='ocrx_word' id='word_1_559' title='bbox 1323 2547 1531 2580; x_wconf 79' lang='lat' dir='ltr'>columbam·</span> <span class='ocrx_word' id='word_1_560' title='bbox 1549 2546 1683 2577; x_wconf 79' lang='lat' dir='ltr'>AbbatiS</span> <span class='ocrx_word' id='word_1_561' title='bbox 1696 2567 1705 2583; x_wconf 88' lang='lat'>‚</span> <span class='ocrx_word' id='word_1_562' title='bbox 1724 2543 1880 2583; x_wconf 79' lang='lat' dir='ltr'>Regulam</span> <span class='ocrx_word' id='word_1_563' title='bbox 1899 2543 2061 2571; x_wconf 76' lang='lat' dir='ltr'>monaste-</span> 
     </span>
     <span class='ocr_line' id='line_1_92' title="bbox 1094 2588 2060 2635; baseline -0.014 -4"><span class='ocrx_word' id='word_1_564' title='bbox 1094 2602 1135 2632; x_wconf 83' lang='lat' dir='ltr'>rii</span> <span class='ocrx_word' id='word_1_565' title='bbox 1162 2598 1415 2635; x_wconf 76' lang='lat' dir='ltr'>Tarnatensis,</span> <span class='ocrx_word' id='word_1_566' title='bbox 1438 2596 1571 2627; x_wconf 79' lang='lat' dir='ltr'>Isidori</span> <span class='ocrx_word' id='word_1_567' title='bbox 1588 2593 1800 2634; x_wconf 79' lang='lat' dir='ltr'>Hispalensis,</span> <span class='ocrx_word' id='word_1_568' title='bbox 1819 2594 1850 2622; x_wconf 92' lang='lat' dir='ltr'><strong>S.</strong></span> <span class='ocrx_word' id='word_1_569' title='bbox 1865 2588 2060 2621; x_wconf 67' lang='lat' dir='ltr'>Fructuosi·</span> 
     </span>
     <span class='ocr_line' id='line_1_93' title="bbox 1092 2641 2059 2689; baseline -0.013 -9"><span class='ocrx_word' id='word_1_570' title='bbox 1092 2649 1246 2689; x_wconf 88' lang='lat' dir='ltr'>Episcopi</span> <span class='ocrx_word' id='word_1_571' title='bbox 1272 2647 1493 2683; x_wconf 84' lang='lat' dir='ltr'>Bracarensis,</span> <span class='ocrx_word' id='word_1_572' title='bbox 1516 2642 1704 2676; x_wconf 77' lang='lat' dir='ltr'>Fructuosi</span> <span class='ocrx_word' id='word_1_573' title='bbox 1727 2641 1876 2680; x_wconf 81' lang='lat' dir='ltr'>regulam</span> <span class='ocrx_word' id='word_1_574' title='bbox 1908 2646 2059 2670; x_wconf 87' lang='lat' dir='ltr'>commu-</span> 
     </span>
     <span class='ocr_line' id='line_1_94' title="bbox 1094 2687 2057 2735; baseline -0.015 -6"><span class='ocrx_word' id='word_1_575' title='bbox 1094 2706 1192 2735; x_wconf 89' lang='lat' dir='ltr'>nem,</span> <span class='ocrx_word' id='word_1_576' title='bbox 1218 2695 1386 2734; x_wconf 86' lang='lat' dir='ltr'>aliamque</span> <span class='ocrx_word' id='word_1_577' title='bbox 1407 2693 1594 2732; x_wconf 77' lang='lat' dir='ltr'>cujusdam</span> <span class='ocrx_word' id='word_1_578' title='bbox 1630 2691 1755 2722; x_wconf 77' lang='lat' dir='ltr'>Patris</span> <span class='ocrx_word' id='word_1_579' title='bbox 1771 2712 1780 2727; x_wconf 92' lang='lat'>‚</span> <span class='ocrx_word' id='word_1_580' title='bbox 1819 2688 1852 2719; x_wconf 78' lang='lat' dir='ltr'>et</span> <span class='ocrx_word' id='word_1_581' title='bbox 1886 2687 2057 2726; x_wconf 58' lang='lat' dir='ltr'>„vlaqtstrt</span> 
     </span>
     <span class='ocr_line' id='line_1_95' title="bbox 1094 2737 2055 2786; baseline -0.015 -7"><span class='ocrx_word' id='word_1_582' title='bbox 1094 2746 1241 2786; x_wconf 80' lang='lat' dir='ltr'>regulam</span> <span class='ocrx_word' id='word_1_583' title='bbox 1258 2769 1268 2783; x_wconf 92' lang='lat'>‚</span> <span class='ocrx_word' id='word_1_584' title='bbox 1293 2748 1325 2776; x_wconf 88' lang='lat' dir='ltr'>et</span> <span class='ocrx_word' id='word_1_585' title='bbox 1351 2742 1538 2776; x_wconf 82' lang='lat' dir='ltr'>Grimlaici</span> <span class='ocrx_word' id='word_1_586' title='bbox 1552 2741 1699 2780; x_wconf 86' lang='lat' dir='ltr'>regulam</span> <span class='ocrx_word' id='word_1_587' title='bbox 1713 2739 1954 2770; x_wconf 80' lang='lat' dir='ltr'>solitariorum.</span> <span class='ocrx_word' id='word_1_588' title='bbox 1972 2737 2055 2766; x_wconf 80' lang='lat' dir='ltr'>Hinc</span> 
     </span>
     <span class='ocr_line' id='line_1_96' title="bbox 1093 2783 2053 2829; baseline -0.017 0"><span class='ocrx_word' id='word_1_589' title='bbox 1093 2795 1276 2829; x_wconf 88' lang='lat' dir='ltr'>succedunt</span> <span class='ocrx_word' id='word_1_590' title='bbox 1310 2793 1424 2824; x_wconf 86' lang='lat' dir='ltr'>itidem</span> <span class='ocrx_word' id='word_1_591' title='bbox 1450 2793 1642 2822; x_wconf 84' lang='lat' dir='ltr'>Latinorum</span> <span class='ocrx_word' id='word_1_592' title='bbox 1676 2791 1810 2820; x_wconf 83' lang='lat' dir='ltr'>Patrum</span> <span class='ocrx_word' id='word_1_593' title='bbox 1845 2786 1977 2824; x_wconf 85' lang='lat' dir='ltr'>regulae</span> <span class='ocrx_word' id='word_1_594' title='bbox 2012 2783 2053 2814; x_wconf 88' lang='lat' dir='ltr'>ad</span> 
     </span>
     <span class='ocr_line' id='line_1_97' title="bbox 1093 2833 2049 2884; baseline -0.016 -7"><span class='ocrx_word' id='word_1_595' title='bbox 1093 2847 1266 2884; x_wconf 81' lang='lat' dir='ltr'>Virgines,</span> <span class='ocrx_word' id='word_1_596' title='bbox 1291 2845 1342 2874; x_wconf 88' lang='lat' dir='ltr'><strong>SS.</strong></span> <span class='ocrx_word' id='word_1_597' title='bbox 1372 2840 1584 2881; x_wconf 74' lang='lat' dir='ltr'>Auyustim’,</span> <span class='ocrx_word' id='word_1_598' title='bbox 1621 2837 1782 2870; x_wconf 72' lang='lat' dir='ltr'>Caesarii·</span> <span class='ocrx_word' id='word_1_599' title='bbox 1808 2840 1840 2866; x_wconf 87' lang='lat' dir='ltr'>et</span> <span class='ocrx_word' id='word_1_600' title='bbox 1864 2833 2049 2867; x_wconf 69' lang='lat' dir='ltr'>Aureliani</span> 
     </span>
     <span class='ocr_line' id='line_1_98' title="bbox 1095 2884 2054 2928; baseline -0.016 -1"><span class='ocrx_word' id='word_1_601' title='bbox 1095 2893 1254 2927; x_wconf 80' lang='lat' dir='ltr'>Donati.-</span> <span class='ocrx_word' id='word_1_602' title='bbox 1280 2891 1526 2928; x_wconf 76' lang='lat' dir='ltr'>vesontiensis,</span> <span class='ocrx_word' id='word_1_603' title='bbox 1548 2893 1580 2920; x_wconf 87' lang='lat' dir='ltr'>et</span> <span class='ocrx_word' id='word_1_604' title='bbox 1605 2889 1738 2921; x_wconf 87' lang='lat' dir='ltr'>alterius</span> <span class='ocrx_word' id='word_1_605' title='bbox 1775 2885 1961 2924; x_wconf 77' lang='lat' dir='ltr'>cujusdam</span> <span class='ocrx_word' id='word_1_606' title='bbox 1986 2884 2054 2914; x_wconf 83' lang='lat' dir='ltr'>Pa-</span> 
     </span>
     <span class='ocr_line' id='line_1_99' title="bbox 1095 2933 2052 2979; baseline -0.014 -4"><span class='ocrx_word' id='word_1_607' title='bbox 1095 2945 1163 2975; x_wconf 81' lang='lat' dir='ltr'>tris</span> <span class='ocrx_word' id='word_1_608' title='bbox 1185 2947 1217 2975; x_wconf 87' lang='lat' dir='ltr'>et</span> <span class='ocrx_word' id='word_1_609' title='bbox 1239 2941 1391 2973; x_wconf 83' lang='lat' dir='ltr'>Leandri</span> <span class='ocrx_word' id='word_1_610' title='bbox 1414 2939 1615 2979; x_wconf 80' lang='lat' dir='ltr'>Hispalensis</span> <span class='ocrx_word' id='word_1_611' title='bbox 1638 2942 1670 2969; x_wconf 90' lang='lat' dir='ltr'>et</span> <span class='ocrx_word' id='word_1_612' title='bbox 1699 2937 1740 2968; x_wconf 91' lang='lat' dir='ltr'>B.</span> <span class='ocrx_word' id='word_1_613' title='bbox 1763 2934 1924 2973; x_wconf 57' lang='lat' dir='ltr'>diluuii,</span> <span class='ocrx_word' id='word_1_614' title='bbox 1947 2933 2052 2964; x_wconf 77' lang='lat' dir='ltr'>Abba-</span> 
     </span>
     <span class='ocr_line' id='line_1_100' title="bbox 1092 2981 2051 3028; baseline -0.014 -4"><span class='ocrx_word' id='word_1_615' title='bbox 1092 2995 1135 3025; x_wconf 86' lang='lat' dir='ltr'>tis</span> <span class='ocrx_word' id='word_1_616' title='bbox 1158 2990 1545 3028; x_wconf 77' lang='lat' dir='ltr'>nicvallensis.1)enique</span> <span class='ocrx_word' id='word_1_617' title='bbox 1564 2987 1744 3019; x_wconf 85' lang='lat' dir='ltr'>succedunt</span> <span class='ocrx_word' id='word_1_618' title='bbox 1769 2983 1962 3024; x_wconf 85' lang='lat' dir='ltr'>appendicis</span> <span class='ocrx_word' id='word_1_619' title='bbox 1978 2981 2051 3013; x_wconf 88' lang='lat' dir='ltr'>loco</span> 
     </span>
     <span class='ocr_line' id='line_1_101' title="bbox 1090 3033 2048 3073; baseline -0.014 0"><span class='ocrx_word' id='word_1_620' title='bbox 1090 3045 1139 3073; x_wconf 89' lang='lat' dir='ltr'><strong>SS.</strong></span> <span class='ocrx_word' id='word_1_621' title='bbox 1165 3044 1299 3072; x_wconf 84' lang='lat' dir='ltr'>Patrum</span> <span class='ocrx_word' id='word_1_622' title='bbox 1315 3039 1562 3071; x_wconf 83' lang='lat' dir='ltr'>exhortationes</span> <span class='ocrx_word' id='word_1_623' title='bbox 1579 3037 1619 3067; x_wconf 84' lang='lat' dir='ltr'>ad</span> <span class='ocrx_word' id='word_1_624' title='bbox 1637 3035 1813 3067; x_wconf 71' lang='lat' dir='ltr'>monachos</span> <span class='ocrx_word' id='word_1_625' title='bbox 1837 3037 1868 3064; x_wconf 84' lang='lat' dir='ltr'>et</span> <span class='ocrx_word' id='word_1_626' title='bbox 1886 3033 2048 3071; x_wconf 71' lang='lat' dir='ltr'>Virgines,</span> 
     </span>
     <span class='ocr_line' id='line_1_102' title="bbox 1089 3082 2052 3123; baseline -0.013 0"><span class='ocrx_word' id='word_1_627' title='bbox 1089 3091 1243 3123; x_wconf 85' lang='lat' dir='ltr'>collectae</span> <span class='ocrx_word' id='word_1_628' title='bbox 1266 3098 1283 3120; x_wconf 89' lang='lat' dir='ltr'>a</span> <span class='ocrx_word' id='word_1_629' title='bbox 1315 3084 1488 3120; x_wconf 71' lang='lat' dir='ltr'>Benedicio</span> <span class='ocrx_word' id='word_1_630' title='bbox 1513 3087 1692 3118; x_wconf 78' lang='lat' dir='ltr'>Anianensi</span> <span class='ocrx_word' id='word_1_631' title='bbox 1710 3110 1720 3122; x_wconf 93' lang='lat'>‚</span> <span class='ocrx_word' id='word_1_632' title='bbox 1752 3086 1951 3115; x_wconf 82' lang='lat' dir='ltr'>Graecorum</span> <span class='ocrx_word' id='word_1_633' title='bbox 1973 3082 2052 3120; x_wconf 86' lang='lat' dir='ltr'>qui-</span> 
     </span>
     <span class='ocr_line' id='line_1_103' title="bbox 1086 3132 2051 3175; baseline -0.013 -3"><span class='ocrx_word' id='word_1_634' title='bbox 1086 3142 1160 3173; x_wconf 85' lang='lat' dir='ltr'>dem</span> <span class='ocrx_word' id='word_1_635' title='bbox 1183 3143 1235 3171; x_wconf 90' lang='lat' dir='ltr'><strong>SS.</strong></span> <span class='ocrx_word' id='word_1_636' title='bbox 1260 3139 1430 3170; x_wconf 78' lang='lat' dir='ltr'>Athanasii</span> <span class='ocrx_word' id='word_1_637' title='bbox 1449 3160 1458 3175; x_wconf 91' lang='lat'>,</span> <span class='ocrx_word' id='word_1_638' title='bbox 1478 3136 1588 3168; x_wconf 81' lang='lat' dir='ltr'>Basilii</span> <span class='ocrx_word' id='word_1_639' title='bbox 1615 3136 1722 3173; x_wconf 77' lang='lat' dir='ltr'>Magni</span> <span class='ocrx_word' id='word_1_640' title='bbox 1745 3137 1777 3164; x_wconf 86' lang='lat' dir='ltr'>ct</span> <span class='ocrx_word' id='word_1_641' title='bbox 1805 3132 1943 3170; x_wconf 81' lang='lat' dir='ltr'>Evagrii</span> <span class='ocrx_word' id='word_1_642' title='bbox 1981 3132 2051 3160; x_wconf 81' lang='lat' dir='ltr'>Mo-</span> 
     </span>
     <span class='ocr_line' id='line_1_104' title="bbox 1088 3181 2051 3222; baseline -0.013 0"><span class='ocrx_word' id='word_1_643' title='bbox 1088 3191 1211 3222; x_wconf 81' lang='lat' dir='ltr'>nachi:</span> <span class='ocrx_word' id='word_1_644' title='bbox 1235 3191 1426 3220; x_wconf 86' lang='lat' dir='ltr'>Latinorum</span> <span class='ocrx_word' id='word_1_645' title='bbox 1449 3195 1528 3218; x_wconf 81' lang='lat' dir='ltr'>vero</span> <span class='ocrx_word' id='word_1_646' title='bbox 1561 3185 1704 3220; x_wconf 80' lang='lat' dir='ltr'>Fausti,</span> <span class='ocrx_word' id='word_1_647' title='bbox 1743 3181 1936 3219; x_wconf 77' lang='lat' dir='ltr'>Eucherii,</span> <span class='ocrx_word' id='word_1_648' title='bbox 1967 3181 2051 3213; x_wconf 82' lang='lat' dir='ltr'>Cae-</span> 
     </span>
     <span class='ocr_line' id='line_1_105' title="bbox 1087 3231 2050 3275; baseline -0.011 -5"><span class='ocrx_word' id='word_1_649' title='bbox 1087 3240 1177 3270; x_wconf 73' lang='lat' dir='ltr'>sarii</span> <span class='ocrx_word' id='word_1_650' title='bbox 1200 3238 1423 3275; x_wconf 71' lang='lat' dir='ltr'>Arelatensis,</span> <span class='ocrx_word' id='word_1_651' title='bbox 1443 3235 1574 3268; x_wconf 69' lang='lat' dir='ltr'>Nouate·</span> <span class='ocrx_word' id='word_1_652' title='bbox 1592 3233 1778 3270; x_wconf 86' lang='lat' dir='ltr'>Catholici,</span> <span class='ocrx_word' id='word_1_653' title='bbox 1798 3231 1960 3268; x_wconf 80' lang='lat' dir='ltr'>Paulini,</span> <span class='ocrx_word' id='word_1_654' title='bbox 1980 3231 2050 3261; x_wconf 81' lang='lat' dir='ltr'>Eu-</span> 
     </span>
     <span class='ocr_line' id='line_1_106' title="bbox 1088 3281 2048 3329; baseline -0.009 -9"><span class='ocrx_word' id='word_1_655' title='bbox 1088 3289 1198 3329; x_wconf 76' lang='lat' dir='ltr'>tropii</span> <span class='ocrx_word' id='word_1_656' title='bbox 1221 3288 1377 3323; x_wconf 62' lang='lat' dir='ltr'>abbatis,</span> <span class='ocrx_word' id='word_1_657' title='bbox 1402 3290 1434 3317; x_wconf 85' lang='lat' dir='ltr'>et</span> <span class='ocrx_word' id='word_1_658' title='bbox 1459 3285 1589 3316; x_wconf 75' lang='lat' dir='ltr'>Incerti</span> <span class='ocrx_word' id='word_1_659' title='bbox 1611 3285 1725 3316; x_wconf 84' lang='lat' dir='ltr'>breves</span> <span class='ocrx_word' id='word_1_660' title='bbox 1757 3289 1926 3314; x_wconf 82' lang='lat' dir='ltr'>sermones</span> <span class='ocrx_word' id='word_1_661' title='bbox 1966 3281 2048 3312; x_wconf 79' lang='lat' dir='ltr'>duos</span> 
     </span>
     <span class='ocr_line' id='line_1_107' title="bbox 1088 3336 1492 3377; baseline -0.002 -7"><span class='ocrx_word' id='word_1_662' title='bbox 1088 3338 1128 3370; x_wconf 88' lang='lat' dir='ltr'>‹Ie</span> <span class='ocrx_word' id='word_1_663' title='bbox 1149 3338 1262 3370; x_wconf 75' lang='lat' dir='ltr'>dccciu</span> <span class='ocrx_word' id='word_1_664' title='bbox 1288 3336 1492 3377; x_wconf 75' lang='lat' dir='ltr'>Virginibus,</span> 
     </span>
     <span class='ocr_line' id='line_1_108' title="bbox 1532 3404 1576 3441; baseline 0 0"><span class='ocrx_word' id='word_1_665' title='bbox 1532 3404 1576 3441; x_wconf 70' lang='grc'><strong>21</strong></span> 
     </span>
    </p>
   </div>
  </div>
 </body>
</html>
