2500 3841
859 189 1335 231 ALEXANDER
2061 200 2113 239 59

110 279 182 321 per
191 264 485 307 Baithassarem
502 261 552 302 de
564 261 749 302 Hibernia
763 259 958 301 An.Dom.
974 263 1076 302 4486

117 331 157 368 in
183 329 218 367 4.

161 389 184 413 *
205 390 263 428 De
278 387 403 439 patria
421 387 495 424 viri
509 386 629 426 huius
648 385 753 424 docti
766 384 963 424 dissident
985 398 1075 426 cru-

109 450 180 490 diti
192 462 202 500 3
214 450 310 489 mihi
322 453 458 488 tamen
472 448 542 486 vix
560 447 752 487 dubitatio
768 451 962 498 superest,
980 449 1072 499 quia

108 512 375 551 Ferrariensis
389 508 618 549 censendus
633 510 799 559 sit,cum
821 509 861 547 in
881 511 1072 560 opusculo

112 574 200 613 eius
223 571 270 611 de
292 570 452 619 usuris,
477 569 582 621 quod
611 569 741 609 adhuc
760 572 799 608 in
818 571 924 609 vivis
946 582 1070 621 agens

109 645 173 673 an.
211 634 314 673 4486
351 631 538 684 produxit
557 660 566 680 ,
603 632 867 670 Ferrariensis
904 633 943 670 in
986 634 1069 684 ipsa

106 695 236 747 operis
256 694 388 733 fronte
414 693 624 732 scribatur.
647 694 735 742 (Ex
753 697 782 730 t.
802 693 878 742 VI)

159 752 667 801 ALEXANDERAtrebas,
678 754 864 793 Coenobii
878 754 1068 807 Aquz'cin—

106 817 205 858 otini
224 817 384 858 Ordinis
407 817 683 857 Cluniacensis
712 815 905 867 (Anchin)
933 817 1067 856 Abbas

105 883 274 919 octavus
297 879 336 918 S.
356 880 498 918 Mariae
522 879 626 917 circa
644 877 807 917 Annum
838 879 939 919 4200
971 880 1067 929 (non

103 940 308 980 secundus
328 941 554 979 Monasterii
575 941 614 979 S.
639 940 874 988 Salvatoris,
897 944 944 979 ut
971 941 1069 979 Vos-

103 1003 207 1051 sius,
231 1006 394 1041 notatus
416 1001 508 1040 inde
531 1012 554 1040 a
576 1001 753 1051 Sandio.)
777 1003 929 1041 Dicitur
943 1003 1066 1053 scrip-

101 1064 338 1103 sissevitam
348 1063 571 1102 decessoris
592 1063 653 1102 sui
669 1064 708 1102 S.
727 1063 914 1102 Gossvini
924 1064 1066 1103 defun-

101 1126 156 1164 cti
174 1124 291 1165 Anno
321 1126 443 1174 4496,
481 1126 504 1163 9
541 1125 741 1173 Octobris,
764 1125 912 1164 editam
940 1127 1062 1165 Duaci

101 1187 221 1237 4620,
240 1188 262 1226 4
286 1199 309 1227 a
326 1186 520 1226 Richardo
543 1186 737 1235 GibbonO,
755 1186 825 1225 sed
849 1189 985 1226 verius
999 1192 1062 1227 est

101 1248 212 1288 illam
236 1249 425 1300 scriptam
448 1259 471 1287 a
491 1247 646 1287 duobus
667 1248 884 1298 Monachis,
906 1251 974 1300 qui
1003 1251 1063 1288 vi-

97 1322 193 1350 xere
216 1311 291 1350 sub
309 1311 469 1350 Simone
488 1308 658 1358 Abbate,
682 1310 746 1360 qui
768 1309 860 1348 huic
889 1310 1062 1351 Alexan-

97 1371 168 1410 dro
187 1372 394 1411 successit.
428 1371 526 1410 Vide
547 1371 681 1410 Jacobi
717 1371 754 1409 le
788 1372 897 1423 Long
919 1373 1061 1412 Biblio-

98 1432 257 1472 thecam
276 1433 420 1471 Histor.
441 1432 591 1471 Galliae
614 1443 724 1471 num.
751 1432 866 1471 4830.

147 1491 799 1544 ALEXANDERAuqustinianus,
815 1494 927 1545 infra,
939 1494 1058 1536 Alex.

103 1554 152 1594 de
175 1554 302 1595 Oliva.
891 1561 895 1568 '

155 1616 489 1666 ALEXANDER,
507 1614 644 1656 Abbas
666 1618 706 1666 S,
725 1617 941 1669 Auqustinz·
957 1619 1062 1660 Can-

95 1677 329 1725 mariensis,
344 1679 448 1718 circa
463 1677 626 1718 Annum
646 1679 803 1718 CHristi
825 1680 893 1720 424
905 1680 929 1719 7
941 1680 1059 1732 cujus

93 1741 311 1779 exulcerati
329 1740 450 1779 animi
470 1741 726 1791 reprehendit
745 1742 1009 1781 acerbitatem
1027 1749 1068 1782 et

93 1801 242 1852 scripta
264 1801 362 1840 haec
385 1801 506 1840 refert
527 1802 684 1840 Pitseus
706 1813 793 1852 pag.
819 1803 909 1842 287.
935 1803 1058 1843 Victo-

92 1861 201 1900 riam
218 1874 246 1900 a
267 1863 420 1900 Proteo.
437 1862 600 1902 Librum
619 1873 743 1914 super
760 1863 890 1903 variis
904 1865 1056 1905 articu-

92 1921 142 1962 lis
157 1922 263 1974 fidei.
284 1924 338 1964 Et
356 1922 405 1962 de
426 1922 630 1963 Ecclesiae
639 1927 845 1975 potestate.
870 1926 927 1964 De
941 1930 1054 1977 pote-

90 1987 193 2024 state
214 1984 391 2033 vicaria,
415 1988 456 2024 et
478 1985 535 2023 De
557 1985 774 2025 cessatione
802 1986 956 2038 Papali.

117 2044 433 2086 ALEXANDER
445 2047 665 2086 Bassanus.
686 2048 806 2097 infra,
825 2047 943 2088 Aleoc.
966 2050 1053 2090 Ma-

91 2117 196 2158 yius.
330 2141 336 2147 .

143 2167 458 2211 ALEXANDER
496 2169 745 2222 Benedictus,
781 2172 1050 2223 Veronensis,

89 2230 265 2271 Medicus
284 2243 308 2271 a
328 2233 492 2273 Venetis
514 2232 708 2283 adscitus,
749 2234 928 2274 interfuit
949 2235 1052 2275 bello

18 2288 21 2291 ’
89 2291 206 2332 Anno
227 2294 330 2334 4495
343 2294 450 2346 quod
463 2296 502 2333 in
517 2295 631 2335 Italia
641 2296 765 2346 gessit
780 2296 946 2336 Carolus
965 2299 1053 2337 VIII

91 2353 239 2394 Galliae
257 2357 354 2395 Rex.
379 2357 547 2408 Scripsit
575 2358 709 2409 itaque
744 2359 920 2398 Diarium
947 2360 1053 2399 illius

90 2415 182 2455 belli
205 2417 374 2458 Carolini
397 2418 507 2457 libris
535 2418 691 2458 duobus
709 2419 760 2458 ad
782 2419 1052 2471 Augustinum

90 2477 352 2517 Barbadicum
370 2480 613 2519 Venetorum
627 2482 866 2533 Principem,
883 2493 1054 2533 quorum

93 2538 199 2588 prior
220 2542 283 2577 est
302 2538 349 2577 de
375 2540 568 2580 Tarrensi
580 2552 734 2592 puqna,
759 2543 860 2581 alter
883 2543 929 2582 de
952 2542 1055 2584 obsi-

91 2597 205 2637 dione
229 2597 346 2638 Urbis
367 2600 579 2640 Novariae.
599 2603 775 2641 Venetiis
800 2604 918 2653 4496,
949 2606 982 2643 4.
1013 2610 1054 2644 et

93 2659 144 2699 ad
166 2660 523 2700 calcem'Historiae
541 2663 718 2702 Venetae
741 2666 845 2704 Petri
864 2667 1054 2706 Justinia-

93 2723 155 2770 ni,
175 2721 426 2774 Argentorati
450 2723 544 2761 4644
573 2723 636 2760 fol.
660 2735 706 2762 ac
725 2725 897 2776 denique
922 2729 960 2765 in
989 2729 1053 2766 Jo-

94 2784 209 2823 annis
228 2784 383 2835 Georgii
405 2782 570 2822 Eccardi
589 2794 749 2836 corpore
772 2786 955 2827 historico
971 2801 1053 2828 me-

94 2843 148 2883 dii
172 2844 280 2894 aevi,
304 2844 458 2895 Lipsiae
475 2843 576 2883 4723
595 2845 657 2883 fol.
678 2850 772 2884 tom.
790 2848 824 2885 II
844 2859 929 2899 pag.
949 2850 1051 2889 4578

92 2909 138 2945 ut
174 2906 351 2945 Italicam
380 2906 569 2945 Ludovici
606 2908 798 2946 Dominici
827 2911 1051 2950 versionem

91 2967 256 3006 Venetis
269 2970 283 3008 4
295 2969 370 3008 549
401 2968 548 3008 editam
563 2970 755 3007 omittam.
772 2970 869 3009 Vide
878 2972 1051 3011 Diarium

91 3029 349 3069 Eruditorum
373 3031 507 3070 Italiae
527 3034 620 3069 torn.
646 3032 735 3070 XVI
755 3042 840 3082 pag.
865 3033 940 3070 468
963 3044 1049 3084 sqq.

92 3090 247 3140 Scripta
269 3089 356 3140 ejus
376 3091 425 3130 de
447 3103 488 3130 re
508 3092 660 3131 medica
675 3097 715 3131 et
734 3095 965 3143 anatomica,
983 3097 1050 3145 qui

91 3150 198 3189 volet
219 3162 270 3189 ex
291 3152 556 3203 Scriptoribns
575 3154 903 3193 Bibliothecarum
933 3156 1051 3194 Medi-

91 3220 243 3263 carum,
269 3213 476 3266 Lindenio,
496 3214 683 3254 Merklino
713 3220 752 3254 et
779 3217 960 3267 Mangeto
990 3229 1030 3257 re

96 3274 216 3321 petet.

1204 263 1225 286 ’ἓ
1243 265 1324 304 Nec
1343 265 1381 303 in
1399 268 1507 304 tomo
1520 264 1610 305 XVI
1627 265 1745 304 Diarii
1760 264 1948 305 Eruditor
1967 267 2113 316 Italiae,

1149 336 1223 364 nec
1245 326 1387 365 alicubi
1412 325 1608 366 indicatur
1629 325 1845 366 Alexandri
1883 327 2003 367 huius
2030 331 2112 380 epi-

1147 387 1246 426 stola
1263 387 1311 426 ad
1329 387 1930 439 SymphorianumCamperium
1954 390 2112 441 Lugdu—

1146 451 1313 479 nensem
1336 440 1531 479 Medicum
1554 441 1646 480 data
1665 453 1715 480 an
1737 442 1864 491 4508,
1887 455 2009 493 quam
2038 456 2111 495 ego

1145 512 1194 539 ex
1204 501 1434 540 collectione
1451 502 1709 552 epistolarum
1728 503 1777 542 ad
1793 504 1980 543 eumdem
1994 506 2111 545 Cam-

1142 563 1296 612 perium
1321 563 1561 613 scriptarum
1584 563 1690 602 edita
1713 565 1891 604 Venetiis
1919 576 1982 605 an.
2005 568 2109 606 4549

1143 625 1293 674 repetii.

1193 684 1506 724 ALEXANDER
1519 684 1819 737 Campolonyus,
1831 689 1916 728 sive
1931 689 1978 729 de
1990 691 2108 731 Cam-

1133 757 1186 796 po
1208 747 1356 796 Lonqo,
1380 747 1612 794 Patavinus,
1633 748 1686 786 JC
1695 753 1777 797 tus,
1813 751 1920 789 Prior
1942 753 1981 791 S.
2008 756 2105 793 Leo-

1141 806 1272 855 nardi,
1303 808 1454 845 Patavii
1484 807 1700 847 defunctus
1728 809 1774 848 Α.
1796 811 1922 861 4405,
1945 813 1993 852 de
2027 828 2107 866 quo

1139 867 1410 906 Bernardinus
1438 868 1704 908 Scardeonius
1733 870 1830 909 libro
1854 873 1887 911 ΙΙ
1913 873 1961 913 de
1990 877 2108 915 claris

1140 928 1297 967 civibus
1317 931 1534 969 Patavinis.

1191 988 1508 1031 ALEXANDER
1551 993 1768 1034 Monachus
1798 995 2105 1038 Cantaariensz's

1137 1051 1297 1090 Ordinis
1320 1053 1565 1092 Benedictini
1589 1055 1875 1106 Cluniacensis,
1900 1059 2104 1098 circaAn-

1138 1123 1235 1151 num
1263 1114 1419 1153 CHristi
1449 1115 1565 1155 4420.
1604 1117 1822 1168 Scripsisse
1856 1121 2029 1160 traditur
2056 1121 2105 1161 cle

1137 1173 1252 1214 dictis
1271 1176 1310 1215 S.
1332 1175 1526 1226 Anselmi,
1543 1178 1564 1201 ³*
1581 1178 1882 1220 Cantuariensis
1900 1182 2106 1235 Archiepi·

1136 1237 1255 1287 scopi.
1274 1238 1330 1276 De
1346 1237 1433 1277 Alio
1449 1238 1961 1282 AlexandroCantuariensi
1974 1245 2105 1295 junio—

1135 1308 1197 1346 re,
1222 1309 1360 1349 supra,
1383 1299 1521 1341 Abbas
1545 1303 1585 1341 S.
1606 1301 1833 1353 Auqustmi.

1186 1357 1503 1402 ALEXANDER
1530 1364 1766 1403 Monachus.
1790 1365 2100 1418 Carpinetanus.

1134 1419 1226 1459 vide
1248 1432 1340 1460 mox
1365 1423 1489 1462 Casae
1511 1422 1649 1462 novae.

1186 1481 1502 1524 ALEXANDER
1538 1485 1754 1525 Monachus
1793 1487 1922 1527 Casae
1954 1501 2100 1539 novae,

1134 1543 1295 1583 Ordinis
1311 1545 1607 1596 cisterciensis,
1630 1548 1668 1585 in
1685 1547 1852 1598 Aprutio
1872 1553 1982 1601 regni
1999 1554 2100 1591 Nea-

1133 1606 1209 1656 pol.
1225 1607 1426 1646 Dioecesis
1442 1609 1663 1647 Pennensis
1678 1611 1782 1649 circa
1796 1610 1960 1651 Annum
1977 1614 2099 1653 CHri-

1133 1668 1184 1705 sti
1206 1668 1320 1707 4300.
1336 1669 1503 1720 Scripsit
1519 1669 1742 1710 chronicon
1762 1671 1831 1711 sui
1846 1674 2095 1723 Monasterii,

1133 1729 1172 1767 S.
1196 1729 1485 1770 Bartholomaei
1508 1731 1557 1770 de
1583 1731 1813 1784 CarpinetO,
1834 1735 1944 1773 libris
1958 1737 2008 1775 VI
2031 1749 2098 1776 us-

1129 1802 1207 1840 que
1229 1791 1279 1829 ad
1303 1795 1483 1842 tempora
1506 1794 1632 1844 Papae
1664 1794 1880 1833 Coelestini
1917 1797 1983 1835 ΙΙΙ.
2014 1799 2093 1837 MS.

1129 1852 1204 1890 fuit
1226 1852 1331 1903 apud
1356 1853 1586 1903 Ughellum,
1611 1856 1678 1905 qui
1702 1855 1799 1894 illud
1814 1856 1938 1895 edidit
1954 1859 1993 1895 in
2018 1860 2096 1898 lta-

1128 1912 1179 1951 lia
1203 1914 1334 1953 Sacra.
1357 1915 1503 1953 Exstat
1522 1919 1617 1954 tom.
1643 1917 1698 1955 IX
1721 1928 1808 1967 pag.
1834 1917 1930 1957 4231
1967 1923 2093 1970 atque.

1127 1973 1312 2013 editionis
1335 1986 1463 2014 novae
1483 1980 1590 2015 tomo
1611 1979 1648 2016 X
1672 1989 1758 2029 pag.
1786 1979 1875 2017 349.

1178 2034 1492 2076 ALEXANDER
1516 2037 1745 2078 Castrensis
1769 2040 1807 2077 in
1832 2039 1974 2091 Anglia
1995 2042 2090 2092 Epi-

1126 2107 1271 2148 scopus
1300 2098 1375 2137 sub
1394 2099 1562 2137 Henrico
1585 2100 1638 2137 III
1662 2099 1827 2151 Angliae
1859 2102 1991 2151 Rege,
2022 2105 2092 2153 qui

1126 2158 1199 2197 suit
1221 2159 1271 2198 ab
1287 2157 1405 2198 Anno
1424 2160 1580 2199 CHristi
1602 2161 1704 2200 4226
1734 2161 1784 2201 ad
1827 2162 1943 2202 4272.
1977 2164 2091 2204 Com-

1125 2220 1340 2261 mentarios
1363 2220 1451 2272 ejus
1474 2222 1514 2260 in
1538 2223 1717 2262 Psalmos
1736 2229 1932 2264 memorat
1951 2225 2091 2265 Lelan-

1133 2281 1210 2320 dus
1229 2293 1313 2333 cap.
1339 2283 1430 2322 234.

1179 2341 1492 2383 ALEXANDER
1514 2343 1703 2395 Celesini,
1727 2348 1876 2386 rectius
1908 2347 2093 2397 Telesini,

1125 2404 1301 2444 Telesiae
1325 2406 1364 2444 in
1387 2416 1508 2458 regno
1537 2408 1716 2458 Neapoli,
1741 2409 1928 2448 Coenobii
1955 2408 2094 2448 Abbas-

1126 2465 1286 2506 Ordinis
1315 2467 1354 2506 S.
1386 2468 1606 2517 Benedicti,
1634 2471 1857 2520 composuit
1889 2468 2012 2509 libros
2038 2471 2098 2509 IV

1127 2530 1224 2577 (non
1247 2538 1342 2578 secc,
1363 2534 1409 2568 ut
1429 2531 1467 2567 in
1484 2529 1628 2569 Oudini
1644 2532 1940 2569 commentariis
1960 2532 2090 2581 legas)

1127 2587 1173 2626 de
1192 2587 1313 2628 rebus
1332 2589 1455 2640 yestis
1476 2590 1637 2641 Royerii
1658 2589 1750 2640 filii,
1773 2592 1822 2629 ab
1845 2591 1960 2630 Anno
1986 2593 2089 2631 4130

1127 2660 1255 2698 usque
1275 2649 1324 2688 ad
1343 2651 1446 2690 4452
1468 2653 1677 2702 utriusque
1696 2652 1848 2690 Siciliae
1863 2653 1999 2702 Regis,
2021 2655 2090 2703 qui

1126 2711 1301 2760 spirante
1335 2711 1466 2749 adhuc
1488 2713 1671 2762 Rogerio,
1693 2711 1809 2749 Anno
1835 2713 1937 2751 4136
1966 2725 2088 2763 quem

1126 2775 1305 2809 extremo
1325 2771 1420 2809 libro
1440 2777 1581 2821 quarto
1597 2783 1685 2822 pag.
1702 2773 1777 2810 664
1791 2772 1883 2811 edit.
1903 2775 2086 2813 Murator.

1125 2832 1355 2881 alloquitur,
1376 2833 1523 2882 scripti.
1547 2832 1644 2871 Vide
1665 2834 1827 2884 Pagium
1851 2833 1900 2872 ad
1924 2834 2088 2874 Annum

1129 2893 1230 2931 4435
1260 2904 1369 2932 num.
1395 2893 1457 2931 26.
1482 2898 1643 2932 exstant
1666 2896 1705 2933 in
1729 2894 1911 2934 Andreae
1936 2896 2089 2935 Schotti

1125 2954 1311 3004 Hispania
1328 2955 1523 2994 illustrata
1538 2959 1644 2994 tomo
1655 2957 1707 2995 Ill
1718 2957 1964 2996 Francofurti
1984 2959 2085 2997 4613

1127 3015 1187 3052 fol.
1214 3019 1302 3064 post
1336 3015 1534 3054 editonem
1558 3018 1785 3068 Hieronymi
1807 3020 1962 3057 Suritac
1991 3031 2085 3058 cum

1126 3075 1321 3115 Gaufredo
1358 3078 1563 3117 Malaterra
1593 3080 1780 3118 Monacho
1820 3085 1860 3118 et
1893 3080 2087 3120 indicibus

1177 3241 1192 3256 ·
1209 3242 1356 3274 Meminit
1368 3242 1465 3284 hujus
1478 3244 1651 3277 Alexandri
1668 3247 1699 3277 S.
1715 3245 1889 3279 Anselmus
1905 3249 2011 3289 Epist.
2032 3252 2088 3283 ΙΙΙ.

1118 3290 1160 3323 45
1177 3293 1208 3324 et
1225 3292 1276 3325 lv.
1294 3292 1335 3324 57
1351 3292 1409 3325 ubi
1425 3291 1576 3332 fratrem
1593 3298 1627 3326 et
1642 3294 1757 3335 filium
1772 3295 1926 3336 appellat.
