2500 3841
917 195 1344 237 DOMINICUS

132 285 223 314 rum
243 269 445 312 Edmundi
467 270 643 309 Martene
667 273 708 307 et
730 268 860 307 Ursini
885 268 1061 308 Durandi
1080 298 1088 317 ,

131 336 266 374 brevis
289 332 453 372 historia
470 329 630 369 Ordinis
654 330 975 370 praedicatorum
999 342 1088 381 pag.

132 398 222 436 334.
244 394 489 435 Brevissima
504 392 702 432 Chronica
720 394 998 443 Magistrorum
1023 404 1089 443 ge-

133 458 329 497 neralium
363 455 524 495 Ordinis
562 466 647 505 pag.
674 453 862 494 344-398.
886 456 1087 494 Numerus

128 519 476 558 monasteriorium
499 517 731 556 monialium
756 529 842 567 pag.
870 517 958 556 539.
993 518 1087 554 Bre-

127 582 192 620 vis
213 580 378 619 historia
400 580 639 619 Conventus
661 579 897 618 parisiensis
917 578 1086 616 fratrum

127 643 451 683 Praedicatorum
476 652 563 692 pag.
596 641 685 680 549.

173 703 350 743 Leandri
368 702 538 751 Alberczg
558 703 820 741 Bononiensis
842 702 890 741 de
913 702 1017 742 Viris
1042 700 1086 738 il-

124 766 319 806 lustribus
342 765 503 804 Ordinis
527 765 847 804 Praedicatorum
867 794 875 814 ,
904 764 991 803 libri
1020 763 1085 802 VI.

123 828 322 868 Bononiae
349 826 465 876 4547,
491 827 554 865 fol.
573 838 667 866 cum
691 827 934 877 praefatione
955 825 1084 864 Ludo-

124 891 204 929 vici
228 889 451 941 Rhodigini.
476 890 529 928 Et
553 890 699 928 Italice:
722 889 832 928 Delle
856 888 990 927 donne
1009 887 1084 925 che

125 963 223 991 sono
247 956 352 991 state
376 952 520 990 illustri
543 952 647 990 nella
679 951 949 990 Domenicana
982 949 1085 988 Reli-

123 1016 250 1065 gione.
277 1014 328 1052 ib.
366 1014 549 1054 Labbeus
581 1017 692 1052 notat
728 1012 938 1052 Albertum
964 1022 1083 1050 usum

122 1077 247 1116 fuisse
265 1076 418 1127 prolixo
439 1076 635 1115 Chronico
655 1074 816 1115 Ordinis
837 1072 1084 1112 Praedicato-

119 1150 211 1177 rum
234 1138 435 1176 Ambrosii
463 1137 598 1189 Taeyii
626 1136 934 1176 Mediolanensis
955 1164 963 1182 ,
986 1136 1083 1173 scri-

119 1201 281 1252 ptisque
300 1200 448 1239 Nicolai
472 1199 722 1251 Baynatorii,
739 1200 760 1237 J
764 1200 904 1237 oannis
923 1195 1081 1245 Caroli,

118 1262 312 1301 Johannis
341 1260 502 1300 Antonii
527 1265 568 1300 et
606 1261 828 1300 Sebastiam
869 1257 1084 1297 Flaminio-

117 1335 236 1373 rum,
258 1321 471 1362 Francisci
496 1323 715 1363 Castilionii
736 1352 745 1369 ,
780 1324 945 1361 Joannis
981 1321 1084 1359 Gar-

120 1385 232 1425 zonis
248 1417 259 1435 ,
274 1385 567 1424 Bartholomaei
593 1383 785 1424 Mortarii
795 1417 806 1433 ,
826 1382 985 1423 Nicolai
1001 1384 1083 1422 Bri-

119 1449 239 1497 xiam,
255 1451 296 1487 et
315 1447 472 1498 Georgii
485 1445 738 1495 Ravennatii,
755 1446 1081 1486 Mediolanensis.

173 1508 380 1548 Ambrosii
396 1507 443 1547 de
465 1507 680 1547 Altamura
697 1509 730 1557 a)
752 1508 995 1547 Bibliotheca
1009 1507 1086 1545 Do-

117 1572 316 1610 minicana
339 1571 388 1610 ab
419 1569 537 1610 Anno
576 1571 696 1610 4242.
718 1570 768 1609 ad
794 1571 910 1609 4600.
935 1570 1083 1607 Romae

119 1632 233 1673 4677.
252 1633 315 1672 fol.
332 1632 527 1683 Ejusdem
547 1633 747 1683 Panagion
762 1633 1083 1678 Dominicanum,

115 1696 277 1747 Neapoli
303 1694 420 1735 4674.
447 1696 486 1733 8.

169 1756 342 1796 Jordani
372 1755 586 1796 Ansalonii
615 1757 739 1796 Siculi
771 1757 878 1795 vitae
919 1757 1089 1794 Sancto—

118 1831 208 1859 rum
228 1818 388 1858 Ordinis
407 1818 728 1857 Praedicatorum
744 1830 794 1857 ex
814 1820 850 1857 4.
867 1822 908 1856 et
928 1819 965 1856 2.
985 1819 1089 1857 Cen-

122 1882 229 1920 turia
251 1880 492 1920 Ferdinandi
517 1880 699 1919 Castillo.
721 1881 800 1919 MS.

173 1941 349 1982 Arnaldi
370 1941 417 1980 de
435 1941 579 1980 BADE
586 1942 648 1981 TO
671 1943 885 1992 margarita
905 1942 1089 1980 Virorum

123 2006 339 2045 illustrium
364 2004 526 2044 Ordinis
549 2003 884 2043 Praedicatorum.
925 2004 1090 2042 Tolosae

131 2069 250 2108 4525.
274 2067 311 2106 [1.

173 2128 365 2177 Nicolaus
405 2127 690 2179 Baynatorius.
731 2139 878 2179 supra,
909 2127 1090 2167 Leander

124 2190 330 2230 Albertus.

178 2251 398 2292 Timotheus
430 2253 620 2291 Botconus
635 2283 646 2301 ,
662 2252 790 2302 infra,
814 2251 1091 2291 Ferdinandus

127 2315 175 2354 de
197 2313 376 2355 Castillo.

173 2376 409 2428 Hieronymi
427 2375 678 2415 Albertuccii
699 2376 746 2415 de
770 2375 963 2416 Bersellis
978 2409 990 2426 7
1019 2380 1093 2416 Bo—

125 2440 357 2487 noniensis,
386 2439 464 2488 (qui
491 2438 565 2477 An.
593 2438 709 2478 4497.
741 2439 848 2485 obiit)
889 2438 1091 2486 Annales,

124 2501 349 2541 Chronicon
385 2504 426 2538 et
465 2500 639 2539 Tabulae
678 2500 727 2538 de
770 2500 892 2539 rebus
933 2500 1094 2538 Ordinis

123 2561 444 2602 Praedicatorum
462 2591 471 2610 ‚
489 2562 676 2611 Virisque
693 2561 918 2599 illustribus
937 2563 1096 2611 provin-

123 2625 206 2663 ciae
228 2623 504 2662 Bononiensis.
523 2623 632 2661 MSS.
649 2623 973 2662 Bononiae.Vide
990 2623 1094 2668 Que-

129 2686 247 2725 tifum
271 2689 369 2723 tom.
394 2686 408 2724 4
436 2713 444 2733 ,
470 2696 558 2735 pag.
586 2684 677 2723 882.

179 2744 321 2785 Jacobi
335 2747 494 2797 Buyens
519 2746 632 2784 Vitae
657 2745 872 2783 illustrium
911 2746 1094 2784 Virorum

126 2808 346 2859 Anglorum
366 2836 374 2855 ‚
402 2808 612 2846 Scotorum
632 2837 640 2852 ‚
667 2807 874 2845 Saxonum
899 2811 939 2844 et
959 2808 1097 2858 Belga-

127 2881 217 2909 rum
230 2869 391 2908 Ordinis
408 2869 744 2907 Praedicatorum.
758 2868 835 2907 MS.
848 2868 939 2907 vide
949 2869 1097 2907 Echar-

130 2931 229 2970 dum
255 2934 349 2968 tom.
376 2931 426 2979 2,
451 2941 540 2981 pag.
566 2931 655 2969 356.

183 2990 409 3030 Abrahami
430 2992 576 3030 Bzovii
597 2991 775 3030 Annales
797 2991 958 3030 Ordinis
982 2994 1097 3031 Prae-

132 3054 354 3092 dicatorum
374 3053 470 3092 MSti
488 3083 497 3104 ,
519 3053 674 3103 aliaque
691 3085 701 3101 2
721 3053 768 3091 de
788 3054 934 3102 quibus
953 3054 1098 3093 11011111·-

132 3115 209 3154 dus
232 3119 326 3154 tom.
352 3116 405 3162 2,
428 3125 514 3165 pag.
543 3115 630 3153 491.

189 3264 222 3303 a)
247 3265 397 3296 Censura
417 3264 575 3296 Richardi
600 3265 746 3296 Simonis
771 3268 851 3296 tom.
877 3266 897 3296 <2
925 3265 1007 3297 Bibl.
1032 3266 1105 3296 Cri-

137 3315 224 3346 tiene
247 3321 321 3353 cap.
343 3313 376 3346 4.
401 3322 476 3354 pag.
500 3313 551 3346 88.

1216 267 1441 307 Luclovz'cus
1458 265 1505 305 cle
1531 265 1594 305 CA
1603 261 1774 304 CEGAS
1794 263 1953 313 scripsit
1970 263 2124 301 Lusita-

1166 331 1251 369 nice
1282 330 1487 368 historiam
1517 327 1678 367 Ordinis
1722 323 2043 364 Praedicatorum
2087 325 2124 361 iu

1163 392 1378 431 ditionibus
1403 391 1661 437 Lusitanicis,
1678 386 1796 438 cujus
1811 387 1939 438 prima
1958 397 2051 437 pars
2067 387 2127 424 lu-

1162 466 1250 493 cem
1274 454 1374 492 vidit
1392 454 1506 493 4633.
1527 453 1589 491 fol.
1616 449 1792 489 secunda
1816 460 1838 487 a
1860 447 2059 487 Ludovico
2077 448 2125 485 de

1163 517 1302 555 Sousa.
1337 516 1452 555 4662.
1479 515 1542 553 fol.
1569 514 1806 563 Ulissipone.

1214 576 1460 629 Hyacinthus
1483 573 1686 623 Cambz‘us,
1708 574 1820 623 infra,
1843 572 2122 612 Ferdinandus

1161 639 1209 678 de
1237 637 1416 678 Castillo.

1212 701 1384 738 Joannes
1408 697 1581 738 Carolus
1597 730 1606 747 ,
1633 698 1913 746 Florentinus‚
1935 708 2071 748 supra,
2088 697 2125 733 in

1160 762 1340 800 Leandro
1363 759 1538 799 Alberto.

1212 822 1368 862 Alberti
1388 821 1619 871 Castellani‚
1644 822 1800 871 Veneti,
1826 822 2041 872 Catalogus
2061 821 2130 858 Vi-

1158 897 1294 925 rorum
1320 886 1538 924 illustrium
1562 884 1724 922 Ordinis
1745 883 2008 921 Praedicator.
2025 884 2128 921 Con-

1159 948 1388 986 stitutiones
1433 951 1473 985 et
1511 947 1739 997 Privilegia,
1781 945 2005 984 Chronicon
2052 949 2126 983 etc.

1156 1009 1254 1050 Vide
1275 1009 1504 1048 Echardum
1535 1013 1630 1046 tom.
1653 1009 1696 1057 2,
1722 1019 1808 1058 pag.
1837 1008 1897 1045 48.

1216 1071 1382 1110 Thomae
1406 1071 1453 1110 cle
1476 1070 1677 1111 Castellar
1692 1070 1863 1108 Historia
1887 1073 1927 1107 et
1945 1070 2128 1118 Progresae

1159 1145 1229 1173 sus
1252 1135 1482 1172 Provinciae
1506 1134 1735 1172 Mexicanae
1764 1131 1860 1170 Ord.
1884 1130 2020 1170 Praed.
2050 1130 2126 1168 MS.

1159 1200 1199 1233 et
1229 1195 1479 1246 Triumphus
1508 1196 1730 1245 Martyrum
1752 1193 1826 1232 An.
1851 1192 1965 1232 4580.
1992 1192 2130 1242 Hispa-

1160 1259 1263 1296 nice.

1213 1320 1459 1360 Franciscus
1486 1318 1761 1370 Castilionius,
1785 1318 2042 1357 Florentinus
2064 1327 2130 1354 su-

1158 1395 1226 1434 pra
1247 1413 1254 1430 ,
1280 1384 1462 1422 Leander
1484 1382 1687 1421 Albertus.

1213 1447 1246 1484 F
1250 1445 1499 1484 ordinandus
1524 1444 1570 1483 cle
1596 1443 1763 1484 Cascillo
1782 1449 1822 1483 et
1846 1441 2038 1481 Johannis
2059 1442 2132 1481 Lo-

1153 1521 1231 1561 pez
1251 1509 1415 1547 historia
1437 1508 1597 1558 general
1616 1507 1664 1545 de
1681 1508 1720 1545 S.
1735 1508 1928 1556 Domingo
1948 1518 1975 1556 y
1995 1505 2044 1543 de
2061 1516 2133 1543 suo

1159 1571 1293 1611 Orden
1309 1570 1357 1608 de
1375 1570 1630 1609 Predicatori.
1645 1569 1863 1607 Vallisoleti
1887 1569 1953 1607 464
1968 1570 1981 1606 4
1994 1597 2002 1605 .
2017 1569 2030 1608 ¹1
2043 1567 2084 1606 64
2096 1567 2132 1605 2.

1161 1634 1277 1673 4645.
1305 1633 1421 1672 4621.
1450 1632 1565 1671 4622.
1594 1632 1657 1669 fol.
1687 1632 1867 1681 quinque
1891 1630 1989 1669 Voll.
2016 1634 2057 1667 et
2082 1641 2133 1668 ex

1157 1696 1369 1745 Hispanico
1394 1694 1548 1742 italice⁷
1575 1693 1782 1732 Timotheo
1807 1695 1976 1731 Bottono
2015 1693 2137 1729 inter-

1158 1762 1284 1807 prete,
1311 1758 1460 1795 Tomus
1482 1757 1509 1794 I.
1536 1760 1577 1794 et
1601 1757 1648 1794 II.
1674 1756 1853 1794 Venetiis
1877 1759 1917 1793 et
1952 1754 2134 1793 Panormi

1162 1819 1276 1857 4626.
1300 1818 1362 1856 fol.
1394 1822 1515 1867 atque
1539 1817 1761 1867 Hyacintho
1791 1817 1839 1856 de
1869 1818 2023 1865 Janua,
2050 1817 2135 1854 sivc

1164 1880 1506 1928 Genuensis‚tom.
1528 1881 1592 1918 III.
1610 1881 1673 1918 IV.
1690 1884 1730 1917 et
1751 1880 1796 1918 V.
1825 1880 1998 1917 Florent.
2018 1877 2134 1917 4643.

1167 1942 1228 1980 fol.
1251 1941 1347 1980 Vide
1373 1952 1519 1992 supra,
1549 1940 1749 1979 Jordanus
1777 1939 2040 1979 Ansalonius.

1221 2004 1282 2054 (93
1301 2005 1417 2042 Parte
1438 2004 1484 2041 ΙΙ.
1508 2004 1680 2042 tradotta
1703 2003 1754 2042 da
1774 2003 1924 2053 Filippo
1941 2002 2135 2052 Pigafetta

1166 2068 1343 2114 Firenze,
1374 2066 1512 2104 Giunti
1543 2066 1673 2115 4596,
1705 2066 1766 2103 fol.
1793 2064 1840 2103 ed
1873 2063 2085 2102 emendata
2114 2074 2135 2100 e

1167 2127 1318 2166 ridotta
1348 2129 1385 2164 in
1409 2128 1564 2177 miglior
1584 2128 1720 2178 lingua
1744 2126 1808 2165 dal
1830 2128 1868 2165 P.
1891 2128 1932 2164 F.
1956 2126 2136 2163 Giacinto

1169 2189 1207 2228 di
1237 2189 1413 2228 Genova.
1444 2189 1625 2228 Palermo
1657 2189 1787 2238 4626,
1818 2188 1842 2226 f.

1220 2253 1336 2290 Parte
1366 2253 1418 2290 ΙΙΙ
1449 2251 1513 2290 del
1543 2253 1583 2290 P.
1615 2253 1655 2290 F.
1686 2251 1771 2289 Gio.
1802 2252 1931 2301 Lopez
1964 2249 2138 2288 tradotta

1166 2313 1229 2352 dal
1253 2315 1294 2352 P.
1318 2315 1358 2352 F.
1388 2314 1570 2353 Giacinto
1601 2313 1740 2353 Cambi
1771 2313 2048 2362 (Fiorentino).
2078 2313 2139 2349 Fi-

1167 2388 1314 2426 renze,
1338 2378 1457 2415 Massi
1488 2389 1509 2415 e
1539 2376 1663 2415 Landi
1695 2376 1825 2421 4645,
1856 2375 1908 2422 f.)

1221 2438 1387 2476 Joannis
1401 2436 1606 2477 Michaelis
1623 2436 1853 2485 Cavalieri,
1872 2437 2133 2486 Bergomatis,

1168 2501 1323 2539 Galeria
1354 2501 1413 2538 de’
1430 2500 1621 2539 Pontefiei
1640 2500 1899 2538 Domenicani
1923 2509 1944 2535 e
1969 2498 2138 2535 Patriar-

1169 2561 1246 2610 chi,
1266 2560 1526 2599 Arcivescovi
1552 2561 1768 2600 eVescovi.
1782 2561 2002 2598 Beneventi
2019 2559 2134 2597 4696.

1171 2623 1205 2660 4.
1233 2622 1389 2661 duobus
1411 2622 1649 2661 Voluminib.
1676 2621 1824 2660 Confer
1845 2619 2025 2670 Pompeji
2038 2621 2137 2659 Sar-

1169 2683 1265 2722 nelli
1290 2684 1511 2734 Epistolam
1532 2683 1859 2723 Ecclesiasticam
1875 2682 1951 2720 XL.
1969 2685 2009 2720 et
2024 2682 2135 2721 infra.

1168 2747 1405 2786 Vincentius
1424 2747 1544 2785 Maria
1566 2746 1600 2783 F
1602 2749 1761 2783 ontaiza.

1223 2807 1472 2859 Hyacinthus
1487 2805 2034 2859 Οῆοᾳῑιείῖιιε,11151110ηεί500
2047 2817 2138 2844 san-

1170 2872 1246 2908 ctis
1276 2871 1396 2920 Belgii
1414 2899 1423 2914 ‚
1449 2869 1542 2908 Ord.
1570 2868 1704 2907 Praed.
1744 2868 1865 2906 Duaci
1891 2868 2006 2906 4608.
2034 2869 2068 2904 8.
2095 2873 2132 2905 et

1169 2944 1218 2970 cx
1238 2933 1374 2970 Latino
1398 2932 1555 2981 Belgico
1580 2943 1601 2970 a
1619 2929 1849 2969 Leonhardo
1869 2929 2133 2979 Jaussonboy.

1171 2995 1380 3044 Antwerp.
1409 2995 1525 3032 4641.
1549 2996 1584 3031 8.

1228 3055 1374 3106 Iynatii
1393 3055 1547 3095 Ciantis
1565 3053 1826 3094 Ccrimonialc
1843 3052 2004 3091 Ordinis
2021 3054 2136 3092 Prac-

1173 3118 1408 3156 dis-ntorum.
1433 3118 1592 3168 Neapoli
1619 3119 1734 3156 4658.
1761 3118 1796 3154 8.

1228 3178 1406 3217 Clemens
1443 3182 1586 3217 Scotus
1612 3179 1659 3216 de
1687 3181 1869 3228 ingressu
1908 3178 2068 3216 Ordinis
2093 3180 2130 3216 in

1174 3242 1360 3279 Scotiam.

1229 3303 1405 3340 Annales
1427 3304 1773 3341 Doininicanorum
1803 3301 2134 3342 Colmariensium
