2500 3841
923 229 1150 269 FELIX

103 296 251 337 FELIX
271 295 568 336 MALLEOLUS
579 296 826 346 (Germanico
839 301 997 341 nomine

50 357 330 408 Hammerlein)
351 359 480 397 Patria
495 360 718 410 TigurinuS,
740 362 997 403 Decretorum

52 423 195 462 Doctor
232 421 522 470 Bononiensis⁷
554 423 806 473 Praepositus
836 425 1000 476 Solodu-

52 485 198 525 riensis
224 487 264 523 et
292 483 342 522 ab
358 481 442 522 -An.
475 484 588 523 4428.
614 486 761 525 Cantor
784 486 1000 526 Thuricen-

52 548 133 596 sis,
162 547 248 585 sive
277 546 486 596 Tigurinae
526 547 752 596 Ecclesiae,
789 549 882 588 obiit
923 549 998 589 An.

52 609 168 649 ⁴456.
189 607 293 660 'Ejus
327 607 557 648 Passionale
584 611 742 650 MStum
771 611 904 662 Tiguri
923 644 934 661 ,
959 617 999 651 et

49 671 226 711 Gesnero
259 671 483 722 inspectum
507 676 569 710 est
599 671 788 724 Dialoyus
823 675 1000 714 auctoris

8 744 10 747 ’
49 735 88 772 et
111 731 328 784 patientiae
358 734 605 773 consolantis
630 735 786 786 ipsum,
818 747 895 786 quo
918 742 1000 776 toto

0 3110 1 3134 l

0 3140 2 3180 i

0 3187 1 3208 l

50 796 131 835 fere
173 795 247 835 hoc
280 796 360 847 agit
397 800 500 835 teste
541 798 769 848 Hottingero
807 810 895 850 pag.
936 801 999 840 22.

50 857 219 897 Scholae
259 859 500 909 Tigurinae,
543 864 587 899 ut
616 860 754 899 doceat
783 861 1001 901 Canonicos

1934 233 2014 272 563

1071 302 1281 341 rationum.
1303 303 1358 342 De
1375 301 1607 341 credulitate
1620 301 1876 341 daemonibus
1902 302 2016 342 adhi-

1074 362 1225 413 benda,
1251 367 1364 416 (quae
1390 366 1464 404 tria
1497 366 1646 404 inserta
1674 366 1793 404 etiam
1822 370 1929 404 tomo
1957 377 2019 405 se-

1071 427 1200 466 cundo
1224 428 1354 466 mallei
1380 427 1674 476 maleficarum.)
1692 428 1747 466 De
1769 425 1917 466 arbore
1941 431 2019 467 tor-

1073 487 1205 527 culari
1225 489 1398 528 ducendo
1420 489 1460 527 in
1481 488 1542 528 die
1563 487 1672 540 festo.
1694 490 1749 527 De
1769 489 2019 528 matrimonio

1071 561 1140 589 seu
1162 550 1424 603 sponsalibus.
1448 552 1503 589 De
1524 549 1632 603 furto
1670 549 1935 603 reliquiarum
1978 555 2018 591 et

1071 611 1163 651 aliis
1182 612 1306 652 rebus
1326 625 1452 665 nuper
1476 625 1515 651 in
1537 613 1774 652 monasterio
1813 614 1855 651 B.
1891 613 2016 665 Virqi-

1072 675 1135 713 nis
1175 673 1250 714 loci
1290 675 1562 713 Eremitarum
1594 686 1671 726 per
1714 679 1795 714 tres
1826 687 2022 726 personas

1072 736 1308 776 miraculose
1329 735 1534 774 commisso
1561 740 1599 774 et
1618 736 1780 775 deducto
1797 741 1832 775 et
1849 737 2021 789 finaliter

1072 802 1228 850 reperto
1277 802 1316 837 et
1362 802 1610 849 recuperato.
1666 798 1842 849 Epistola
1882 803 2019 838 contra

1071 860 1266 912 quendam
1295 858 1513 911 superbum
1544 859 1754 899 Clericum.
1784 860 1928 899 Forma
1950 873 2019 913 ap-

50 918 118 959 sui
150 918 335 972 temporis
371 919 519 973 ineptos
548 920 760 974 plerosque
797 922 923 975 fuisse
965 927 1004 962 et
1066 921 1289 974 pellationis
1326 925 1464 960 contra
1506 920 1700 972 quendam
1740 921 2017 971 Cardinalem,

50 981 169 1036 officii
195 982 463 1033 immemores,
493 983 665 1034 inylorz'a
691 987 844 1024 ventris
891 997 1001 1024 man—

53 1043 170 1095 cipia.
195 1043 376 1084 Alterum
412 1045 641 1085 Passionale
663 1047 863 1099 virqinum
886 1047 1000 1087 nubi-

51 1104 148 1145 lium
170 1105 343 1144 nondum
364 1111 584 1159 nuptarum
605 1138 612 1156 ,
637 1120 725 1148 cum
755 1109 902 1149 Mundo
936 1110 1000 1149 de-

46 1167 236 1220 qentium.
262 1168 451 1219 Ejusdem
490 1171 765 1222 Repertorium
801 1172 999 1224 copiosum

49 1230 260 1282 utriusque
288 1230 414 1270 Juris.
457 1232 514 1271 De
549 1231 750 1272 nobilitate
778 1238 817 1273 et
840 1234 1000 1273 rustici-

52 1296 129 1332 tate
156 1291 374 1345 Dialoqus,
403 1293 452 1334 ad
480 1295 631 1333 Ducem
662 1297 829 1336 Africae.
853 1297 908 1336 De
935 1309 999 1336 as-

51 1355 199 1396 sasinis
219 1354 262 1395 in
288 1358 434 1395 mortes
473 1356 704 1408 Principum
742 1357 997 1399 tendentibus.

51 1419 108 1457 De
136 1417 415 1458 misericordia
444 1419 612 1470 captivis
639 1424 677 1459 et
702 1420 896 1474 defunctis
927 1421 998 1461 im-

43 1479 264 1532 pendenda.
288 1481 344 1520 De
357 1479 466 1520 aeris
481 1480 823 1534 distemperatione
834 1487 1000 1536 propter

49 1542 299 1595 quorundam
337 1542 537 1583 hominum
582 1544 784 1585 cadavera
820 1559 897 1585 non
923 1547 999 1586 rite

48 1604 214 1659 sepulta.
241 1606 298 1646 De
322 1603 473 1645 balneis
502 1606 758 1647 naturalibus
784 1610 821 1647 in
848 1609 999 1660 sylloge

47 1669 198 1708 Veneta
217 1668 267 1708 de
289 1669 443 1708 balneis
468 1681 555 1721 pag.
581 1671 670 1710 290.
698 1673 913 1710 Processus
929 1671 1000 1723 ju-

48 1729 244 1770 diciarius
260 1742 398 1770 coram
416 1731 671 1783 omnipotente
688 1734 795 1773 DEO
810 1734 912 1772 inter
931 1745 1000 1771 no-

49 1791 146 1833 biles
170 1797 209 1832 et
225 1793 331 1833 cives
358 1793 614 1834 Thuricenses
638 1807 694 1835 eoe
721 1808 815 1844 una,
845 1800 884 1835 et
910 1795 998 1836 Svi-

49 1858 176 1895 tenses
204 1867 294 1895 cum
321 1855 575 1908 complicibus
604 1869 660 1896 eac
697 1857 826 1896 altera
863 1861 994 1909 parte.

47 1916 242 1968 Ejusdem
271 1919 405 1957 variae
418 1918 692 1959 delectationis
707 1920 910 1971 Opuscula
927 1932 995 1958 ex—

45 1991 142 2019 cusa
177 1980 355 2019 Basileae
390 1979 518 2030 4497,
566 1982 629 2021 fol.
666 1987 708 2021 et
746 1982 997 2034 Argentorati

49 2043 165 2090 ⁴532,
187 2035 230 2081 4(
248 2043 392 2092 quibus
408 2043 559 2083 abusus
584 2055 748 2084 suorum
767 2048 992 2095 temporum

38 2105 200 2150 ,fortiter
222 2108 262 2143 et
281 2104 440 2143 cordate
455 2102 708 2156 reprehendit
725 2119 733 2144 ε
757 2106 908 2145 Contra
922 2117 994 2144 va-

47 2165 145 2206 lidos
163 2166 436 2206 mendicantes.
463 2169 498 2217 a>
531 2168 681 2207 Contra
709 2167 994 2217 Anachoretas,

46 2228 275 2281 Beqliardos
288 2229 562 2282 Beyhinasque
577 2229 803 2282 sylvestres.
818 2229 996 2268 Lolllzar-

47 2290 188 2330 dorum
229 2290 451 2343 descriptio,
500 2291 639 2331 Glossa
677 2291 880 2331 bullar-um
920 2303 997 2344 per

45 2353 272 2405 Beqhardos
294 2353 612 2405 impetratarum.
638 2355 694 2394 De
731 2354 885 2406 neqocio
916 2357 997 2395 Μο-

45 2415 278 2456 nacliorum.
302 2417 358 2456 De
375 2416 558 2470 plebanis
582 2421 621 2461 et
637 2416 834 2469 reli9iosis
849 2418 997 2457 mendi-

22 2476 239 2518 ·cantibus.
264 2479 320 2518 De
342 2478 541 2530 reliqiosis
566 2479 850 2532 proprietariis
876 2491 998 2530 prae-

47 2543 159 2592 cepta
178 2539 336 2580 Domini
345 2540 688 2592 praedicantibus.
709 2541 831 2579 Tenor
846 2541 998 2591 Episto-

49 2600 110 2641 lae
135 2601 181 2641 de
196 2602 315 2642 coelis
329 2603 476 2642 missae
491 2615 569 2655 per
586 2605 779 2643 Patronos
795 2602 997 2642 Ecclesiae

51 2663 333 2716 Tkuricensis,
370 2669 509 2704 contra
540 2665 774 2716 neyliyentes
811 2665 998 2704 Divinum

47 2725 205 2767 cultum.
230 2729 287 2768 De
310 2739 503 2767 novorum
519 2727 738 2781 officiorum
761 2727 997 2766 Divinorum

47 2788 299 2830 institutione.
323 2791 380 2829 De
403 2788 545 2829 oblatis
576 2793 614 2828 et
647 2788 785 2828 solutis
815 2790 997 2841 pecuniis

41 2862 117 2904 pro
138 2851 371 2891 Praebenda
387 2883 397 2901 ,
423 2863 494 2891 seu
535 2849 715 2903 beneficio
735 2863 775 2900 ign
807 2851 996 2891 Ecclesiis

46 2913 109 2953 vel
142 2913 394 2954 Monasteriis
426 2912 696 2966 percipiendo.
735 2913 928 2966 Dialoyus
950 2915 997 2953 (le

46 2986 147 3015 anno
186 2974 343 3014 Jubilei.
396 2976 451 3014 De
490 2974 818 3016 benedictionibus
867 2989 995 3016 aurae

45 3047 134 3076 cum
170 3038 425 3077 Sacramenta
453 3035 663 3089 faciendis.
699 3039 906 3078 Tractatus
947 3038 994 3078 de

46 3098 293 3139 exorcismis.
322 3098 436 3139 Alius
464 3100 783 3140 eaeorcismorum
814 3104 852 3140 et
879 3100 994 3153 adju-

100 3220 134 3259 α)
155 3223 225 3254 Hoc
249 3220 390 3253 Malleoli
433 3223 594 3262 scripturn
634 3223 828 3254 Germanice
865 3230 997 3254 versum

40 3270 143 3303 edidit
164 3270 337 3303 Goldastus
360 3272 394 3303 in
419 3272 537 3304 Reichs
562 3271 707 3303 Hendeln
730 3275 826 3303 Parte
849 3274 928 3304 xlx.
957 3280 991 3310 p.

42 3319 116 3351 768.
140 3321 195 3352 ein
215 3321 334 3352 Rechts
369 3321 583 3361 gegrindeter
616 3322 772 3362 Dialogus
796 3322 905 3352 Wiber
941 3322 994 3352 dle

35 3368 142 3401 Beuel
162 3370 302 3402 Menche
326 3371 372 3401 im
397 3371 493 3402 Heill.
514 3371 712 3402 Romischen
735 3370 867 3401 Reiche.

1072 984 1145 1035 qui
1169 984 1209 1022 in
1238 983 1455 1023 Germania
1485 982 1602 1022 vellet
1619 983 1775 1022 intrare
1801 983 2019 1023 Ecclesiam

1075 1044 1366 1086 Cathedralem.
1409 1047 1465 1084 De
1504 1044 1683 1084 libertate
1729 1044 2019 1085 Ecclesiaslica.

1071 1107 1127 1146 De
1157 1106 1248 1147 boni
1274 1112 1310 1146 et
1331 1107 1432 1146 mali
1459 1107 1673 1147 occasione.
1704 1109 1759 1146 De
1795 1107 1956 1147 emtione
1985 1112 2025 1148 et

1072 1169 1289 1209 venditione
1316 1169 1435 1209 unius
1458 1181 1533 1222 pro
1552 1169 1704 1221 viginti.
1726 1170 1782 1208 Dc
1810 1170 2021 1209 contracti-

1073 1231 1157 1282 bus,
1188 1232 1262 1285 qui
1288 1231 1469 1283 obstayia
1497 1231 1703 1281 dicuntur,
1735 1236 1772 1271 et
1797 1231 2020 1283 vulyaritei'

1072 1295 1178 1335 Gisel
1204 1297 1236 1345 a)
1265 1297 1500 1334 Doctoratus
1529 1294 1570 1332 in
1596 1294 1776 1333 stultitia.
1809 1295 1932 1333 Tenor
1959 1293 2020 1333 lit-

1072 1362 1251 1397 terarum
1294 1359 1530 1396 Doctoratus
1576 1356 1616 1394 in
1644 1355 1836 1395 stultitia..
1869 1357 2017 1396 Contra

1072 1419 1225 1472 iniquos
1252 1419 1425 1458 Judices.
1461 1417 1652 1469 Dialoqzls
1685 1418 1731 1457 de
1760 1417 2019 1457 consolatione

1072 1483 1202 1534 iiu'qne
1230 1492 1550 1533 suppressorum.
1587 1482 1717 1520 Vitam
1762 1481 1883 1532 hujus
1925 1482 2019 1520 Mal-

1073 1546 1161 1585 leoli
1189 1545 1424 1584 Germanice
1455 1555 1531 1582 non
1556 1544 1669 1594 longe
1693 1547 1782 1593 post
1805 1554 2015 1582 excessum

1073 1610 1160 1657 ejus
1188 1608 1376 1657 scriptam
1407 1609 1600 1644 memorat
1628 1606 1883 1656 Hottingerus
1907 1605 2020 1644 scho-

1072 1671 1132 1709 lae
1159 1670 1368 1720 Tigurinae
1398 1679 1434 1719 p.
1465 1668 1530 1707 24.
1561 1668 1596 1705 in
1642 1679 1720 1718 qua
1763 1678 1840 1705 non
1888 1667 2017 1705 studia

1073 1733 1206 1770 minus
1254 1732 1379 1781 ipsius
1420 1741 1541 1780 quam
1590 1740 1720 1767 mores
1747 1759 1755 1774 ,
1804 1729 2017 1767 liberalitas

1071 1794 1307 1844 praesertim
1350 1794 1388 1830 in
1439 1802 1632 1842 pauperes
1676 1790 2019 1829 commendantur.

1075 1854 1297 1905 Theoloyica
1315 1886 1326 1904 ,
1355 1853 1561 1901 Juridi'ca,
1592 1852 1820 1901 Histofflca,
1851 1853 2020 1904 Physica

1069 1917 1126 1955 ita
1154 1918 1261 1955 Felix
1292 1916 1503 1964 tractavit,
1535 1919 1580 1953 ut
1605 1915 1789 1967 quamvis
1822 1915 1949 1954 multa
1985 1919 2019 1954 el

1069 1978 1302 2017 accuratius
1324 1982 1361 2017 et
1379 1977 1518 2016 melius
1539 1977 1668 2015 dicere
1678 1977 1882 2028 potuisset,
1901 1989 2000 2029 giras

1065 2040 1189 2079 santis
1219 2044 1346 2079 tamen
1375 2038 1582 2078 barbariei
1612 2039 1811 2090 flagyellurn
1829 2039 1966 2091 ficerit.

1119 2103 1140 2125 ³*
1158 2104 1199 2141 In
1218 2101 1477 2140 recensendis
1500 2102 1572 2138 viri
1591 2101 1710 2140 huius
1727 2101 1830 2139 docti
1847 2113 2021 2152 opuscu-

1065 2165 1114 2202 lis
1138 2165 1256 2203 Paulo
1282 2165 1474 2202 maiorem
1505 2162 1748 2213 diligentiam
1782 2164 1820 2200 in
1848 2163 2020 2202 Fabricio

1066 2227 1269 2266 desideres
1288 2256 1295 2275 7
1312 2227 1430 2265 cuius
1455 2225 1619 2276 proinde
1643 2225 1823 2263 defectus
1844 2225 1905 2263 hic
1929 2236 2022 2276 sup-

1067 2289 1238 2340 plendus
1263 2293 1339 2328 est.
1895 2317 1898 2320 .

1124 2353 1249 2403 Igitur
1272 2363 1398 2391 unum
1417 2352 1502 2390 eius
1527 2351 1563 2388 in
1588 2350 1677 2388 folio
1701 2349 1885 2388 volumen
1908 2356 2023 2390 vetu-

1059 2416 1142 2459 ¹stis
1165 2416 1272 2466 typis
1296 2414 1366 2453 sed
1390 2414 1541 2463 absque
1566 2412 1828 2462 adscriptione
1858 2412 1929 2449 loci
1949 2441 1957 2456 ,
1981 2417 2021 2449 et

1069 2479 1161 2516 anni
1205 2478 1452 2527 impressum
1501 2476 1632 2514 omnia
1670 2474 1766 2512 hacc
1805 2475 1878 2511 viri
1916 2473 2019 2511 docti

1069 2540 1256 2591 opuscula
1281 2540 1470 2578 continet.
1495 2538 1551 2575 De
1580 2535 1781 2575 nobilitate
1804 2538 1842 2572 et
1861 2534 2018 2573 rustici-

1071 2605 1147 2640 tate
1182 2600 1362 2652 dialoqus
1380 2613 1392 2648 ;
1422 2599 1512 2638 item
1554 2597 1599 2636 cle
1642 2596 1885 2637 Svilensium
1927 2600 2017 2635 oren

1069 2663 1221 2703 nomine
1236 2695 1246 2713 ,
1276 2661 1614 2716 confoederatione
1634 2658 1810 2698 moribus
1830 2690 1840 2707 ‚
1864 2662 1901 2697 et
1928 2659 2014 2710 qui-

1071 2725 1237 2766 busdam
1252 2725 1344 2765 aliis
1360 2724 1527 2775 (utinam
1547 2721 1791 2772 berze)qeste's.
1811 2722 1904 2759 Item
1919 2733 2015 2771 pro-

1070 2800 1205 2829 cessus
1215 2787 1462 2840 judiciarius
1484 2796 1618 2824 coram
1633 2785 1712 2822 Deo
1737 2782 1892 2822 habitus
1913 2783 2014 2820 inter

1070 2851 1215 2890 nobiles
1230 2850 1456 2890 Juricenses
1473 2860 1527 2886 em
1540 2859 1633 2895 una,
1654 2849 1691 2885 et
1705 2845 1904 2885 Svitenscs
1918 2857 2013 2896 par-

1070 2913 1173 2953 tibus
1196 2925 1251 2952 eoe
1273 2912 1424 2959 altera:
1441 2922 1529 2949 cum
1553 2908 1742 2948 sententia
1761 2907 1955 2959 definitiva
1979 2911 2014 2944 et

1069 2977 1152 3016 cius
1172 2974 1416 3015 eacecutione.
1436 2972 1533 3010 Item
1550 2969 1712 3021 epistola
1732 2969 1870 3008 Caroli
1882 2968 2015 3017 Magna·

1067 3039 1121 3076 ad
1143 3036 1390 3076 Fridericum
1419 3035 1439 3072 I
1442 3036 1461 3071 Ῑ
1465 3035 1483 3071 l
1504 3035 1602 3083 Imp.
1625 3045 1706 3082 qua
1725 3032 1770 3070 (le.
1792 3030 1902 3069 Coelo
1922 3042 2010 3067 enin

1067 3101 1249 3139 hortatur
1272 3102 1317 3135 ut
1349 3096 1395 3135 dc
1429 3092 1678 3134 Svi'tensibus
1709 3093 1914 3131 vindictam
1944 3103 2009 3129 su-

1067 3164 1159 3200 mat.
1189 3162 1290 3198 llaec
1319 3160 1355 3195 in
1384 3169 1462 3194 uno
1488 3156 1702 3192 volumino.

1118 3313 1318 3354 a)Ge1'ss'el,
1334 3310 1475 3348 obsides,
1500 3309 1573 3340 vide
1598 3310 1760 3348 cangium
1785 3310 1819 3340 in
1845 3317 1924 3341 voce
1949 3308 2013 3341 Gi-

1054 3367 1152 3398 silet.
