2500 4009
430 206 508 244 30⁸2.
817 226 820 229 -

457 276 492 312 7.
519 275 564 312 In
582 272 818 324 parabolam
839 268 885 306 cle
905 267 986 318 filio
1006 266 1172 318 procligyo
1189 268 1281 306 Luc.
1299 268 1382 306 XV.

433 350 517 388 pag.
546 336 630 375 109.
662 336 739 372 lloc
761 342 851 370 cum
877 333 1048 379 quatuor
1076 340 1178 380 quae
1207 329 1385 380 proxime

433 397 646 437 recensebo
666 394 825 443 seriptis
842 390 1041 442 prodierat
1057 390 1385 438 Parisiisi524,4.

431 472 453 498 e
477 456 712 497 Bibliotheca
729 454 768 493 S.
783 453 962 502 victoris,
979 456 1019 491 et
1037 464 1117 492 una
1132 463 1224 491 cum
1247 451 1386 490 iisdem

432 523 563 559 exstat.
587 518 705 554 etiam
728 517 766 553 in
788 517 916 566 prima
939 514 1111 553 editione
1127 513 1389 553 Bibliothecae

432 584 593 620 Patrum
623 579 846 629 Bigneanae
870 578 991 616 Paris.
1022 576 1144 626 1575,
1168 581 1264 615 tom.
1287 576 1390 626 vili,

432 654 517 692 pag.
544 639 633 679 557.

483 704 519 742 8.
544 703 600 741 De
620 701 762 754 fructu
785 701 923 751 eremi,
948 701 996 740 ad
1019 702 1181 740 Petrum
1205 699 1254 739 de
1276 698 1392 739 Allia-

428 777 472 803 σο
495 776 582 816 pag.
609 765 677 804 121
714 764 812 803 liber
835 764 1082 814 compositus
1104 764 1208 802 circa
1229 761 1389 801 Annum

427 828 529 866 1413
554 831 594 865 et
618 827 667 865 dc
692 827 783 877 fuga
813 826 960 865 saeculi
991 825 1206 876 curiaeque
1233 823 1384 875 Papalis

428 893 467 928 in
493 890 720 939 Clemangio
745 888 990 928 luculentum
1016 887 1298 926 testimonium.

480 953 516 990 9.
542 952 596 989 De
625 950 763 1002 fructu
800 961 870 989 seu
904 949 1172 1002 prosperitate
1191 958 1329 987 rerum
1352 948 1383 996 a)

426 1013 692 1053 adversarum
717 1024 801 1063 pag.
830 1013 917 1051 132.

482 1077 544 1115 10.
572 1076 627 1113 Dc
650 1074 759 1113 novis
780 1071 1062 1126 festivitatibus
1085 1084 1161 1110 uon
1186 1072 1388 1111 instituen-

428 1138 499 1176 dis.
524 1150 609 1188 pag.
640 1138 724 1175 143.
763 1137 896 1176 Etiam
940 1136 1046 1175 hunc
1086 1135 1264 1174 libellum
1288 1135 1390 1173 circa

431 1201 532 1239 idem
558 1205 717 1249 tempus
741 1200 963 1248 scriptum,
989 1197 1125 1237 recudi
1163 1198 1319 1236 curavit
1352 1201 1391 1235 ct

432 1264 645 1313 separatim
687 1260 810 1299 edidit
850 1261 1109 1299 Ilermamtus
1147 1257 1198 1297 ab
1233 1257 1389 1307 Hardt,

431 1323 646 1363 IIelmsiad.
670 1323 798 1371 1703,
824 1322 859 1360 4.

487 1388 548 1425 11.
573 1386 629 1424 De
653 1382 915 1423 Praesulibus
941 1383 1183 1424 Simoniacis
1197 1395 1233 1435 p.
1254 1383 1326 1422 160
1343 1381 1392 1421 ad

434 1450 545 1488 Joan.
570 1449 806 1486 Gersonium
832 1448 1043 1486 Parisiens.
1064 1447 1166 1484 circa
1183 1445 1258 1484 An.
1276 1446 1390 1485 1411.

488 1512 550 1550 12.
576 1510 713 1549 Oratio
737 1509 789 1548 ad
812 1507 963 1548 Galliae
989 1508 1205 1559 Principes,
1223 1519 1300 1558 qua
1325 1518 1392 1546 cos

433 1586 454 1611 a
484 1573 585 1611 bello
614 1572 729 1610 Civili
761 1571 1004 1610 dehortatur.
1034 1582 1119 1622 pag.
1151 1571 1239 1610 169.

488 1636 549 1674 14.
579 1632 757 1685 Epistola
793 1633 842 1672 ad
881 1632 1131 1672 Gerhardum
1168 1632 1391 1679 lllaketum7

433 1697 536 1748 quod
554 1701 634 1736 tam
652 1707 812 1747 corpore
829 1708 849 1734 e
866 1695 1065 1745 Babylone
1083 1696 1134 1733 sit
1152 1693 1393 1745 fugiendum,

433 1771 552 1810 quam
574 1763 731 1807 mente.
756 1769 843 1808 pag.
871 1757 958 1796 174.

489 1823 549 1861 15.
577 1819 778 1872 Epistolae
793 1819 859 1857 III
878 1818 925 1857 ad
944 1818 1179 1869 Gregorium
1199 1818 1285 1857 XII.
1302 1818 1398 1855 scri-

434 1890 523 1935 ptae
549 1884 706 1921 nomine
730 1880 931 1920 Benedicti
945 1881 1036 1919 XIII
1054 1891 1122 1931 pro
1137 1880 1397 1931 extirpatione

437 1946 672 1985 schismatis
711 1948 751 1983 et
789 1945 933 1983 unione
971 1943 1173 1981 Ecclesiae
1197 1954 1282 1994 pag.
1309 1941 1396 1982 179.

441 2019 516 2046 una
540 2019 631 2046 cum
661 2009 810 2058 quarta
838 2003 1019 2056 Epistola
1048 2004 1097 2042 ad
1126 2004 1293 2043 Paulum
1324 2005 1400 2042 Lu-

436 2081 649 2109 canensem
673 2069 693 2089 ’ἓ
714 2069 776 2107 hic
798 2072 860 2106 est
885 2067 1030 2105 Paulus
1067 2066 1272 2104 Guinisius
1302 2069 1399 2103 tunc

438 2131 629 2181 temporis
653 2131 781 2168 Lucae
816 2128 1002 2166 dominus
1024 2139 1061 2178 p.
1088 2127 1177 2165 186.
1204 2138 1284 2165 una
1307 2137 1398 2165 cum

443 2191 817 2239 interrogationibus
840 2189 888 2227 ad
912 2189 1144 2239 Gregorium
1169 2189 1254 2226 XII.

498 2256 510 2292 1
523 2254 557 2290 G.
574 2252 732 2304 Scripta
748 2250 944 2302 quaedam
960 2250 1112 2288 nomine
1125 2248 1401 2288 Universitatis

443 2314 686 2354 Parisieusis
704 2346 715 2363 ⁷
742 2313 938 2352 adversus
963 2312 1144 2351 Schisma
1165 2323 1249 2362 pag.
1273 2311 1360 2350 187.

496 2377 556 2416 17.
583 2374 780 2428 Epistolae
807 2375 1020 2414 CXXXVII.
1042 2374 1169 2412 editae
1193 2385 1215 2411 a
1235 2371 1356 2422 Lydio
1379 2384 1400 2409 e

442 2440 685 2479 Bibliotheca
723 2437 913 2477 leeodori
935 2436 1122 2485 Canteri,
1146 2440 1187 2474 et
1209 2435 1256 2474 ad
1281 2435 1402 2473 histo-

492 2581 524 2619 a')
552 2579 636 2612 Utile
672 2579 735 2612 boc
768 2583 1004 2619 argumentum
1034 2582 1166 2620 praeter
1198 2577 1409 2616 Clemangem

437 2634 626 2662 tractarunt
653 2630 800 2661 Ovidius
825 2632 879 2660 iii.
904 2629 932 2660 1.
957 2630 1168 2661 Thrissium:
1192 2627 1408 2660 Plutarchus

435 2681 522 2712 libro
539 2706 548 2719 ‚
573 2688 638 2719 quo
673 2679 801 2711 dictum
827 2678 1056 2718 Xenophontis
1084 2677 1318 2710 illustrandum
1345 2677 1409 2708 sibi

438 2731 578 2767 sumsit,
602 2729 690 2768 quod
712 2730 843 2768 sapiens
862 2737 901 2759 ex
920 2730 1066 2760 inimicis
1089 2727 1207 2759 debeat
1232 2728 1412 2759 utilitatem

438 2788 557 2819 capere
574 2779 778 2810 :Maximus
799 2779 924 2818 Tyrius
947 2777 1188 2809 dissertatione
1205 2779 1324 2808 XXXV.
1344 2777 1414 2808 lsi-

439 2830 548 2859 ‹lorns
576 2828 743 2860 pelusiota
767 2830 821 2859 111.
845 2829 916 2859 280.
934 2827 1036 2867 Epist.
1061 2828 1280 2868 Auyustinus
1303 2826 1360 2858 lib.
1380 2825 1409 2858 1.

438 2884 552 2909 contra
566 2878 779 2910 Academicos
797 2885 871 2917 cap.
891 2877 919 2909 1.
936 2877 1105 2909 Boethius
1126 2878 1166 2910 de
1180 2877 1413 2910 Consolatione

441 2928 674 2968 Philosophiae
702 2927 759 2958 lib.
782 2928 812 2959 2.
836 2935 934 2968 prosa
957 2927 987 2958 8.
1011 2927 1139 2958 Petrus
1165 2927 1352 2958 Blasensis
1371 2927 1409 2958 ‹le

441 2978 591 3008 utilitate
614 2977 870 3008 tribulationum
888 2981 968 3008 tom.
986 2978 1092 3009 XXiV.
1109 2977 1332 3009 Bibliothecae
1347 2979 1413 3007 Pa-

441 3031 527 3056 trum
552 3027 633 3058 edit.
657 3027 865 3065 Lugduni-ns.
894 3034 971 3066 pag.
996 3026 1087 3058 1242.
1113 3031 1144 3058 et
1168 3026 1409 3059 recentiorlbus

444 3077 678 3115 Hieronymus
721 3077 910 3108 Cardenus
945 3077 1038 3109 libris
1070 3079 1120 3108 lv.
1145 3078 1185 3109 dc
1207 3077 1352 3109 utilitate
1373 3084 1413 3107 ex

445 3127 478 3156 ul
488 3128 587 3157 versis
604 3152 613 3165 ‚
633 3131 714 3158 torn.
733 3128 770 3156 11,
791 3128 946 3165 Operum.
964 3128 1120 3166 Itoqerus
1136 3127 1177 3156 de
1200 3127 1318 3166 Bussy
1341 3127 1412 3158 Ra-

445 3174 543 3204 !mtin
561 3178 592 3205 in
612 3176 695 3206 libro
715 3177 768 3207 cui
789 3175 904 3206 titulus
921 3189 927 3207 :
947 3176 1091 3214 l’Usaqe
1105 3177 1167 3207 {les
1185 3175 1384 3207 adversitez
1399 3198 1410 3214 ‚

446 3225 537 3254 Paris
564 3224 653 3255 1094.
688 3229 790 3256 Amst.
831 3224 910 3255 1097
927 3249 936 3262 ,
961 3224 1011 3256 12.
1035 3225 1211 3256 Johannis
1251 3224 1412 3258 Christo-

448 3272 548 3301 nhori
572 3273 766 3304 Jtecmannt
792 3275 994 3305 Exercitatio
1011 3299 1020 3312 ‚
1043 3274 1250 3307 Francosoril
1274 3274 1314 3306 ad
1341 3275 1408 3305 Via-

456 3320 537 3349 itum
564 3322 674 3350 edita-
701 3322 816 3359 selices
843 3323 1002 3360 injuriae
1025 3327 1088 3355 etc.

1191 194 1626 235 CLEMANGIS

1460 269 1558 306 riam
1582 268 1784 308 Ecclesiae
1808 269 1884 308 illis
1908 267 2152 319 temporibus
2190 278 2267 305 non
2297 267 2414 307 inuti-

1461 330 1530 368 les.
1552 329 1795 381 Argumenta
1825 331 2069 381 singularum
2095 328 2218 368 videri
2247 334 2415 381 possunt

1462 394 1579 432 etiam
1606 392 1709 443 apud
1733 391 1949 443 Launojum
1974 394 2011 432 in
2035 392 2196 431 historia
2209 392 2415 443 Gymnasii

1470 455 1657 494 Navarrei
1696 459 1790 493 tom.
1814 455 1872 503 ΙΙ,
1894 466 1980 506 pag.
2006 454 2093 494 572.
2132 464 2242 505 seqq.
2269 455 2417 493 Harum

1462 517 1653 567 integrior
1676 516 1808 557 Codex
1829 515 1904 556 An.
1930 517 2043 556 1480.
2057 519 2242 555 exaratus
2265 515 2314 555 ab
2335 514 2418 554 Eu-

1463 578 1604 618 chario
1632 578 1801 627 Troster,
1818 577 2100 617 Praebendario
2113 577 2314 618 Ecclesiae
2337 588 2419 616 ma-

1461 640 1558 692 joris
1596 641 1924 691 Argentinensis‚
1953 644 2086 680 exstat
2114 640 2152 678 in
2180 639 2418 679 Bibliotheca

1465 703 1877 750 Wolffenbuttelensi,
1906 714 1953 741 cx
1983 713 2061 752 quo
2088 702 2286 753 Epistolas
2313 702 2342 741 Ι.
2370 702 2416 740 ΙΙ.

1463 766 1540 805 CII.
1571 770 1610 803 et
1639 766 1757 804 CXII.
1781 765 1997 803 recensitas
2024 758 2146 802 edidit
2168 765 2419 804 Hermannus

1458 827 1505 866 ad
1536 825 1658 865 Hardt
1690 830 1796 864 tomo
1835 826 1862 863 I.
1902 825 2064 865 Concilii
2101 825 2419 866 constantiensis

1456 893 1567 940 parte
1596 888 1647 936 2,
1677 899 1763 938 pag.
1795 887 1843 935 4,
1873 886 1948 932 20,
1978 887 2020 925 31
2045 915 2054 935 ,
2084 887 2148 926 38.
2169 885 2278 927 Alios
2307 889 2422 929 Codi-

1457 961 1525 990 ces
1549 955 1631 988 tres
1663 951 1701 987 in
1732 948 1974 988 Bibliotheca
1993 948 2110 998 Regis
2132 948 2422 991 Christianissi-

1459 1013 1513 1050 mi
1546 1015 1779 1057 exstantes,
1810 1010 1969 1050 Oudino
2012 1009 2202 1049 indicavit
2243 1007 2423 1053 Placidus

1460 1074 1691 1113 Porcheron.
1722 1074 1849 1112 Versu
1878 1073 2001 1112 etiam
2030 1072 2205 1112 valuisse
2242 1073 2424 1114 Cleman-

1463 1147 1552 1187 gem
1576 1136 1690 1174 docet
1715 1134 1840 1186 eleyia
1865 1134 1906 1173 in
1929 1131 2078 1173 obitum
2099 1132 2240 1174 Jacobi
2259 1135 2305 1175 de
2325 1137 2426 1175 Bur-

1465 1210 1536 1250 rey
1559 1198 1735 1249 Epistola
1757 1198 1876 1236 LXX.
1898 1200 1939 1236 et
1961 1194 2015 1234 ad
2030 1195 2282 1237 Gerhardum
2295 1196 2426 1238 Malce-

1473 1265 1554 1300 tum
1579 1259 1758 1299 invitatio
1780 1260 1959 1311 Epistola
1981 1259 2115 1298 CXVI.

1517 1324 1578 1363 18.
1603 1325 1889 1374 Fragmentum
1923 1320 2198 1373 descriptionis
2225 1321 2332 1362 Vitae
2370 1327 2427 1376 ty-

1464 1385 1657 1424 rannicae
1681 1396 1776 1424 cum
1802 1385 1890 1436 ejus
1914 1383 2178 1423 detestatione
2195 1413 2204 1431 ‚
2226 1395 2315 1436 pag.
2338 1386 2426 1426 355.

1464 1448 1637 1488 carmine
1660 1448 1796 1498 epico⁷
1820 1446 1869 1486 ad
1892 1446 2141 1486 Giintherum
2165 1446 2276 1486 Colli.

1519 1511 1582 1550 19.
1605 1507 1722 1548 Liber
1756 1508 1803 1548 cle
1835 1508 2080 1548 Antichristo
2096 1540 2107 1558 ,
2132 1507 2179 1548 de
2203 1512 2294 1548 ortu
2316 1509 2402 1562 ejus
2417 1543 2428 1561 ,

1464 1573 1559 1621 vita,
1575 1570 1752 1610 moribus
1776 1575 1814 1610 et
1835 1569 2032 1623 operibus.
2057 1582 2093 1622 p.
2113 1570 2308 1611 357—-359.
2325 1573 2428 1612 Haec

1467 1639 1586 1686 sunt,
1610 1646 1711 1686 quae
1731 1633 1902 1685 junctim
1936 1644 1959 1672 a
1995 1644 2038 1672 se
2062 1633 2225 1672 collecta
2248 1634 2432 1674 Claman-
2490 1623 2492 1629 ¹

1467 1700 1526 1749 gis
1555 1709 1672 1748 opera
1714 1696 1837 1736 edidit
1877 1693 2138 1735 JOHANNES
2178 1694 2432 1736 MARTINUS

1468 1759 1676 1806 LYDIUS⁷
1696 1758 1901 1797 Ecclesiae
1924 1757 2216 1807 Veteraquinae
2236 1758 2276 1798 in
2301 1758 2434 1810 Belgio

1469 1823 1633 1869 Pastor,
1657 1820 1881 1870 additisque
1919 1820 1957 1858 in
1995 1819 2139 1859 librum
2177 1818 2226 1859 de
2249 1825 2433 1872 corrupto

1469 1883 1671 1923 Ecclesiae
1701 1885 1810 1921 statu
1838 1880 2065 1931 Analectis‚
2095 1885 2136 1920 et
2164 1881 2363 1922 Glossario
2392 1884 2431 1921 in

1472 1949 1601 1984 totum
1625 1954 1723 1994 opus
1747 1943 2067 1982 Latino-barbaro
2092 1943 2318 1994 illustravit,
2334 1946 2436 1997 Lug-

1474 2008 1570 2046 duni
1594 2008 1834 2045 Batavorum
1867 2005 1993 2053 1613,
2020 2005 2054 2043 4.
2078 2005 2158 2044 Nec
2185 2004 2322 2045 dubito
2354 2007 2436 2046 lau-

1473 2069 1648 2109 dandum
1672 2067 1759 2118 ejus
1779 2079 1868 2107 esse
1897 2067 2098 2118 studium,
2122 2080 2200 2118 quo
2223 2069 2272 2108 de
2292 2069 2430 2108 Eccle-

1474 2132 1643 2169 siasticis
1667 2131 1808 2168 litteris
1832 2130 2030 2180 praeclare
2055 2131 2225 2179 meruit,
2246 2131 2336 2170 licet
2352 2131 2430 2170 edi-

1476 2194 1621 2230 tionem
1637 2192 1738 2231 hanc
1753 2191 2099 2230 mendosissimam
2115 2202 2204 2230 esse
2213 2197 2433 2242 querantur

1475 2255 1620 2294 Paulus
1654 2254 1900 2293 Colomesius
1928 2254 1966 2291 in
1991 2253 2296 2305 paralipomenis
2318 2254 2367 2293 de
2392 2255 2431 2294 S.

1474 2317 1522 2356 E.
1543 2321 1583 2355 et
1605 2316 1788 2355 laudatus
1812 2314 1996 2355 llardtius
2023 2319 2052 2353 t.
2084 2316 2111 2354 I.
2141 2316 2304 2356 Concilii
2330 2317 2433 2356 Con-

1475 2379 1707 2417 stanticnsis
1730 2382 1840 2428 parte.
1865 2377 1907 2425 2,
1931 2388 2018 2428 pag.
2044 2377 2106 2417 82.
2131 2377 2170 2417 Si
2196 2390 2299 2418 nova
2322 2379 2435 2418 ador-

1475 2440 1604 2479 nanda
1624 2442 1675 2479 sit
1698 2440 1828 2488 editio,
1845 2439 1941 2478 haec
1965 2439 2020 2478 illi
2039 2440 2265 2491 Clemangis
2288 2441 2433 2492 scripta

1475 2502 1765 2553 adjungentur:

1530 2566 1592 2605 20.
1619 2563 1738 2604 Liber
1756 2564 1802 2603 cle
1823 2563 1952 2604 stutlio
1979 2562 2230 2616 Theoloyiae‚
2268 2565 2301 2612 a)
2325 2565 2433 2604 lectu

1479 2629 1736 2680 dignissimus
1759 2627 1807 2666 ad
1838 2629 2031 2666 Joannem
2068 2626 2116 2666 de
2152 2626 2431 2675 Pedemontio‚

1478 2690 1748 2729 Baccalarium
1783 2690 1957 2740 scriptus
1992 2689 2095 2727 circa
2128 2686 2290 2728 Annum
2329 2688 2430 2728 1409

1481 2753 1756 2804 vulgatusquc
1771 2752 1943 2802 primum
1964 2762 1987 2790 a
2009 2752 2114 2790 Luca
2133 2751 2321 2791 Dacherio
2336 2754 2430 2788 tom.

1482 2816 1549 2854 Vll
1565 2846 1576 2864 ,
1602 2814 1789 2865 spicilegii
1814 2825 1900 2864 pag.
1935 2813 2012 2852 138
2036 2814 2154 2862 (tom.
2185 2814 2227 2863 Ι,
2250 2811 2431 2851 editionis

1482 2888 1608 2916 novae
1631 2887 1718 2927 pag.
1747 2874 1820 2913 473
1837 2875 1860 2923 ).
1897 2876 2178 2926 Fragmentum
2201 2872 2287 2924 ejus
2310 2872 2433 2912 addu-

1480 2943 1592 2978 xerat
1635 2936 1834 2987 Launojus
1868 2937 1965 2976 libro
1992 2936 2041 2976 de
2069 2937 2178 2976 varia
2208 2934 2432 2975 Aristotelis

1481 3002 1647 3039 fortuna.

1532 3064 1594 3103 21.
1615 3060 1814 3114 Epistolae
1829 3059 1982 3112 aliquot
1999 3063 2115 3098 antea
2129 3057 2314 3108 ineditae,
2328 3069 2429 3108 quae

1534 3223 1567 3261 a)
1593 3222 1710 3254 Confer
1732 3228 1817 3260 quae
1849 3219 1889 3250 de
1926 3218 1979 3249 illo
2001 3221 2221 3257 argumento,
2246 3217 2431 3257 Clemangis

1474 3273 1621 3312 Epistola
1643 3273 1761 3303 cxxii.
1783 3271 1823 3301 aci
1847 3273 2007 3300 Joannein
2041 3267 2082 3298 de
2119 3267 2262 3307 'l'emplis
2278 3290 2288 3307 ,
2311 3269 2433 3300 Bacca-

1476 3321 1595 3353 larium
1620 3323 1653 3352 in
1678 3319 1867 3358 'theologia

2491 3501 2494 3508 ·
2489 3418 2500 3462 *vf-
2487 2626 2500 3410 -ηιᾞιπ-ζΜ-ῡνῆ-ΑᾳνΜε-ιξ
2487 1740 2500 2620 ἲΜἏᾙΜΜΕ-εῡ
