2500 3841
877 185 1329 227 BERNARDUS

155 246 454 288 BERNARDUS
497 245 658 284 Ordinis
705 248 1035 291 Praedicatorum
1056 283 1065 302 ,

102 311 206 348 circa
242 306 406 346 Annum
449 307 552 344 4290
589 308 748 357 scripsit
785 311 823 347 in
862 313 911 351 lV
947 314 1067 353 libros

102 368 406 407 sententiarum.
446 366 545 405 Vide
586 368 689 407 infra
728 371 975 412 Bernardum
1016 375 1066 414 de

103 430 252 468 Trina.-

155 488 455 529 BERNARDUS
475 489 522 529 de
550 492 687 530 Roma.
726 492 855 543 Supra
878 505 964 545 pag.
989 496 1059 534 204

103 550 469 593 BERNARDINUS.

153 610 478 661 BERNARDUS,
503 611 839 664 Archiprcsbyter
860 615 1071 654 Saccensis

104 675 256 722 JCtus,
281 674 319 711 in
359 675 573 725 municipio
611 676 828 725 Patavino,
850 677 1009 727 scripsit
1033 677 1073 716 in

104 733 320 774 secundum
357 734 627 774 Decretalium
661 737 740 775 MS.
778 738 930 775 Patavii
967 742 1072 777 teste

105 797 317 836 Tomasino
345 807 433 847 pag,
461 797 496 835 4.

156 859 458 904 BERNARDUS
472 858 706 907 Monachus,
722 865 984 910 cognomento
999 862 1074 899 Sa-

99 920 234 971 piens,
255 921 374 968 qu'us
395 920 643 958 itinerarium
668 921 705 957 in
724 925 872 959 terram
889 926 1070 959 sanctam

103 981 178 1020 An.
201 980 278 1019 970
304 982 344 1018 in
358 981 571 1020 Mabillonii
595 986 689 1019 tom.
707 983 721 1020 I
739 986 815 1020 aet.
833 982 1070 1020 Sanctorum

103 1042 264 1082 Ordinis
287 1041 493 1081 Benedicti
508 1053 594 1093 pag.
613 1042 703 1081 523.
720 1041 895 1093 Anglum
911 1043 1071 1080 natione

104 1104 352 1152 existimavit
371 1104 529 1142 Pitseus
553 1114 640 1154 pag.
667 1102 758 1142 827.

155 1164 460 1204 BERNARDUS
482 1163 699 1203 Monachus
722 1164 859 1212 Saxo,
883 1166 988 1201 teste
1013 1163 1072 1201 Si-

104 1225 266 1277 geberto
290 1237 375 1276 cap.
402 1227 478 1265 465
497 1225 545 1264 ad
573 1224 841 1263 Hardevicum
870 1223 1073 1274 Archiepi-

105 1299 270 1338 scopum
291 1287 341 1326 ab
361 1285 477 1325 Anno
504 1285 606 1326 4079
630 1285 680 1323 ad
704 1286 818 1324 4440.
839 1284 1074 1335 Magdebur-

103 1361 268 1400 gensem
287 1349 446 1398 scripsit
459 1358 594 1386 amaro
609 1347 700 1385 stilo
714 1346 858 1385 librum
876 1344 1073 1384 adversus

102 1409 322 1450 Henricum
341 1409 400 1448 IV
419 1410 519 1460 Imp.

154 1470 473 1518 BERNARDUS,
489 1473 752 1520 cognomento
766 1467 979 1521 sylvester,
991 1480 1070 1507 non

102 1534 290 1573 diversus
308 1543 330 1570 a
345 1530 555 1569 Bernardi)
577 1530 830 1579 Carnotensi,
847 1529 896 1568 de
910 1542 988 1579 quo
1005 1541 1072 1569 su-

101 1607 183 1647 pra.
207 1592 335 1644 Hujus
364 1593 563 1642 Sylvestri
587 1596 745 1643 praeter
772 1592 994 1642 Epistolam
1019 1591 1070 1630 ad

99 1654 384 1707 Raymundum
408 1655 538 1693 Castri
561 1652 776 1701 Ambrosii,
801 1653 849 1691 de
874 1653 990 1691 modo
1011 1654 1066 1691 rei

102 1718 305 1758 familiaris
315 1716 454 1755 utilius
464 1714 924 1766 gubernandae,obvium
936 1715 974 1752 in
986 1714 1068 1753 edi-

102 1779 237 1819 tionib.
251 1779 290 1816 S.
306 1776 494 1816 Bernardi
509 1777 631 1814 Paris.
644 1777 659 1814 4
671 1776 747 1814 586
757 1776 924 1825 aliisque
938 1786 1068 1825 usque

101 1841 150 1881 ad
180 1839 451 1885 Horstianam,
472 1836 580 1875 aliud
598 1847 699 1886 opus
719 1835 876 1874 Terrico
899 1836 950 1874 al.
971 1836 1068 1874 Ger-

99 1902 183 1941 rico
196 1900 341 1940 celebri
365 1899 476 1937 Doct.
497 1897 674 1936 dicatum
690 1897 739 1935 de
755 1896 1066 1937 MEGACOSMO

102 1973 152 2002 ET
161 1958 491 2002 MICROCOSMO
502 1957 660 1997 diverso
677 1957 902 1996 carminum
912 1969 1068 2009 qeizere,

90 2035 220 2077 prosa
243 2020 484 2070 intermista,
507 2018 605 2058 libri
618 2019 661 2058 in
670 2018 934 2068 Bibliotliecis,
946 2030 1069 2070 prae*

96 2085 234 2127 sertim
258 2082 413 2122 Galliae
432 2081 564 2120 adhuc
588 2081 727 2129 latent,
752 2081 772 2103 *ἓ
797 2084 836 2119 et
857 2080 898 2118 in
915 2079 1068 2119 Codici-

99 2147 173 2186 bus
201 2145 335 2197 Reqiis
357 2145 439 2183 954
462 2143 523 2182 ait
544 2141 644 2181 Phil.
665 2140 867 2190 Labbeu-s,
891 2140 1069 2192 viditque

97 2207 384 2258 Heidelberyae
403 2205 444 2244 in
463 2204 581 2244 Urbis
600 2203 843 2242 Bibliotheca
860 2201 1066 2241 Bartlzius.

99 2273 225 2320 Quem
238 2268 284 2308 de
308 2280 352 2307 eo
366 2267 456 2308 vide
480 2265 544 2305 lib.
567 2267 620 2305 56
635 2264 803 2304 Advers.
819 2275 906 2315 cap.
919 2265 983 2303 40.
997 2262 1066 2301 col.

101 2333 223 2374 2652.
249 2332 444 2369 Promunt
465 2340 521 2368 eoe
544 2327 610 2366 illo
638 2328 784 2367 Versus
801 2325 958 2376 passim
981 2323 1070 2363 Flo-

100 2393 264 2444 rileyus,
283 2391 388 2431 Vinc.
399 2388 670 2429 Belluacensis
690 2387 731 2426 in
746 2385 910 2439 Speculo
925 2385 1071 2424 doctri-

99 2454 200 2501 nali,
224 2456 261 2492 et
280 2451 499 2491 recentiore
519 2461 616 2488 aevo
639 2450 753 2487 Joan.
789 2445 989 2485 Picardus
1017 2445 1071 2483 ad

103 2513 206 2553 Guil.
231 2511 545 2563 Neubriyensem
562 2521 655 2562 pay.
682 2509 761 2550 725
785 2506 910 2545 Andr.
946 2508 1072 2555 Quer-

107 2579 271 2616 cetanus
308 2572 362 2611 ad
404 2570 587 2610 Biblioth.
619 2569 797 2610 Cluniae.
830 2579 924 2618 paq.
955 2568 1010 2604 47
1037 2571 1073 2605 et

95 2633 390 2690 praelaudatus
413 2631 608 2670 Barthius
636 2629 690 2668 ad
710 2628 813 2668 Guil.
839 2627 1042 2665 Britonem
1061 2659 1069 2675 ,

96 2709 191 2750 pay.
210 2696 259 2737 24
267 2695 304 2733 7.
317 2691 512 2744 (Canyius
522 2702 613 2730 voce
632 2691 808 2729 cisimus.
819 2690 829 2737 )
840 2686 949 2725 Idem
962 2686 1071 2725 haud

103 2758 221 2800 dubie
244 2753 472 2796 Bernardus
495 2755 569 2800 est,
585 2751 700 2802 cujus
719 2759 862 2788 versus
886 2760 912 2785 a
935 2746 1070 2798 Sylve-

105 2825 191 2862 stro
214 2815 389 2870 Gyraldo
403 2813 684 2866 producuntur
705 2808 769 2847 lib.
795 2810 820 2847 2
839 2808 928 2846 Itin.
953 2809 1052 2848 Cam

108 2882 220 2921 briae
243 2890 327 2929 cap.
342 2876 369 2916 5
388 2886 480 2928 paq.
503 2874 595 2915 862.
610 2873 665 2910 De
678 2882 773 2922 que,
790 2867 935 2919 quibus
951 2869 1067 2908 Bern.

107 2942 310 2995 Sylvester
335 2936 398 2976 ille
421 2935 461 2974 in
484 2945 627 2974 manus
645 2929 876 2983 perveniet,
897 2929 1070 2968 omnium

108 3003 249 3056 optime
260 2998 450 3052 judicare
463 2997 663 3048 poterunt.
682 2994 786 3032 Sane
802 2999 953 3027 mecum
965 2989 1073 3040 sace-

107 3077 154 3104 re
175 3062 286 3104 video
308 3057 520 3099 Barthium
537 3067 630 3108 pay.
657 3054 710 3093 97
728 3051 782 3090 ad
804 3049 903 3088 Brit.
922 3050 1000 3088 Nec
1016 3050 1074 3088 cli-

109 3124 243 3180 sparis
263 3121 356 3162 aevi
368 3119 544 3169 videtur,
559 3116 640 3156 nisi
653 3119 689 3155 et
710 3113 809 3153 idem
825 3114 892 3149 est.
911 3112 1074 3150 Bernar-

167 3265 180 3280 ·
207 3263 288 3296 Vide
310 3262 480 3295 Oudinum
505 3264 597 3292 rom.
621 3260 661 3291 ll.
689 3266 721 3298 p.
750 3254 827 3288 1006
849 3260 898 3291 sq.

2024 196 2103 234 217

1141 256 1217 295 dus
1241 258 1315 307 qui
1340 257 1388 298 de
1418 258 1707 308 Improbatione
1730 261 1924 300 Vitiorum
1960 274 2105 303 versus

1140 315 1256 367 dedit,
1265 317 1644 370 citatussrequenter
1657 321 1884 361 Hieremiae
1897 322 2101 363 Paduano.

1193 378 1356 417 BERNA
1363 380 1493 418 RDUS
1506 380 1537 417 T
1534 379 1817 431 hesaurari'us,
1827 383 1889 434 cuj
1897 395 1943 423 us
1959 385 2104 423 librum

1142 437 1188 475 cle
1210 439 1468 489 acquisitione
1487 444 1622 480 terrae
1643 446 1804 482 sanctae
1827 444 1876 482 ab
1897 444 1973 483 An.
2000 447 2015 484 4
2027 446 2104 484 095

1141 499 1191 537 ad
1212 500 1313 538 4230
1337 503 1607 552 conscriptum
1631 503 1791 552 quidem
1808 505 1955 544 Gallice
1972 506 2042 544 sed
2057 506 2102 545 A.

1144 561 1246 600 4320
1266 572 1431 599 versum
1448 563 1583 600 Latine
1602 574 1625 600 a
1640 564 1920 606 FRANCISCO
1940 567 2104 606 PIPINO

1145 621 1237 659 Ord.
1264 620 1398 659 Praed.
1424 622 1606 671 vulgavit
1628 624 1912 664 celeberrimus
1934 627 2105 665 Murato-

1146 684 1229 720 rius
1253 686 1360 719 tomo
1379 682 1446 720 Vll
1469 683 1706 732 scriptorum
1731 686 1864 724 ltaliae
1887 698 1974 737 pag.
2001 687 2089 726 657.

1199 742 1221 764 *
1244 742 1305 781 Ex
1330 743 1430 780 meis
1452 742 1500 779 ad
1529 743 1721 791 Raynaldi
1749 748 1912 785 annales
1941 752 2105 786 annota—

1146 803 1320 841 tionibus
1347 802 1396 840 ad
1425 814 1487 840 an.
1519 805 1621 843 4226
1658 805 1975 847 demonstratum
2003 811 2104 848 arbi-

1145 865 1266 901 bitror
1284 864 1494 901 Historiam
1512 865 1699 903 Bernardi
1716 866 1964 906 Tlicsaurarii
1987 870 2105 908 Galli-

1145 936 1190 963 ce
1215 925 1415 974 scriptam,
1435 936 1556 973 quam
1579 926 1668 964 dein
1694 929 1732 965 P.
1758 929 1995 968 Franciscus
2018 933 2103 981 Pip-

1145 987 1264 1035 pinus
1274 986 1409 1024 Latine
1419 987 1623 1025 transtulit
1640 993 1679 1026 et
1695 990 1967 1040 interpolavit,
1980 993 2103 1041 ipsam

1144 1047 1304 1084 omnino
1338 1058 1428 1085 esse
1467 1047 1696 1098 historiam,
1721 1062 1842 1100 quam
1879 1052 1955 1090 sub
1990 1053 2104 1090 titulo

1145 1107 1446 1147 continuationis
1468 1108 1523 1147 ad
1544 1108 1753 1149 historiam
1770 1111 1972 1149 Guillelmi
1997 1112 2105 1162 Tyrii

1146 1170 1230 1207 sine
1255 1171 1427 1208 auctoris
1451 1172 1609 1210 nomine
1633 1173 1848 1222 vulgarunt
1871 1174 1940 1211 ΡΡ.
1964 1175 2104 1211 Marte-

1147 1241 1195 1268 ne
1219 1234 1259 1267 et
1282 1230 1441 1268 Durand
1466 1232 1550 1270 Yet.
1575 1234 1674 1271 Mon.
1693 1238 1719 1270 t.
1739 1236 1773 1272 5.
1795 1234 1851 1272 Ibi
1868 1236 2014 1284 pariter
2037 1233 2104 1271 ad-

1147 1293 1283 1330 monui
1296 1291 1500 1330 historiam
1512 1294 1699 1332 Bernardi
1719 1295 1899 1333 mutilam
1916 1295 2102 1333 habuisse

1146 1353 1401 1391 Franciseum
1422 1354 1646 1404 pippinum,
1664 1355 1771 1405 quod
1795 1361 1835 1394 et
1855 1358 1938 1406 ipse
1962 1357 2000 1393 in
2024 1355 2102 1392 line

1145 1414 1342 1451 versionis
1371 1424 1467 1452 suae
1496 1417 1724 1465 suspicatus
1761 1422 1834 1455 est.
1867 1415 2102 1455 Perductam

1146 1486 1241 1513 vero
1266 1475 1388 1513 fuisse
1412 1475 1518 1513 illam
1542 1477 1590 1514 ab
1613 1478 1778 1516 authore
1813 1489 1885 1517 suo
1908 1490 2036 1529 usque
2052 1479 2103 1517 ad

1145 1548 1208 1574 an.
1228 1538 1242 1575 4
1254 1536 1345 1575 274.
1362 1548 1439 1586 quo
1464 1537 1730 1586 Lugdunense
1756 1540 1769 1577 4
1802 1542 2102 1579 oecumenicum

1144 1598 1366 1637 Concilium
1391 1600 1605 1647 convenit,
1630 1600 1716 1637 eius
1740 1601 1846 1637 enim
1877 1603 1913 1638 in
1945 1601 2021 1640 fine
2045 1602 2103 1639 hi-

1142 1661 1288 1698 storiae
1318 1670 1414 1697 suae
1443 1659 1621 1719 Gallicus
1646 1660 1788 1699 author
1818 1663 2009 1700 meminit.

1191 1718 1492 1759 BERNARDUS
1505 1717 1943 1772 Tz'cinensisEpiscopus
1958 1722 2004 1760 de
2021 1723 2103 1762 vita

1139 1781 1361 1819 decessoris
1399 1783 1460 1820 sui
1484 1783 1524 1820 S.
1547 1781 1767 1834 Lanfranei
1792 1783 2004 1822 Ticinensis
2034 1785 2101 1822 de-

1141 1843 1264 1881 functi
1287 1841 1361 1880 An.
1402 1843 1503 1882 4494
1529 1846 1623 1880 tom.
1649 1844 1699 1881 1V
1732 1843 1819 1882 Aet.
1859 1845 2096 1883 Sanctorum

1137 1905 1242 1942 ,lunii
1269 1905 1319 1942 23
1342 1916 1379 1955 p.
1405 1905 1601 1942 62οΑ630.

1194 1963 1215 1986 *
1246 1964 1307 2003 Ad
1343 1965 1450 2003 hunc
1491 1965 1601 2003 facile
1642 1965 1888 2004 Bernardum
1926 1969 2098 2016 pertinet

1139 2028 1451 2065 commentarius
1486 2026 1549 2064 ille
1589 2028 1628 2063 in
1665 2027 1988 2065 Ecclesiasticum
2007 2057 2014 2075 ,
2052 2027 2101 2065 de

1141 2099 1219 2138 quo
1239 2087 1452 2137 Catalogus
1488 2088 1596 2125 MSS.
1627 2086 1818 2126 Codicum
1842 2088 1940 2125 Bibl.
1967 2089 2102 2126 Tauri-

1142 2150 1279 2187 nensis
1302 2148 1387 2186 cod.
1411 2148 1462 2186 73
1485 2159 1572 2199 pag.
1597 2148 1660 2186 23.
1685 2148 1868 2186 Nondum
1893 2147 2047 2198 prodiit.

1195 2209 1497 2249 BERNARDUS
1519 2208 1852 2259 Archiepiscopus
1879 2209 1910 2246 T
1908 2209 2100 2258 decanus,

1141 2273 1210 2322 qui
1230 2272 1410 2309 interfuit
1443 2270 1631 2308 Conciliis
1653 2271 1905 2320 Legioncnsi,
1934 2271 2104 2308 Nemau-

1141 2333 1250 2371 sensi
1272 2336 1313 2370 et
1335 2331 1585 2371 Gerundensi
1609 2330 1654 2369 Α.
1681 2331 1777 2370 4091
1794 2361 1803 2377 ,
1825 2331 1926 2369 4096
1941 2335 1981 2368 ct
2000 2330 2101 2369 4097

1142 2394 1294 2433 Auctor
1307 2395 1543 2433 Sermonum
1562 2393 1621 2431 IV
1636 2393 1673 2429 in
1699 2391 1967 2441 Antiphonam
1984 2390 2100 2429 Salve

1142 2454 1292 2505 Reyina
1313 2452 1632 2499 illisericordiae,
1649 2452 1848 2489 editorum
1867 2453 2027 2500 saepius
2043 2452 2100 2488 in-

1144 2521 1204 2554 tcr
1226 2515 1355 2564 Opera
1377 2513 1595 2552 Bernhardi
1633 2512 1979 2549 Claraevallensis.
2005 2511 2097 2548 edit.

1144 2577 1290 2614 noviss
1314 2579 1408 2612 tom.
1434 2575 1465 2611 11
1491 2586 1527 2623 p.
1554 2573 1642 2610 738.
1666 2572 1761 2610 Υἰᾱο
1782 2571 1982 2609 Oudinum
2002 2575 2094 2609 tom.

1142 2638 1176 2675 Il
1201 2648 1236 2686 p.
1263 2636 1352 2673 884.

1194 2694 1494 2735 BERNARDUS
1513 2693 1544 2730 T
1540 2692 1762 2730 revisanus.
1779 2691 1875 2729 Vide
1890 2692 2097 2730 clarissimi

1141 2758 1222 2796 Viri
1244 2755 1417 2805 Apostoli
1439 2755 1529 2791 Zeni
1550 2753 1767 2801 Epistolam
1789 2752 1920 2789 ltalicc
1951 2752 2098 2790 editam

1143 2818 1191 2857 ad
1215 2818 1375 2855 Justum
1404 2815 1685 2852 Fontaninum.
1708 2813 1844 2850 Vcnct.
1872 2813 1985 2853 1704,
2010 2809 2081 2850 8.'⁰

1196 2875 1496 2916 BERMRDUS
1518 2874 1565 2912 cle
1591 2872 1747 2913 Trillia.
1788 2874 2068 2910 Nemausensis
2090 2905 2097 2916 ,

1144 2938 1304 2977 Ordinis
1320 2936 1656 2982 Praedicatorum,
1678 2934 1891 2971 defunctus
1905 2933 1979 2970 An.
2001 2934 2099 2973 1292

1146 2999 1305 3049 scripsit
1330 2997 1487 3035 Postilla
1512 3008 1632 3046 super
1653 2996 1885 3033 Psaltcriuin
1907 3024 1915 3042 ,
1942 2996 2101 3032 Prover-

1147 3062 1229 3108 bia,
1245 3058 1531 3105 licclcsiastcn,
1546 3058 1805 3106 Sapientiam,
1825 3056 1985 3092 Cantica
2002 3055 2102 3092 Can-

1149 3122 1336 3165 ticorum,
1361 3129 1480 3168 super
1499 3117 1718 3155 Johanncm
1744 3126 1869 3164 usquc
1885 3115 1932 3152 ad
1948 3125 2031 3164 cap.
2051 3116 2101 3152 x!

1150 3185 1190 3217 ct
1214 3191 1333 3229 super
1357 3179 1632 3228 Apocalypsin.
1666 3178 1706 3213 ln
1746 3177 2032 3213 sententiarum
2065 3176 2104 3212 li-

1152 3242 1252 3280 bros.
1279 3240 1540 3287 Quales-tiones
1564 3238 1611 3276 dc
1635 3238 1855 3287 cognitione
1872 3238 2026 3276 animae
2044 3247 2106 3275 co<

1598 3319 1644 3353 25·
