2500 4009
465 281 538 320 itt

466 350 707 388 continentur
730 340 947 391 lspeciatim
972 337 1020 374 de
1044 334 1239 374 eludendo
1261 339 1409 384 marty-

462 425 516 451 rio
557 416 591 446 ci
625 401 939 458 persecutoribus
980 409 1048 448 per
1087 395 1337 435 mendacium
1367 400 1408 433 et

460 475 752 512 abnegationem
771 459 1033 506 declinandis)
1054 457 1186 496 multis
1207 455 1406 495 librarum

459 511 748 570 artri'mi'llibus
767 521 1041 574 pretiosiorem
1064 530 1148 558 esse
1165 518 1402 570 judicarent.

507 589 722 632 DiliACL'S
746 588 867 632 Deza,
893 595 1031 634 supra,
1053 575 1196 622 DEZA.

506 650 832 694 iilEDERlCUS,
857 646 946 685 vide
977 645 1096 693 infra,
1128 643 1401 683 THEODERI-

451 717 554 756 Cl’S.

503 778 535 816 F
539 775 743 814 ranciscus
767 771 967 817 DIEDUS,
995 770 1186 809 Patricius
1209 770 1398 818 Venetus,

449 839 728 890 (Lhrisiophoro
750 838 942 875 Personae
968 834 1006 870 in
1036 831 1281 871 dedicatione
1310 843 1399 869 ver-

450 903 570 941 Sionis
593 901 779 939 librorum
804 897 985 947 Origenis
1009 893 1204 932 adversus
1235 893 1397 933 Celsum

450 966 520 1003 An.
552 964 661 1003 ¹481.
696 959 935 998 Franciseus
973 956 1064 994 DIE
1072 956 1161 995 TUS
1182 955 1247 995 vir
1273 955 1399 994 mirae

449 1026 648 1064 doctrinae
673 1027 708 1061 et
728 1020 994 1072 eloquentiae,
1027 1025 1059 1065 a)
1082 1018 1165 1068 jam
1186 1018 1261 1057 An.
1283 1020 1398 1057 ⁴458.

453 1089 597 1126 Patavii
620 1086 801 1122 Oratione
824 1082 1040 1121 celebravit
1057 1079 1400 1119 Bartholomaeum

451 1149 667 1200 l‘ajarinum
680 1147 713 1192 b)
730 1150 767 1183 et
779 1150 932 1196 praeter
949 1144 1044 1182 alias
1062 1141 1267 1180 Orationes
1281 1147 1401 1192 atque

453 1209 672 1261 Epi'stolas,
704 1208 1025 1255 invectivamque
1060 1204 1100 1242 in
1139 1203 1402 1243 Franciscum

452 1272 660 1309 Bai-ocium
692 1272 776 1308 sive
820 1267 1089 1314 Barozziuin,
1120 1265 1399 1316 Philosophum

451 1339 485 1370 ot
513 1333 849 1372 Mathematicum:
876 1330 1034 1381 scripsit
1052 1327 1175 1366 vitam
1198 1328 1237 1366 S.
1260 1326 1404 1366 Bocchi

451 1396 696 1434 Confessoris
714 1424 722 1442 ,
739 1404 858 1444 quem
877 1396 1012 1430 narrat
1026 1390 1169 1429 obiisse
1193 1389 1266 1428 An.
1286 1389 1400 1429 4327.

452 1469 553 1496 anno
569 1463 702 1496 autem
729 1456 839 1495 itii.
860 1455 1080 1494 innotuisse
1101 1453 1282 1492 Patribus
1300 1453 1403 1492 Con-

451 1522 525 1559 cilii
567 1519 912 1565 Constantiensis,
952 1528 1120 1567 quorum
1166 1515 1325 1554 decreto
1353 1514 1400 1552 ad

450 1581 754 1633 propulsandam
787 1582 1039 1631 ingruentem
1078 1578 1183 1616 luem
1215 1578 1252 1625 c)
1274 1576 1402 1615 eidem

454 1645 620 1682 honores
651 1644 807 1683 Sanctis
831 1642 950 1681 debiti
977 1645 1071 1680 sunt
1098 1640 1278 1691 impensi.
1309 1639 1405 1689 Ope-

453 1706 512 1744 ris
536 1705 725 1757 epitomen
755 1703 901 1751 habes,
927 1704 1055 1753 inquit
1093 1703 1274 1749 Vossius,
1298 1699 1406 1752 apud

452 1769 703 1806 Franciscum
729 1767 934 1805 Haraenm
960 1767 995 1804 in
1028 1766 1127 1804 Vitis
1168 1766 1403 1803 Sanctorum

453 1830 583 1868 coion.
612 1830 724 1868 4030.
751 1830 814 1868 fol.
836 1828 898 1867 die
922 1829 1017 1867 XVI.
1046 1827 1211 1878 Auqust
1234 1826 1287 1864 At
1308 1836 1405 1877 opus

455 1892 580 1943 ipsum
597 1891 788 1942 inteyrmn
802 1891 976 1942 reperies
990 1890 1029 1929 in
1040 1888 1297 1929 monumentis
1307 1890 1407 1928 San-

453 1957 604 1993 ctorum
632 1955 802 1992 Veronae
819 1986 828 2002 ,
855 1965 956 2006 quae
984 1953 1148 1991 Venetiis
1182 1955 1275 1991 sunt
1303 1950 1407 1990 edita

454 2028 553 2054 (inno
575 2016 779 2055 MDLXVI.
807 2017 912 2054 Obiit
941 2015 1087 2054 Dicdus
1126 2016 1301 2054 Veronae
1331 2014 1406 2053 An.

462 2080 572 2117 1483.
588 2079 712 2128 d,quo
727 2083 888 2116 eentum
908 2078 986 2115 iore
1006 2079 1122 2116 annis
1136 2076 1269 2127 junior
1289 2076 1408 2113 Geor-

454 2143 540 2186 gius
582 2140 727 2178 Dicdus
750 2141 997 2189 Responsum
1036 2138 1084 2176 de
1114 2138 1237 2175 bireto
1289 2137 1406 2175 rubro

458 2201 729 2238 Curdmahbus
759 2201 951 2250 religiosis
979 2199 1106 2237 dando
1124 2230 1132 2245 ,
1158 2200 1301 2236 Romae
1330 2198 1403 2235 Au.

465 2262 572 2300 1:392.
599 2263 741 2312 publici
759 2263 858 2311 juris
876 2262 976 2298 iecit.

512 2327 527 2344 ⁴
555 2325 682 2361 Vitam
708 2324 756 2361 ab
780 2335 825 2361 co
850 2325 1035 2373 scriptam
1057 2324 1095 2359 S'.
1122 2320 1402 2373 lioeliieonfes—

456 2386 557 2423 soris
580 2386 700 2423 liabeo
732 2386 834 2436 apud
861 2398 923 2424 me
950 2390 1106 2423 vetusta
1133 2385 1302 2422 editione
1333 2396 1400 2422 ex-

456 2459 592 2486 cusam
621 2450 656 2486 in
684 2449 704 2485 4
731 2450 814 2486 sine
861 2448 1122 2497 adscriptione
1150 2447 1338 2496 temporis
1360 2450 1399 2482 ot

457 2510 524 2546 loci
545 2541 552 2546 .
573 2510 686 2548 cuius
710 2515 771 2546 cst
790 2509 1020 2547 exordium:

508 2571 720 2609 1‹·1·ancz'sct
758 2571 872 2608 Diecli
887 2569 1108 2622 philosophi
1127 2581 1248 2622 super
1274 2569 1399 2621 leyen-

455 2632 543 2669 dnm
566 2633 609 2670 R.
636 2632 756 2672 Roclii
777 2632 1026 2685 confessoris.
1059 2634 1145 2672 Etsi
1173 2633 1219 2672 (le
1246 2633 1396 2680 Roclio,

454 2695 565 2732 ruins
607 2696 725 2734 vitam
754 2695 949 2746 scripturi
971 2707 1132 2743 snmus,
1163 2697 1263 2735 certi
1302 2695 1399 2734 m‘in'l

456 2770 508 2793 es
543 2756 764 2805 veteribus,
803 2759 969 2810 sacrisq.
1005 2758 1203 2799 codicibus
1226 2770 1399 2810 comper-

457 2823 537 2856 tum
561 2818 748 2858 habemus
769 2833 778 2868 ς
803 2832 848 2858 ne
866 2824 993 2859 &tinen
1010 2821 1126 2861 liuius
1141 2821 1223 2860 viri
1235 2821 1400 2860 sanctis—

455 2881 545 2918 simi
564 2893 687 2930 qenus
706 2913 712 2921 .
731 2883 1012 2932 pereqrinatw,
1038 2884 1121 2922 vita
1135 2888 1253 2935 atque
1273 2883 1400 2922 obitus

510 3039 541 3066 a,
565 3033 711 3061 niarium
736 3032 949 3063 Eruditorum
977 3032 1091 3064 italiae
1115 3037 1194 3064 tom.
1223 3036 1306 3064 xvii
1334 3043 1408 3075 pag.

452 3079 521 3110 289.
549 3088 617 3119 seq.

509 3130 543 3166 b)
562 3132 693 3162 vossius
712 3132 766 3162 ΙΙΙ.
784 3131 823 3161 de
841 3133 921 3163 iiist.
941 3134 1010 3164 Lat.
1032 3141 1106 3173 pag.
1125 3133 1198 3166 001.

513 3190 544 3215 ν)
573 3182 650 3210 Vide
672 3183 848 3212 Baroiiium
871 3182 910 3212 ad
935 3184 1145 3223 martyrolog.
1168 3187 1259 3216 Rom.
1285 3184 1323 3216 16
1344 3188 1410 3216 Αυ-

463 3232 549 3263 gust.
567 3233 598 3258 ct
616 3232 748 3260 missam
766 3236 794 3261 S.
813 3232 947 3269 nocchi,
964 3238 1112 3272 tempore
1126 3237 1225 3273 pestis
1243 3235 1413 3266 celebran-

456 3276 530 3306 dam
549 3278 633 3315 apud
656 3280 843 3318 Aguirrluin
861 3286 941 3312 tom.
961 3284 1012 3315 iv.
1029 3284 1254 3315 Conciiiorum
1275 3287 1407 3324 Hispan.

462 3332 537 3362 pag.
564 3326 632 3356 710.

519 3373 553 3409 d,v
580 3377 733 3408 Triiiiern.
761 3388 829 3417 cop.
857 3380 930 3413 869.
956 3381 995 3414 de
1021 3387 1049 3415 S.
1072 3385 1108 3414 E.

1286 262 1609 302 iiiDACUs

1484 334 1524 372 in
1542 332 1710 372 obscuro
1729 333 1808 372 sint
1823 337 1905 372 tum
1923 345 1978 373 esic
1988 331 2178 372 barbaris
2192 330 2430 384 quibusdam

1479 394 1742 448 fraymentis,
1767 399 1849 434 tum
1873 407 1928 435 eac
1951 395 2086 435 latinis
2118 393 2278 435 vernali
2301 398 2432 434 tamen

1481 457 1616 509 linqua
1631 469 1848 510 crassaque
1879 458 2059 497 minerva
2085 455 2318 508 conscriptis
2338 467 2432 496 non-

1478 519 1588 558 nullo
1616 519 1854 572 colleyimus.
1889 521 2106 572 Scripsisse
2142 519 2240 558 haec
2270 519 2431 559 videtur

1476 593 1546 622 seu
1572 584 1752 632 Brixiae,
1774 594 1846 623 seu
1870 584 1909 622 in
1939 583 2107 635 gratiam
2131 582 2401 622 Brixiensium
2417 611 2427 629 ‚

1475 645 1540 693 qui
1565 655 1655 683 cum
1673 646 1911 684 saevissima
1927 648 2050 696 pexte
2065 643 2349 695 affligerentur,
2365 654 2435 682 vo-

1477 710 1564 744 tum
1591 710 1757 756 patrono
1781 706 1873 746 huic
1904 717 1976 746 suo
2001 709 2298 757 nuncuparunt.

1528 766 1715 816 DIEMO,
1741 768 1828 806 aliis
1860 769 2033 816 TIEMO,
2069 769 2154 806 sive
2191 767 2371 815 THIMO,
2396 767 2430 816 a)

1473 828 1632 867 Ordinis
1646 830 1686 868 S.
1701 828 1918 877 Benedicti,
1939 841 1989 868 ex
2007 829 2149 868 illustri
2172 839 2318 880 genere
2332 829 2431 868 Ger-

1472 902 1640 938 manus,
1665 892 1731 941 qui
1756 891 1958 930 familiaris
1978 892 2018 931 S.
2046 890 2223 941 Othonis,
2242 892 2429 943 Episcopi

1476 953 1781 1003 Bambergensis
1823 959 1863 992 et
1904 955 2213 993 pomeranorum
2253 953 2431 1005 Apostoli

1475 1015 1549 1054 An.
1576 1017 1691 1055 4439.
1716 1015 1752 1065 b)
1778 1015 1975 1065 defuncti,
2000 1014 2088 1066 ejus
2116 1015 2239 1055 vitam
2261 1016 2434 1067 scripsit.

1478 1079 1557 1117 liae
1580 1089 1699 1117 usum
1731 1089 1774 1117 se
1798 1082 1971 1117 testatur
1998 1077 2205 1129 Andreas,
2229 1076 2362 1116 Abbas
2389 1077 2433 1116 S.

1477 1141 1676 1180 Michaelis
1694 1170 1702 1186 ‚
1723 1145 1768 1179 ut
1783 1140 1913 1179 dicere
1930 1151 1993 1178 me
2015 1140 2176 1179 memini
2196 1150 2317 1191 supra
2333 1144 2429 1178 tom.

1481 1205 1494 1242 4
1519 1232 1527 1248 ,
1551 1215 1638 1254 pag.
1663 1203 1725 1242 90.
1753 1203 1816 1242 ubi
1839 1206 2020 1242 notatum
2043 1203 2164 1241 etiam
2200 1206 2264 1241 est
2305 1201 2433 1241 videri

1474 1266 1597 1304 vitam
1622 1265 1724 1304 hanc
1748 1275 1960 1316 superesse
1981 1265 2020 1303 in
2045 1264 2154 1304 libris
2179 1265 2308 1304 tribus
2328 1263 2434 1303 Ano-

1478 1329 1588 1378 nymi
1624 1328 1672 1366 de
1708 1327 1889 1378 ejusdem
1915 1328 1953 1367 S.
1990 1327 2158 1366 Othonis
2185 1328 2288 1375 vita,
2315 1327 2434 1366 editis

1475 1402 1496 1429 a
1520 1390 1680 1430 Canisio
1701 1395 1821 1441 atque
1845 1389 1987 1429 deinde
2010 1390 2129 1429 etiam
2158 1389 2208 1428 ab
2227 1389 2336 1428 aliis:
2362 1389 2435 1428 sed

1479 1453 1518 1491 hi
1551 1464 1630 1491 non
1653 1464 1724 1504 per
1743 1452 1907 1492 modum
1928 1451 2068 1504 dialogi
2093 1451 2227 1503 scripti
2252 1455 2373 1501 sunt,
2394 1452 2435 1490 in

1479 1516 1542 1554 illa
1567 1519 1700 1554 autern
1726 1515 1999 1565 colloquentes
2023 1513 2206 1553 inductos
2235 1512 2437 1553 sefridum
2498 1509 2500 1514 ’

1476 1583 1516 1616 et
1554 1579 1782 1616 Tiemonem
1821 1576 2002 1616 Andreas
2039 1577 2321 1615 testatur..De
2348 1575 2437 1615 aliis

1478 1642 1715 1679 Sanctorum
1749 1640 1871 1687 vitis,
1901 1649 2002 1689 quas
2031 1637 2124 1677 huic
2159 1638 2339 1676 Diemoni
2377 1639 2438 1675 vi-

1477 1702 1622 1742 dentur
1642 1703 1815 1742 tribuere
1836 1702 2027 1749 Vossius,
2049 1701 2316 1752 Gangiusque,
2337 1699 2436 1738 nihil
2497 1735 2500 1747 ⁴

1479 1766 1693 1815 quicquam
1718 1765 1903 1816 comperi.
2499 1751 2500 1766 ¹

1531 1828 1688 1866 DIEMO
1712 1826 1947 1874 Trithcmio,
1976 1826 2008 1875 c)
2033 1825 2120 1864 aliis
2139 1823 2349 1874 TlllEMO,
2371 1824 2435 1863 vel

1481 1888 1674 1936 TYEMO,
1699 1893 1768 1928 aut
1811 1890 1931 1927 etiam
1969 1887 2320 1936 DlETHMARUS,
2349 1888 2436 1926 sive

1483 1950 1863 1991 THEODAMARUS
1881 1981 1891 2001 ,
1915 1961 1963 1989 ex
1993 1950 2112 1989 nobili
2143 1948 2326 2001 Bojorum
2351 1959 2438 2002 pro-

1479 2015 1636 2064 genitus
1656 2015 1860 2064 sanguine,
1875 2011 2207 2064 Archiepiscopus
2223 2009 2438 2052 Saltzbur-

1480 2075 1632 2125 qensis,
1661 2077 1699 2113 in
1724 2075 1947 2114 Palaestina
1987 2077 2128 2125 captus
2163 2078 2205 2113 et
2242 2084 2386 2113 caesus
2414 2084 2438 2112 a

1481 2137 1618 2174 Turris
1650 2135 1764 2174 Anno
1784 2136 1935 2174 CHristi
1966 2136 2081 2174 4404.
2105 2134 2142 2184 d)
2163 2134 2265 2173 Acta
2281 2133 2439 2186 passio-

1479 2197 1541 2236 nis
1560 2197 1648 2248 ejus
1673 2197 1773 2235 lecta
1793 2197 1928 2235 Ottoni
1949 2197 2191 2248 Frisingensi
2212 2200 2253 2236 et
2274 2196 2434 2236 Auctori

1477 2258 1657 2297 Chronici
1686 2257 2103 2309 Reicherspergensis,
2133 2257 2256 2298 edidit
2296 2259 2436 2297 Henri—

1475 2332 1546 2359 cus
1583 2320 1769 2359 Canisius
1808 2324 1902 2358 tom.
1929 2320 1992 2359 IV.
2025 2324 2136 2371 parte
2159 2320 2196 2360 2.
2230 2331 2318 2372 pag.
2343 2319 2433 2358 666.

1474 2382 1674 2431 (editionis
1694 2393 1821 2420 novae
1846 2386 1944 2421 tom.
1963 2383 2000 2421 3,
2023 2386 2149 2433 parte.
2169 2382 2208 2430 2,
2226 2393 2312 2433 pag.
2329 2381 2432 2431 403.)

1525 2444 1855 2493 DIETERICUS,
1883 2444 2010 2491 inira,
2037 2443 2407 2484 THEODERICUS.

1524 2506 1831 2555 DIETGERUS,
1867 2507 1954 2545 aliis
1983 2507 2316 2556 THEOGERUS,
2345 2506 2432 2545 sive

1471 2574 1800 2622 THEOGORUS,
1844 2573 1908 2611 vel
1949 2568 2281 2618 THEOCARUS,
2312 2568 2434 2607 frater

1470 2638 1662 2686 Foimari,
1686 2636 1854 2675 Comitis
1883 2634 2072 2674 Metensis
2089 2664 2099 2684 ,
2122 2631 2257 2672 Abbas
2287 2631 2326 2670 S.
2356 2629 2432 2669 Ge-

1470 2700 1564 2749 orgii
1589 2700 1628 2737 in
1653 2699 1769 2748 sylva
1805 2697 2012 2746 ilercinia,
2035 2699 2076 2735 et
2099 2695 2322 2746 Episcopus
2349 2693 2430 2732 Me-

1471 2762 1619 2810 tensis,
1639 2760 1898 2810 abdicatoque
1927 2759 2028 2797 circa
2058 2756 2218 2796 Annum
2251 2754 2366 2795 4448.
2391 2753 2426 2801 e)

1472 2824 1714 2874 Episcopatu
1757 2820 1973 2861 Monachus
2001 2818 2287 2859 CluniacensiS.
2325 2816 2429 2856 Scri-

1529 2990 1562 3030 a)
1584 2991 1734 3022 Eundem
1761 2997 1835 3022 esse
1862 2989 2090 3025 maimonem,
2111 2987 2169 3028 qui
2193 2985 2270 3018 aliis
2295 2984 2433 3023 memo,

1475 3044 1568 3072 recte
1590 3041 1723 3072 notavit
1747 3040 1894 3071 Sondiua
1932 3037 1974 3070 ad
1999 3038 2154 3070 vossium
2175 3043 2252 3076 pag.
2273 3033 2348 3066 534.
2369 3034 2436 3066 edi-

1471 3092 1573 3122 tionis
1598 3098 1614 3121 o
1642 3098 1694 3121 me
1719 3093 1864 3121 curatae.

1531 3140 1566 3179 b)
1595 3140 1760 3171 Arnoidus
1784 3140 1882 3169 wion
1905 3141 1988 3169 tom.
2009 3136 2042 3169 Ω.
2066 3135 2149 3175 ligni
2172 3135 2260 3166 vitae
2287 3141 2318 3173 p.
2341 3131 2414 3165 713.

1533 3190 1565 3227 c)
1603 3189 1763 3220 Triihem.
1801 3189 1852 3218 lv.
1897 3186 1968 3218 195.
2006 3185 2126 3217 illustr.
2160 3183 2367 3216 Benedictin.
2400 3186 2434 3214 et.

1473 3239 1594 3270 Chron.
1618 3238 1763 3277 Hiriaug.
1789 3238 1828 3268 ad
1853 3239 1986 3266 Annum
2011 3233 2104 3265 1077.

1533 3288 1568 3328 d)
1591 3287 1712 3319 nundii
1740 3285 1921 3325 metropol.
1947 3283 2129 3322 saltzburg.
2151 3290 2227 3323 pag.
2247 3281 2280 3313 6.

1532 3344 1564 3375 e)
1588 3337 1831 3368 sammarthani
1847 3340 1936 3367 tomo
1953 3335 2055 3365 tertio
2073 3332 2197 3364 Galliae
2218 3331 2429 3364 Christianae

1474 3395 1547 3427 pag.
1572 3385 1644 3418 716.
2242 3397 2245 3400 -
