2500 4009
432 208 509 247 570

431 275 811 326 Selingestadiensis.
838 272 978 308 Exstat
1003 280 1090 318 ejus
1119 269 1280 307 earmeu
1310 269 1378 307 lie-

434 344 656 377 xainetruin
681 366 687 372 .
710 344 901 370 versuum
925 330 1002 368 536
1029 330 1078 368 de
1102 330 1286 370 laudibus
1306 331 1381 370 Ca-

432 402 499 439 roli
525 399 647 447 Magni
670 401 705 433 et
733 394 930 432 celebrato
955 392 1002 430 ab
1027 404 1072 429 eo
1102 394 1317 444 Maicampo
1342 399 1381 432 et

431 467 638 498 venatione
662 463 697 494 et
725 466 939 505 conpressit
964 454 1144 503 ejusdem
1176 459 1216 493 et
1242 455 1380 494 Leonis

435 522 521 563 Ill».
550 522 679 571 Papae
706 520 806 556 facto
830 519 905 556 An.
930 518 1019 555 790.
1053 517 1109 567 De
1134 516 1223 568 ejus
1246 518 1383 555 editio-

433 585 545 621 nibus
570 581 699 618 dicere
722 592 784 618 me
806 581 966 618 memini
993 584 1090 617 tom.
1114 580 1147 618 4.
1175 590 1259 630 pag.
1293 579 1382 618 320.

431 648 539 684 llum·
565 643 805 693 llilpericuni
832 643 862 679 si
885 641 1071 681 audimus
1091 673 1101 689 .·
1123 642 1291 680 Carolus

463 713 725 745 Grammaticae
748 713 865 743 doctor
883 715 1013 743 constat
1043 711 1253 751 praelucidus
1270 714 1363 745 artis.

423 763 513 795 Nullo
532 771 678 802 unquam
696 762 806 793 suerat
825 766 891 792 tam
910 761 1019 793 clarus
1044 766 1192 802 tempore
1210 761 1330 801 lector,

371 809 377 815 ⁶
424 814 628 845 Rhetoricae
646 814 788 851 insignis
811 816 941 852 vegetat
961 817 1158 852 praeceptor
1177 814 1210 843 in
1227 816 1298 843 arte
1312 835 1321 850 ,

421 868 573 894 summus
592 871 673 902 apex
689 864 812 901 Regum
827 885 838 900 ,
851 871 999 893 summus
1021 870 1154 902 quoque
1173 863 1205 893 in
1221 861 1301 893 orbe
1321 863 1378 892 So-

422 917 532 945 Exstat
550 918 582 944 et
599 917 712 944 orator
731 911 874 944 facundo
890 912 1013 943 famine
1033 913 1160 952 pollens
1174 936 1184 949 ,
1246 912 1382 952 (phista.

425 964 551 1003 inclyta
573 971 650 994 nam
671 968 803 1003 superat
825 962 985 1002 praeclari
1005 962 1093 994 dicta
1107 962 1243 993 Catonis

421 1017 531 1046 Vincit
556 1019 586 1045 et
611 1015 734 1053 eloquii
756 1021 912 1052 magnum
931 1011 1107 1043 dulcedine
1125 1014 1272 1044 Marcum

421 1068 527 1104 ‚itque
547 1067 614 1096 suis
633 1063 733 1094 dictis
758 1062 920 1094 facundus
939 1064 1026 1093 cedit
1046 1065 1207 1093 Homerus
1225 1084 1234 1099 ‚

422 1117 460 1145 Et
479 1117 605 1154 priscos
625 1118 759 1152 superat
782 1113 980 1144 D'alectica
1002 1114 1034 1143 in
1053 1117 1123 1143 arie
1143 1112 1327 1151 Magistros.

423 1169 573 1202 Quatuor
589 1168 636 1194 ast
655 1163 736 1194 alias
755 1167 864 1203 partes
888 1163 923 1197 b>
942 1170 1028 1202 quae
1043 1164 1117 1202 jure
1135 1165 1324 1201 sequuntur
1339 1186 1348 1198 ‚

423 1217 587 1245 Discernit
606 1213 707 1244 simili
726 1221 837 1244 rerum
854 1214 985 1243 ratione
1005 1213 1166 1251 magistra

424 1266 545 1294 Doctus
565 1266 598 1294 in
617 1264 668 1294 his
684 1265 852 1302 etiamque
871 1263 970 1294 modo
984 1264 1052 1293 Rex
1071 1261 1166 1292 ssorct
1185 1259 1302 1303 endem
1317 1284 1327 1298 ,

424 1313 516 1345 solus
532 1315 594 1344 iter
608 1315 727 1344 meruit
749 1312 923 1344 doctrinae
941 1311 1123 1352 adipiscier
1146 1318 1244 1343 omne
1259 1334 1269 1348 ‚

423 1364 578 1396 occultas
597 1368 773 1404 penetrare
792 1364 862 1393 vias
882 1363 1037 1401 mysteria
1058 1366 1179 1394 cuncta

424 1416 523 1444 Nosse
543 1415 618 1443 1)Εο
639 1415 757 1444 seriem
776 1412 950 1444 revelante
966 1412 1009 1442 ab
1026 1413 1156 1451 origine
1174 1419 1285 1443 rerum
1300 1435 1310 1448 ‚

424 1466 562 1494 Omnem
579 1465 703 1502 quippe
722 1465 810 1494 viam
829 1463 1003 1494 doctrinae
1022 1463 1150 1493 invenit
1169 1466 1200 1493 et
1217 1469 1349 1492 omnem

424 1515 513 1544 Artis
537 1521 678 1553 opaeum
697 1514 826 1544 aditum
844 1516 1038 1551 secretaque
1058 1511 1209 1543 clancula
1227 1510 1328 1543 verba

423 1566 541 1594 Omnia
556 1586 565 1601 ‚
584 1563 674 1594 solus
693 1564 782 1594 enim
801 1564 922 1593 meruit
945 1563 1020 1601 pius
1040 1560 1092 1593 ille
1111 1552 1232 1592 talenta

424 1615 595 1653 Suscipere
619 1618 649 1643 et
669 1614 800 1644 cunctis
821 1611 1004 1651 praefertur
1025 1613 1056 1642 in
1077 1615 1147 1642 arte
1164 1613 1345 1651 Magistri&

426 1664 559 1695 scilicet
579 1664 712 1702 imperii
732 1666 766 1692 ut
788 1666 950 1701 quantum
968 1663 1033 1691 Rex
1053 1661 1198 1691 culmine
1215 1663 1318 1700 Reges

426 1713 563 1744 Excellit
583 1737 594 1752 ,
623 1716 755 1743 tantum
780 1713 911 1742 cunctis
933 1712 1154 1751 praeponitur
1181 1714 1264 1742 arte.

485 1780 808 1820 FERNANncs.
833 1780 917 1817 sive
944 1776 1292 1816 FERDINANDUS
1310 1807 1318 1825 ,
1339 1776 1386 1813 de

434 1843 615 1882 Corduba
635 1874 645 1890 ,
682 1843 906 1892 Hispanus,
939 1840 1214 1879 Subdiaconus
1248 1840 1389 1877 Roma-

434 1916 536 1953 nus,
567 1906 725 1954 scripsit
750 1904 798 1941 ad
833 1905 1009 1952 Xystum
1042 1903 1116 1950 IV,
1142 1901 1187 1939 (le
1203 1902 1301 1953 J'ure
1327 1898 1389 1938 be-

434 1967 661 2018 neficiorum
682 1966 912 2005 vacantium
940 1964 1087 2004 medios
1129 1963 1288 2016 fruetus
1318 1974 1390 2000 an-

437 2032 631 2080 natasque
656 2028 868 2079 eoez'qemli,
893 2033 933 2065 et
963 2026 1008 2065 cle
1028 2029 1218 2079 potestate
1256 2026 1389 2076 Papae

435 2092 475 2129 in
495 2089 792 2142 temporalibus.
812 2092 862 2129 Et
888 2090 933 2129 ad
954 2090 1231 2128 Bessarionem
1253 2086 1390 2125 Cardi-

438 2155 567 2192 nalem
593 2153 639 2191 cle
668 2152 838 2203 artifieio
869 2151 993 2190 omnis
1014 2155 1051 2189 et
1070 2148 1335 2200 1'tzv,³est1]qan(li
1356 2152 1394 2186 et

437 2215 660 2254 inveniendi
682 2218 830 2253 natura
849 2212 1011 2253 scibilis.
1035 2214 1087 2252 Et
1121 2212 1167 2250 tle
1199 2210 1396 2262 Pontificit'

430 2277 548 2330 pallii
568 2276 752 2329 mysterio
778 2276 824 2315 ad
852 2275 1102 2315 Cardinalem
1130 2275 1388 2312 Franciscum

437 2341 778 2379 Piccolomineum.
810 2338 906 2377 Vide
937 2337 1139 2377 =Nicolaum
1173 2336 1391 2374 Antonium

437 2405 498 2451 X,
525 2403 585 2441 43.
607 2401 870 2440 Bibliothecae
896 2400 1045 2437 veteris
1075 2400 1273 2449 llispanae
1296 2403 1392 2435 toni.

441 2468 473 2503 2.
499 2476 586 2516 pag.
609 2465 700 2502 209.
724 2465 774 2503 Et
797 2475 850 2501 an
870 2462 921 2502 sit
954 2461 1061 2500 licita
1081 2473 1172 2513 pam
1200 2472 1290 2499 cum
1320 2462 1394 2500 Sa-

439 2527 608 2566 racenis.
634 2529 841 2566 Praeterea
868 2526 1209 2564 Commentariuni
1236 2525 1274 2561 in
1314 2534 1395 2561 ma-

439 2602 555 2640 gnam
594 2590 806 2628 Bibliorum
852 2593 1003 2640 partem
1025 2617 1031 2633 ,
1072 2587 1306 2637 praesertim
1354 2586 1390 2622 in

440 2651 714 2703 Apocalypsin.
724 2653 752 2690 T
760 2662 824 2690 um
838 2650 878 2688 in
889 2650 916 2688 A
927 2649 1072 2699 lmafses
1080 2651 1159 2687 tum
1169 2646 1392 2694 Ptolemaei,

442 2720 480 2752 et
503 2715 783 2765 praefationem
810 2713 856 2751 ad
882 2711 1088 2751 Alberticm
1121 2713 1307 2761 Maqnum
1346 2709 1393 2748 de

443 2777 704 2815 animalibus.
736 2776 887 2815 editum
912 2777 1058 2814 Romae
1085 2775 1187 2813 4478
1213 2774 1276 2812 fol.

497 2839 795 2878 l-'EBRANDL’S
819 2840 1016 2877 Diaconus
1046 2836 1229 2886 Carthag.
1265 2836 1391 2880 Infra,

449 2901 756 2940 i-‘L'LGENHL’S
776 2898 1024 2938 Ferranclus.

500 2963 644 3000 Petrus
663 2959 1228 3011 Fliiiimxnt's(Fernamlez)
1241 2973 1288 2999 ex
1307 2961 1396 2999 Gal-

450 3024 564 3060 iaecia
588 3055 596 3069 ‚
624 3026 820 3075 llispanus
841 3055 849 3071 .
881 3024 1041 3064 Ordinis
1078 3023 1395 3062 l'raedicatorum

447 3085 545 3121 rire-a
569 3086 727 3124 Annum
758 3088 869 3126 1270.
901 3087 1023 3125 Vitam
1045 3087 1084 3126 S.
1111 3085 1330 3131 Domznici,
1356 3090 1396 3123 et

453 3144 668 3184 ‘'lerouz‘con
690 3148 849 3187 (erinis
866 3149 933 3188 sui
945 3161 965 3188 a
983 3149 1186 3188 Dominico
1203 3159 1330 3198 usque
1348 3147 1394 3186 ad

508 3280 541 3315 b)
566 3284 795 3323 Geminetriam,
815 3288 1080 3325 arithmeticam,
1102 3287 1272 3324 musicam,
1291 3288 1404 3316 Astro-

452 3331 605 3360 numiam.

1196 196 1648 236 FERNANDUS

1453 269 1742 317 llumbertum,
1766 270 1997 320 Magistrum
2024 270 2258 309 Generalem
2287 271 2402 320 quin-

1453 336 1539 370 tum
1587 331 1795 382 scripsisse.
1837 332 2020 371 traditur.
2065 332 2160 372 Vide
2197 322 2398 373 Nicolaum

1454 393 1671 432 Antonium
1717 392 1980 432 Bibliothecae
2018 396 2212 446 Hispanae
2253 384 2402 433 veteris

1455 457 1567 505 vlu,
1600 457 1622 494 3
1657 455 1732 495 449
1767 459 1863 494 tom.
1906 458 1942 496 2.
1986 469 2073 509 pag.
2115 458 2175 496 46.
2213 457 2402 497 Jacobum

1455 519 1593 566 Quctif
1613 523 1708 556 torn.
1736 525 1773 557 4.
1796 529 1883 569 pag.
1910 518 2001 559 427.

1509 581 1736 621 ΛΝΟΝΥΜΙ
1761 580 1973 629 Gibellini,
2005 583 2072 631 qui
2104 583 2205 623 circa
2242 581 2403 622 Annum

1459 644 1558 683 4340
1585 643 1743 693 scripsit
1767 642 1990 681 Chronicon
2024 654 2191 694 parvum
2225 643 2405 685 FERRA-

1454 706 1634 745 BIENSF.
1659 705 1707 744 ab
1730 705 1882 754 origine
1905 706 2107 744 Ferrariae
2124 735 2133 754 ,
2153 707 2237 746 sive
2260 707 2309 747 ab
2331 707 2408 747 Aa.

1454 770 1530 808 658
1555 768 1601 806 ad
1626 767 1728 807 4264
1754 766 1909 805 editum
1934 778 1956 805 a
1986 766 2215 807 Clarissimo
2241 770 2410 809 Murato-

1453 833 1508 870 rio
1521 836 1547 868 t.
1561 830 1584 868 8
1607 831 1639 878 a)
1664 830 1903 879 scriptorum
1922 840 2000 867 rer.
2022 829 2246 869 Italicarum
2263 842 2300 882 p.
2320 832 2409 870 469.

1506 894 1592 931 Vita
1611 893 1649 931 S.
1662 891 1908 930 FERREOLI
1924 891 2208 931 Lemovieensis
2226 893 2412 945 Episcopi

1456 960 1495 994 et
1520 955 1794 1000 Confessam,
1819 954 1887 1004 qui
1928 954 2101 993 Concilio
2134 955 2412 995 Matisconensi

1457 1018 1532 1057 An.
1559 1018 1635 1056 585
1661 1016 1867 1065 interfuit,
1897 1016 1984 1055 Vita
2008 1017 2170 1067 vulgata
2203 1029 2226 1056 a
2259 1017 2411 1057 Labbeo

1458 1086 1485 1118 t.
1510 1080 1546 1118 2.
1572 1079 1836 1118 Bibliothecae
1862 1090 1988 1118 novae
2011 1079 2118 1118 MSS.
2142 1090 2182 1130 p.
2198 1078 2287 1129 527,
2306 1080 2397 1119 528.

1514 1142 1761 1181 FERREOLI
1785 1142 2011 1191 Presbyteri
2044 1141 2256 1181 sententiae
2295 1143 2332 1180 in
2368 1142 2413 1181 li-

1458 1205 1559 1243 bello
1595 1204 1643 1243 dc
1680 1204 1817 1244 Officio
1839 1204 2019 1243 Rectoris
2042 1204 2247 1244 Ecclesiae
2267 1235 2278 1253 ,
2303 1203 2414 1245 Colo-

1462 1269 1546 1306 niae
1572 1268 1693 1315 4534,
1721 1268 1758 1305 8.

1514 1330 1551 1367 8.
1592 1330 1887 1369 FERREOLUS
1908 1359 1916 1379 ,
1957 1328 2168 1369 Ucetiensis
2208 1331 2245 1368 in
2290 1329 2414 1370 Gallia

1461 1392 1704 1432 Narbonensi
1727 1392 1978 1443 Episcopus,
1999 1391 2214 1431 defunctus
2235 1390 2310 1431 An.
2335 1392 2404 1432 584

1462 1457 1510 1494 de
1535 1468 1612 1506 quo
1638 1455 1935 1494 Sammarthani
1961 1459 2057 1493 tom.
2083 1454 2118 1493 3.
2135 1454 2284 1494 Galliae
2304 1452 2416 1494 Chri-

1463 1521 1613 1558 stianae
1638 1529 1725 1569 pag.
1750 1518 1852 1556 4445
1890 1521 1930 1556 et
1966 1517 2146 1568 pluribus
2181 1516 2347 1556 Carolus
2377 1517 2413 1556 le

1462 1583 1600 1620 Cointe
1627 1583 1662 1619 in
1685 1580 1896 1620 annalibus
1919 1581 2160 1619 Francorum
2180 1579 2230 1619 ad
2253 1578 2412 1618 Annum

1463 1645 1532 1684 521
1564 1655 1641 1694 quo
1679 1647 1798 1682 uatus
1837 1643 2074 1692 Ferreolus,
2110 1646 2150 1681 et
2185 1640 2413 1689 528,553,

1465 1708 1562 1754 53:55,
1587 1707 1688 1752 5558,
1711 1706 1799 1744 584.
1839 1717 1888 1744 ex
1925 1705 2053 1744 veteri
2082 1709 2243 1744 auctore
2281 1703 2413 1750 vitae,

1462 1780 1581 1819 quam
1606 1780 1656 1806 ex
1681 1769 1861 1806 Foxiensi
1891 1768 2000 1806 MSto
2023 1767 2127 1805 mitti
2156 1766 2229 1805 sibi
2261 1765 2416 1805 deside-

1463 1831 1574 1869 rabat
1604 1831 1833 1869 llolstenius
1860 1830 2039 1880 Epistola
2071 1829 2120 1868 ad
2159 1829 2413 1869 Lambecium

1462 1899 1556 1933 tom.
1583 1895 1605 1932 6
1644 1906 1730 1945 pag.
1769 1892 1858 1932 274.
1882 1892 1983 1943 Ejus
2007 1891 2156 1944 Reyula
2178 1891 2415 1932 Monasterz'i

1462 1955 1776 1994 Ferriotacensis
1799 1955 1846 1994 ad
1872 1956 2100 1994 Lucretium
2126 1956 2284 2006 Papam,
2307 1954 2413 1994 edita

1465 2021 1502 2057 in
1541 2019 1728 2057 llolstenii
1767 2017 1911 2057 Codice
1948 2018 2188 2068 Regularum
2226 2021 2339 2068 parte
2375 2017 2413 2056 2.

1465 2092 1551 2131 pag.
1586 2080 1629 2120 74
1667 2085 1706 2118 et
1748 2079 1851 2131 apud
1892 2081 2091 2119 Cointium
2126 2074 2221 2117 tom'.
2260 2080 2294 2118 4.
2324 2089 2411 2130 pag.

1465 2144 1554 2190 833,
1579 2154 1661 2193 seq.
1687 2140 1824 2180 Libros
1844 2141 1993 2192 aliquot
2009 2139 2292 2192 Epistolarum,
2308 2151 2410 2191 quos

1466 2204 1611 2242 Sidonii
1627 2205 1808 2254 exemplo
1825 2205 2033 2255 scripsisse
2048 2203 2274 2243 Ferreolum
2292 2208 2415 2242 testa—

1466 2271 1532 2305 tur
1554 2266 1769 2315 Gregorius
1799 2267 2044 2305 Turonensis
2078 2265 2144 2305 lib.
2163 2267 2225 2305 VI.
2250 2276 2336 2317 cap.
2359 2265 2384 2304 7
2399 2297 2410 2315 ,

1468 2340 1584 2367 nemo
1610 2329 1806 2368 hactenus
1831 2331 1867 2366 in
1894 2329 2025 2368 lucem
2050 2329 2228 2379 protulit.

1519 2393 1558 2430 S.
1587 2391 1809 2431 Vincentius
1838 2390 2114 2431 FERRERIUS
2140 2420 2148 2440 ,
2181 2391 2267 2430 sive
2305 2391 2420 2430 FER-

1467 2453 1650 2493 RARlUS
1688 2454 1956 2502 Valentinus,
1994 2454 2216 2504 Hispanus,
2259 2451 2419 2492 Ordinis

1469 2516 1785 2556 Praedicatorum
1806 2546 1814 2565 ,
1839 2516 2012 2556 Concilio
2036 2515 2334 2556 Constantiensi
2360 2516 2417 2553 in—

1468 2579 1604 2618 terfuit
1628 2579 1701 2617 An.
1724 2580 1826 2619 4448
1847 2579 2020 2629 obiitque
2040 2577 2114 2630 An.
2132 2578 2247 2627 4449,
2269 2579 2292 2617 5
2307 2576 2420 2629 Apri—

1470 2642 1528 2690 lis,
1553 2642 1710 2680 Sanctis
1739 2641 1966 2693 adscriptus
2003 2641 2078 2680 An.
2121 2641 2224 2680 4455
2259 2639 2309 2679 de
2340 2651 2420 2690 quo

1467 2705 1564 2742 Aeta
1589 2706 1824 2743 Sanctorum
1849 2709 1945 2742 torn.
1972 2705 2006 2743 4.
2035 2703 2182 2754 Aprilis
2211 2713 2300 2754 pag.
2325 2701 2414 2750 477,

1468 2778 1550 2816 seq.
1567 2770 1607 2805 et
1631 2767 1717 2805 Vita
1741 2768 1886 2817 scripta
1915 2777 1935 2805 a
1957 2766 2074 2804 Petro
2101 2766 2296 2804 Ranzano
2330 2774 2416 2816 pag.

1472 2829 1546 2867 482
1569 2858 1576 2876 ,
1612 2840 1694 2879 seq.
1725 2833 1765 2866 et
1794 2827 1843 2867 de
1867 2829 2026 2879 scriptis
2048 2828 2215 2867 Ferrerii
2239 2826 2418 2866 Lahbeus

1468 2896 1561 2928 tom.
1584 2891 1607 2928 2
1631 2890 1679 2929 de
1715 2892 1754 2929 S.
1779 2891 1824 2929 E.
1849 2902 1936 2942 pag.
1978 2891 2081 2937 484,
2117 2901 2201 2940 seq.
2235 2887 2420 2929 Nicolaus

1469 2954 1666 2991 Antonius
1701 2952 1944 2991 Bibliotheca
1965 2952 2115 2991 veteris
2139 2952 2335 3002 Hispanae
2355 2959 2391 2998 X
2413 2977 2420 2993 ‚

1469 3017 1506 3054 2.
1532 3020 1625 3053 tom.
1647 3015 1683 3054 2.
1715 3026 1802 3066 pag.
1828 3016 1917 3054 436.
1951 3015 2146 3053 Hearicus
2173 3010 2419 3051 Warthonus

1469 3078 1515 3117 ad
1539 3078 1731 3126 Cavoum,
1755 3082 1795 3116 et
1811 3077 1982 3116 lacobus
2001 3076 2137 3124 Quetif
2154 3080 2181 3114 t.
2214 3076 2251 3114 4.
2275 3085 2311 3125 p.
2342 3072 2418 3111 766

1469 3144 1509 3178 et
1543 3139 1618 3178 767
1645 3140 1710 3178 ubi
1736 3140 1941 3190 speciatim
1965 3138 2014 3177 de
2038 3137 2125 3188 ejus
2147 3132 2416 3177 sermonibus.

1524 3282 1557 3320 a)
1583 3284 1618 3312 in
1657 3281 1838 3312 Clarissimi
1874 3279 2000 3311 Koeleri
2035 3277 2221 3309 Directorio
2259 3275 2422 3310 historico

1466 3340 1541 3371 pag.
1563 3331 1615 3362 65.
1643 3336 1795 3371 typorum
1813 3332 1893 3361 vitio
1907 3338 1964 3368 pro
1979 3332 2057 3359 tom.
2074 3328 2143 3357 viii
2159 3326 2310 3370 signatur
2323 3330 2348 3358 t.
2366 3328 2420 3358 lll.
2467 3358 2473 3362 ,
