2500 4009
379 225 457 263 ‹52'›

382 292 561 344 spondet,
587 290 697 327 terlio
719 285 929 324 nonnullas
954 283 1198 321 strenuorum
1219 295 1335 332 argu-

380 359 455 393 tias
478 352 635 391 refellit.
660 360 745 398 pag.
771 350 806 385 1.

437 416 583 452 (ὐηῑι-(ι4
604 409 776 447 Arianos
796 405 898 444 liber
913 417 1018 444 unus
1039 405 1089 444 ad
1114 405 1253 443 decem
1273 405 1340 442 ob-

380 477 572 526 jectiones
593 501 601 513 .
644 480 814 520 quarum
858 469 998 506 miram
1033 467 1252 505 barbariem
1299 471 1339 505 et

384 535 663 574 obscuritatem
698 530 871 568 editores
896 534 1061 576 notant,
1086 529 1252 567 totidem
1283 540 1342 567 re-

384 597 616 647 sponsiones
638 592 862 631 luculentas
887 595 926 629 et
950 590 998 629 ad
1034 583 1194 629 Patrum
1226 601 1343 640 supe—

387 660 532 696 riorum
543 656 764 694 doctrinam
780 653 1163 692 exactascontinens
1179 663 1264 702 pag.
1281 652 1341 690 51.

440 717 550 757 Libri
565 721 644 755 tres
661 715 714 754 ad
729 716 758 753 T
758 713 1052 762 rasimumlum,
1073 715 1101 753 V
1105 713 1343 752 andalorum

385 783 558 830 Regem.
588 779 735 829 quibus
764 777 811 816 ad
842 789 913 823 ea,
939 788 1042 827 quae
1072 787 1121 814 ex
1152 775 1346 814 subitaria

386 843 606 893 prolixioris
631 841 739 888 libri,
764 838 897 889 bajulo
923 839 1068 885 Felice,
1089 838 1207 887 Regis
1228 836 1346 886 jussu

385 905 528 951 oblati⁷
554 903 621 942 sed
656 904 792 941 statim
829 903 975 940 iterum
1000 901 1144 938 extorti
1177 899 1346 937 lectione

386 968 598 1005 memoriae
617 965 885 1011 inhaeserant,
903 963 1009 1013 regio
1036 961 1221 1000 mandato
1241 972 1347 998 com-

391 1028 535 1079 pulsus
559 1027 734 1065 discutit.
761 1037 847 1076 pag.
877 1026 939 1062 69.

443 1088 639 1140 Epistulae
665 1090 702 1125 in
728 1098 853 1125 unum
877 1097 1024 1136 corpus
1059 1086 1251 1124 collectae
1277 1095 1349 1123 nu-

390 1163 500 1190 mero
529 1149 738 1188 octodecim
781 1149 878 1186 varii
903 1148 1152 1197 argumenti,
1175 1144 1347 1196 quarum

388 1217 631 1264 postremam
653 1210 701 1249 ad
722 1211 918 1260 Reginum
938 1210 1136 1248 Comitem
1153 1208 1347 1247 directam

389 1286 474 1324 pag.
493 1273 828 1322 323.Fulgentius
848 1275 974 1309 morte
994 1275 1241 1321 praeventus
1260 1272 1348 1308 Fer-

389 1335 511 1373 rando
528 1334 790 1385 supplendam
808 1338 848 1372 et
863 1331 1152 1371 absolvendam
1176 1332 1348 1381 reliquit.

391 1398 530 1434 Pruna
549 1402 608 1435 est
628 1396 676 1434 de
693 1395 900 1446 Conjugali
927 1393 1059 1431 debito
1081 1398 1121 1431 et
1139 1398 1231 1431 voto
1257 1404 1349 1430 con—

393 1460 582 1496 tinentiae
606 1469 627 1496 a
651 1456 885 1507 conjugibus
909 1456 1057 1493 emisso
1074 1466 1160 1505 pag.
1188 1455 1276 1502 144,
1305 1455 1348 1491 lI.

396 1521 444 1559 ad
477 1520 633 1559 Gallam
663 1519 825 1558 viduam
857 1530 943 1569 pag.
977 1517 1045 1557 151
1071 1546 1078 1565 ,
1106 1518 1155 1555 111
1175 1546 1183 1554 .
1211 1521 1251 1554 01
1275 1517 1350 1564 lv,

392 1584 440 1622 ad
468 1581 638 1621 Probam
662 1582 710 1620 de
732 1582 963 1631 Virginitate
988 1591 1073 1630 pag.
1106 1580 1192 1617 163.
1221 1582 1351 1627 (cujus

393 1657 480 1695 pag.
514 1646 587 1684 159
615 1644 773 1689 mentio)
799 1647 839 1680 01
863 1641 911 1679 (10
936 1643 1113 1679 oratione
1138 1640 1186 1678 ad
1213 1641 1347 1678 DEUM

396 1711 435 1745 et
463 1707 766 1757 compunctione
801 1703 939 1743 Cordis
973 1715 1060 1753 pag.
1099 1701 1186 1742 177.
1217 1703 1271 1748 V,
1302 1700 1350 1739 ad

397 1768 645 1821 Euyyppium
664 1767 854 1806 Abbatem
874 1777 958 1816 pag.
978 1765 1065 1803 182.
1085 1765 1145 1813 vl,
1167 1763 1214 1802 ad
1236 1763 1349 1801 Theo-

396 1830 538 1868 ‹lorum
560 1834 791 1870 senatorem
815 1839 900 1878 pag.
929 1828 1016 1874 186,
1040 1826 1088 1865 ad
1115 1827 1350 1865 Vena11tiani

400 1907 484 1945 pag.
512 1894 600 1932 190.
630 1891 877 1930 Accensetur
906 1893 1039 1927 autem
1072 1888 1134 1926 his
1157 1888 1351 1937 Fulgentii

399 1956 578 2008 epistolis
598 1955 716 1992 etiam
739 1953 823 1991 vill
842 1983 850 1999 ,
873 1950 1027 1990 libellus
1048 1950 1094 1988 de
1115 1949 1193 2000 sicle
1213 1949 1267 1988 acl
1283 1950 1356 1986 Do-

403 2022 566 2065 natum,
591 2027 670 2067 quo
695 2017 934 2064 mysterium
960 2015 1028 2051 SS.
1066 2013 1271 2050 Trinitatis
1314 2016 1354 2049 et

403 2078 838 2118 incarnationisavariis
855 2076 1143 2114 haereticorum
1156 2074 1354 2112 erroribus

403 2141 626 2178 vindicatur
653 2151 737 2189 pag.
761 2139 848 2176 197.
877 2138 1055 2174 Insertae
1077 2147 1237 2185 quoque
1269 2135 1356 2172 Ful-

405 2204 523 2249 gentii
560 2201 738 2251 epistolis
777 2201 844 2237 lx.
878 2210 964 2248 pag.
998 2198 1074 2235 208
1101 2195 1263 2248 ορῑεεοία
1292 2196 1356 2234 VI-

406 2263 589 2303 6ΤοΙέΙὸ
602 2261 656 2299 ad
671 2260 919 2309 cmlsseutzum
941 2259 1064 2308 ipsius
1081 2269 1217 2307 preces
1240 2258 1356 2295 enixe

406 2325 644 2375 llagitantis.
670 2327 709 2360 et
732 2320 1031 2359 F.tsTll)lo.sl
1048 2318 1357 2356 .›lre'anisermo-

408 2398 504 2434 nem,
528 2387 592 2435 qui
621 2385 786 2422 Victoris
810 2382 1000 2432 epistolae
1022 2393 1109 2430 pag.
1134 2379 1209 2418 210
1235 2380 1358 2431 subji-

409 2451 534 2494 ritur⁷
564 2445 851 2485 confutandum
892 2444 1231 2485 transniitt(.=ntis;
1263 2445 1357 2479 item

410 2507 572 2560 epistola
597 2508 827 2546 SCARILAE
847 2535 854 2553 .
878 2504 927 2542 X.
954 2516 1041 2555 pag.
1066 2505 1143 2543 212
1168 2504 1234 2553 qui
1259 2503 1359 2542 duas

409 2572 674 2621 quaestiones,
714 2580 834 2607 unam
874 2567 922 2605 de
967 2566 1235 2604 incarnatione
1275 2567 1356 2604 Filii

410 2633 491 2671 DEI
512 2663 519 2681 7
543 2637 582 2669 et
607 2632 770 2669 alteram
798 2629 845 2668 de
872 2629 1009 2667 vilium
1035 2628 1266 2666 animalium
1292 2639 1360 2666 au-

409 2701 539 2741 ctore.
571 2694 772 2743 Fulgentio
810 2692 1016 2742 proponit3
1043 2689 1146 2728 (luae
1176 2688 1360 2741 epistolae

410 2756 575 2794 Diae-oni
596 2755 856 2799 FERRAMM,
882 2764 1051 2803 quarum
1078 2764 1158 2791 una
1179 2753 1247 2791 XI.
1274 2763 1360 2802 pag.

414 2821 488 2857 213
518 2818 567 2856 ad
591 2818 690 2856 duas
720 2817 975 2866 quaestiones
1007 2815 1056 2853 de
1087 2815 1285 2864 baptismo
1321 2818 1361 2851 et

415 2881 542 2918 salute
567 2880 764 2930 AEtbiopis
789 2876 1034 2924 moribundi,
1052 2876 1175 2914 altera
1199 2876 1303 2914 Xlll.
1324 2887 1360 2925 p.

416 2944 493 2980 228
514 2941 559 2981 ad
587 2943 762 2991 quinque
783 2940 1038 2989 quaestiones
1071 2937 1218 2975 diversi
1249 2948 1365 2986 argu-

418 3005 540 3042 menti
564 3016 584 3041 a
622 3004 825 3052 l⁴'ulgentio
866 2999 1095 3051 responderi
1133 2998 1332 3037 desiderat
1354 3010 1362 3046 3

419 3067 508 3113 XII,
531 3070 570 3102 et
593 3064 679 3102 XIV
702 3095 709 3113 ‚
730 3064 777 3102 ad
811 3061 1064 3101 Fer-randum
1088 3073 1123 3111 p.
1155 3061 1243 3099 216.
1279 3061 1361 3098 XV.

421 3128 702 3177 Episcoporuni
719 3127 1004 3169 Africanorum,
1028 3123 1244 3169 DATIANI,
1268 3122 1365 3159 For-

424 3187 558 3233 tunali.
577 3187 715 3225 [famant
741 3186 913 3233 Victoris,
936 3184 1180 3231 scholastici,
1199 3183 1361 3231 (Ji-oncri,

425 3252 458 3283 vt
478 3247 645 3285 ciliorum
668 3249 703 3285 i'n
738 3248 927 3286 Sardinia
952 3246 1118 3286 etiamn
1153 3247 1364 3296 Epi5copo-

426 3321 508 3345 iuni
531 3308 576 3345 ad
607 3309 819 3348 Jolmnnem
843 3309 1042 3359 quendam
1084 3308 1362 3357 Presbyterum

1139 215 1630 254 FULGENTIUS

1411 289 1451 323 et
1468 284 1847 335 Arcliimandritam,
1864 292 1904 327 et
1926 287 2130 327 Vener-[mn
2147 287 2364 328 Diaconum

1413 346 1675 395 responsoria,
1695 358 1773 396 qua
1789 347 1969 388 doctriua
1990 349 2039 388 de
2055 349 2177 400 gratia
2200 352 2240 387 et
2260 359 2372 399 prae-

1411 406 1677 445 destinatione
1713 408 1964 459 explicatur,
2006 422 2092 461 pag.
2131 410 2221 448 269.
2256 410 2371 448 obvia

1412 469 1531 506 etiam
1558 470 1595 506 in
1633 467 1851 519 appendice
1891 470 2065 520 Operum
2091 472 2130 510 S.
2157 471 2370 521 Augustini

1414 534 1507 567 tom.
1534 531 1581 568 X.
1606 542 1690 580 pag.
1714 529 1802 569 102.
1829 528 2014 568 editionis
2029 531 2247 571 Amstelod.
2268 531 2371 570 XVI.

1414 592 1557 630 PETRI
1598 591 1765 630 De'aconi
1800 596 1840 630 et
1876 592 2068 641 aliorum,
2092 594 2159 643 qui
2185 595 2221 632 in
2255 604 2375 632 causa

1416 654 1505 692 fidei
1537 665 1586 692 ex
1611 654 1774 692 Oriente
1798 655 1960 692 Romam
1979 664 2023 692 se
2043 655 2307 704 contulerant,
2325 654 2374 693 de

1420 716 1692 754 incarnatione
1717 720 1757 753 et
1780 717 1905 765 gratia
1930 716 2084 753 Domini
2110 717 2233 754 nostri
2253 715 2375 756 JESU

1427 778 1583 815 Cllristi
1606 777 1653 816 ad
1667 777 1920 827 Fulgentium
1942 781 1983 816 et
2003 777 2100 816 alios
2119 776 2273 817 Africae
2286 779 2378 829 Epi-

1419 849 1559 889 scopos
1578 839 1758 886 libellus⁷
1778 850 1864 890 pag.
1891 838 1982 877 277.
2005 843 2047 878 et
2067 839 2104 877 in
2130 837 2268 877 eadem
2285 843 2312 877 t.
2329 841 2377 879 X.

1419 900 1634 950 Augustini
1672 900 1890 951 appendice
1929 911 2015 951 pag.
2041 901 2092 938 98
2128 910 2174 939 eo
2203 904 2379 951 tempore

1424 964 1598 1012 scriptus
1619 973 1697 1012 quo
1727 962 1776 1000 de
1808 962 1966 1013 phrasi,
1990 971 2097 1001 unus
2129 972 2149 1000 e
2190 960 2379 1000 Trissnitate

1420 1024 1647 1076 crucifixus
1667 1027 1749 1071 est,
1768 1029 1808 1062 et
1824 1023 1872 1062 de
1894 1023 2036 1062 Fausta
2055 1024 2378 1075 Semi-pelagiani

1421 1088 1582 1137 scriptis
1603 1087 1866 1137 gravissimae
1896 1087 2193 1125 controversiae
2221 1091 2382 1124 exortae

1425 1150 1581 1188 fuerant
1599 1162 1611 1197 ;
1630 1153 1670 1187 et
1687 1148 1810 1187 XVII.
1834 1148 1868 1186 F
1870 1146 2037 1199 ulyentii
2053 1153 2382 1197 caeterorumque

1425 1211 1580 1250 Africae
1605 1212 1895 1261 Episcoporum
1919 1210 2084 1249 exulum
2109 1208 2156 1248 de
2171 1207 2302 1248 eodem
2318 1220 2384 1247 ar-

1419 1277 1609 1324 (lumento
1632 1271 1751 1322 liber,
1775 1284 1862 1323 pag.
1894 1272 1983 1310 286.
2009 1283 2087 1322 quo
2115 1283 2234 1311 suum
2254 1270 2302 1310 de
2322 1271 2384 1309 his

1423 1336 1711 1375 controversiis
1753 1333 1950 1384 judicium
1972 1363 1980 1382 ,
2023 1334 2236 1386 approbata
2280 1334 2382 1372 Petri

1421 1399 1583 1437 Diaconi
1606 1401 1647 1436 et
1671 1398 1870 1436 sociorum
1892 1397 2115 1444 sententia,
2131 1399 2382 1447 expromunt..

1425 1461 1566 1498 XVIII.
1605 1463 1645 1497 et
1680 1463 1923 1509 postremam
1962 1457 2011 1497 ad
2044 1457 2235 1509 Reqinum
2272 1456 2383 1496 Corn.

1425 1521 1616 1559 directam
1642 1532 1728 1571 pag.
1749 1520 1827 1559 323
1851 1530 1973 1569 quam
1993 1519 2228 1570 Fulgentius
2245 1522 2383 1567 morte,

1426 1587 1473 1621 ut
1497 1582 1577 1620 dixi
1596 1613 1605 1630 ,
1633 1586 1877 1632 praeventus
1904 1581 2173 1620 FERRANDO
2197 1581 2386 1632 supplen-

1426 1643 1517 1682 dam
1543 1648 1582 1681 et
1602 1643 1888 1682 absolvendam
1913 1643 2086 1692 reliquit.

1486 1704 1603 1743 Liber
1626 1704 1672 1743 de
1701 1706 1773 1743 SS.
1798 1704 2009 1752 Trz'nz'tace,
2045 1715 2124 1754 quo
2154 1704 2388 1755 Fulgentius

1429 1765 1601 1805 Felzcem
1639 1765 1851 1805 Notarium
1874 1765 1922 1804 ad
1954 1765 2228 1804 retundendos
2252 1765 2388 1804 haere-

1431 1830 1599 1867 tieorum
1628 1828 1803 1866 insultus
1827 1839 1903 1865 non
1931 1828 2030 1865 satis
2055 1828 2317 1875 instructum,
2344 1831 2388 1865 ut

1431 1889 1646 1929 desideriis
1672 1890 1798 1939 ipsius
1818 1889 2048 1937 satisfaciat,
2069 1888 2118 1927 de
2142 1888 2221 1927 hoe·
2239 1892 2389 1938 myste-
2412 1924 2415 1927 ,

1432 1954 1486 1990 rio
1525 1953 1693 2003 aliisque
1719 1951 1807 1989 fidei
1833 1950 2030 2002 capitibus
2067 1950 2236 1989 fideliter
2273 1950 2390 1989 infor-

1443 2020 1525 2053 mat
1552 2027 1636 2065 pag.
1662 2014 1753 2056 328.

1483 2075 1599 2114 Liber
1619 2075 1673 2114 ad
1700 2075 1891 2114 Victorem
1911 2078 2051 2113 contra
2071 2085 2290 2114 sermonem
2310 2075 2388 2112 Fa-

1428 2137 1600 2185 scz‘daosi,
1625 2139 1692 2187 qui
1717 2137 1894 2175 desertis
1913 2136 2224 2175 orthodoxorum
2248 2136 2389 2174 castris

1427 2199 1475 2237 ad
1501 2199 1666 2236 Arianos
1690 2197 1909 2246 defecerat,
1938 2202 1980 2236 et
2003 2209 2051 2236 ex
2078 2197 2281 2236 essentiali
2324 2198 2390 2235 I'a-

1430 2261 1521 2308 tris,
1551 2260 1636 2297 Filii
1656 2264 1695 2296 et
1721 2259 1896 2309 Spiritus
1916 2259 2049 2297 Sancti
2074 2260 2238 2307 unitate,
2263 2259 2391 2297 Patris
2444 2303 2448 2310 Ι

1434 2328 1473 2359 et
1501 2322 1676 2371 Spiritus
1702 2322 1836 2359 Sancti
1862 2322 2174 2360 incarnationem
2199 2320 2311 2370 sequi
2332 2331 2392 2359 ar-

1440 2388 1606 2433 gutatus
1630 2384 1756 2421 fuerat
1777 2394 1862 2433 pag.
1886 2383 1976 2421 340.

1492 2446 1549 2483 De
1580 2443 1814 2483 remzssione
1830 2446 2086 2496 peccatorum
2117 2442 2212 2483 libri
2237 2442 2313 2482 duo
2342 2443 2396 2482 ad

1435 2506 1721 2558 Eutlzymium,
1753 2507 1790 2543 in
1832 2506 1978 2556 quibus
2010 2517 2083 2544 nec
2120 2510 2233 2544 extra
2257 2505 2396 2544 Eccle-

1433 2571 1559 2617 siam,
1586 2580 1658 2607 nee
1683 2573 1795 2606 extra
1830 2569 1936 2606 vitae
1961 2567 2083 2619 hujus
2107 2568 2280 2618 spatium
2297 2598 2309 2616 ,
2339 2567 2396 2606 lo-

1433 2642 1524 2669 cum
1547 2631 1820 2680 poenitentiae
1845 2630 2032 2679 relinquit
2055 2640 2143 2680 pag.
2165 2629 2254 2668 360.

1487 2691 1604 2731 Liber
1628 2691 1682 2730 ad
1701 2690 1902 2730 Scarilam
1917 2722 1926 2739 ,
1952 2702 2030 2741 quo
2054 2695 2094 2729 et
2117 2689 2164 2729 de
2204 2692 2392 2729 incarne.-
2450 2709 2455 2715 ·

1435 2757 1534 2791 trono
1557 2752 1745 2801 CIIristi,
1783 2756 1820 2791 et
1846 2753 1892 2791 (le
1913 2751 2071 2798 vilium,
2109 2754 2148 2790 et
2173 2751 2394 2790 noxiorum

1436 2813 1674 2853 animalium
1706 2813 1981 2866 procreatione
2004 2814 2239 2864 Fuigentius
2268 2812 2398 2852 disse-

1436 2878 1509 2924 rit,
1534 2879 1678 2926 quippe
1710 2876 1827 2925 cujus
1851 2875 2057 2914 arbitrium
2081 2875 2295 2925 elegerant,
2321 2875 2389 2924 qui
2439 2901 2442 2903 >

1438 2941 1474 2976 in
1510 2940 1694 2977 convivio
1718 2937 1889 2988 quodam
1914 2936 1962 2974 de
1986 2941 2154 2986 utroque
2177 2936 2307 2987 capite
2337 2934 2395 2973 di-
2459 2930 2468 2969 .’

1438 2996 1571 3038 versis
1595 3000 1805 3038 sententiis
1829 3002 2172 3037 concertaverant.
2197 3008 2284 3048 pag.
2305 2997 2392 3035 406.

1440 3061 1577 3100 Edidit
1606 3062 1778 3111 primum
1803 3060 2026 3099 Guilelmus
2049 3060 2299 3099 Camerarius
2327 3058 2396 3096 Pa-

1437 3124 1503 3160 ris.
1530 3123 1644 3161 1631.
1664 3123 1726 3161 12.
1748 3133 1838 3161 cum
1859 3121 1946 3159 aliis
1966 3120 2221 3158 monimentis
2243 3118 2291 3157 de
2310 3118 2396 3168 qui-

1442 3184 1519 3221 bus
1540 3183 1632 3221 vide
1658 3183 1858 3222 Labbeum
1884 3187 1911 3220 t.
1937 3183 1972 3220 2.
1999 3181 2047 3219 (10
2069 3181 2106 3220 S.
2128 3182 2172 3220 Ε.
2193 3192 2230 3230 p.
2252 3179 2340 3218 333.

1493 3245 1545 3283 De
1585 3244 1751 3284 veritate
1777 3240 2156 3294 praedestinationis
2179 3243 2215 3279 et
2234 3239 2394 3290 yraca‘ae

1439 3306 1512 3343 DE
1518 3307 1539 3343 I
1556 3307 1601 3345 ad
1624 3306 1839 3345 Jolaeameem
1863 3310 1902 3343 et
1933 3301 2163 3353 Venerium,
2203 3302 2289 3341 libri
2313 3306 2395 3340 tres
