2500 3841
891 196 1372 239 BENEDICTUS

122 273 394 312 occurrerunt.
439 268 624 307 Vicissim
662 271 797 307 autem
830 270 866 308 in
896 271 1076 310 Biblioth.

122 333 243 372 Felini
267 331 370 370 obvii
391 334 488 369 sunt
509 330 618 369 MSS.
640 329 762 369 Codd.
785 331 992 371 exibentes
1008 333 1080 373 Ca-

121 406 215 447 prae
238 395 279 433 in
302 394 352 433 VI
373 392 641 432 Decretalium
664 393 931 444 expositiones
959 400 1000 433 et
1027 396 1081 434 le-

121 462 274 506 cturas,
303 455 499 495 accedunt
529 454 794 506 eaeposz'tiones
830 460 871 494 et
906 455 1080 495 tecturae

122 518 165 558 in
194 517 475 566 Clementinas,
506 528 609 569 quas
644 518 848 557 Fabricius
882 518 945 557 hic
977 520 1080 557 silet.

121 581 323 622 Floruisse
347 581 456 620 saec.
481 581 553 619 XV
577 581 739 619 ineunte
763 592 813 619 ex
837 581 1035 620 Pancirolo
1056 582 1079 620 l.

121 644 159 683 2.
182 655 267 694 cap.
291 642 345 682 77
378 642 582 682 discimus.
628 643 670 681 In
711 642 849 682 eadem
876 643 998 682 Felini
1021 644 1084 682 Bi-

121 705 257 745 blioth.
282 705 377 746 Cod.
415 704 492 744 375
515 705 622 744 MSS.
661 709 801 744 extant
833 706 920 744 eius
943 704 1084 757 empla-

120 767 299 808 nationes
319 767 362 806 in
384 767 440 806 tit.
463 767 510 807 de
530 766 717 820 jadiciz's,·
759 772 844 807 tum
871 772 911 806 et
933 769 1085 818 capitu-

122 830 207 870 lum
235 829 416 870 eiusdem
446 831 682 881 inscriptum
712 828 990 879 Quintavallis.
1013 830 1072 878 (34

122 893 229 934 Obiit
251 893 316 932 111.
340 894 501 932 Januar.
529 892 630 933 4470
655 893 895 943 Vermiglioli
917 891 1029 939 207.)

175 955 496 995 BENEDICTUS
527 954 743 994 Monachus
771 954 954 994 Coenobii
982 953 1086 1003 Apo-

123 1016 213 1055 stoli
242 1018 346 1056 Petri
385 1015 786 1057 Claudiocestrz'ensis
825 1017 912 1054 sive
952 1013 1086 1053 Gloce-

118 1078 302 1119 striensis
322 1079 494 1131 Anglus,
519 1081 588 1130 qui
607 1084 698 1131 post
710 1078 784 1118 An.
803 1078 909 1118 4420
929 1077 1086 1127 scripsit

129 1140 256 1180 Vitam
277 1139 480 1191 Dubricii,
502 1141 796 1192 Archiepiscopi
821 1139 936 1179 Urbis
953 1138 1088 1188 Legio-

124 1202 441 1253 num(Caerleon
456 1205 494 1242 in
510 1204 654 1243 Wallia
668 1202 850 1254 Angliae)
870 1212 990 1251 quam
1007 1199 1088 1239 edi—

124 1265 182 1304 dit
201 1265 375 1304 Thomas
396 1265 646 1305 Warthonus
669 1269 764 1304 tom.
789 1265 823 1303 11
848 1263 1010 1314 Angliae
1027 1272 1088 1300 sa-

125 1338 216 1366 crae
235 1338 326 1378 pag.
351 1327 442 1366 654.

177 1390 495 1430 BENEDICTUS
516 1388 784 1439 Florentinus,
809 1400 930 1440 supra
950 1390 988 1427 in
1016 1387 1092 1427 Ae-

127 1450 236 1491 colto.
256 1451 369 1491 Alius
401 1452 641 1491 Benedictus
664 1452 917 1491 Florentinus
943 1450 1093 1490 Mathe-

125 1516 296 1554 maticus
317 1515 422 1554 circa
449 1512 525 1553 An.
559 1515 660 1554 4490
692 1513 810 1565 cujus
843 1513 1093 1553 Architectu-

126 1588 228 1625 ram,
252 1581 293 1616 et
314 1575 602 1616 Arithmeticos
621 1576 742 1615 libros
772 1575 936 1616 laudant
966 1575 1094 1625 Ugoli-

127 1650 209 1679 nus
243 1640 436 1688 Verinus,
470 1639 586 1679 Mich.
622 1640 859 1679 Poeciantus
891 1642 932 1677 et
962 1638 1093 1678 Julius

125 1701 246 1753 Niger
265 1714 353 1754 pag.
375 1703 439 1742 92.
621 1724 625 1727 -

180 1766 224 1803 Β.
252 1765 599 1813 BENEDICTUS,
627 1763 760 1804 Abbas
797 1761 1091 1811 mariacensis,

127 1827 192 1866 cui
219 1827 408 1867 tribuitur
437 1825 690 1866 Glossarium
724 1826 1092 1866 Latino-Graecum

129 1887 331 1940 digestum
354 1901 427 1940 per
453 1900 587 1928 rerum
612 1890 756 1940 capita,
781 1888 1013 1939 editumque
1042 1889 1090 1927 ab

128 1951 296 1989 Henrico
328 1951 548 2003 Stephano,
587 1953 869 1990 Bonaventura
896 1951 1085 1989 Vulcanio

129 2016 171 2051 et
192 2011 332 2052 Carolo
353 2013 522 2062 LabbeO,
539 2017 583 2052 ut
599 2013 680 2052 dixi
700 2013 782 2053 Vol.
800 2014 837 2052 X
857 2013 952 2052 Bibl.
971 2013 1091 2052 Grae-

129 2085 199 2114 cae
217 2086 303 2126 pag.
325 2075 387 2114 58.

183 2138 506 2178 BENEDICTUS
537 2137 671 2178 Abbas
706 2136 972 2188 Fossatensis,
999 2137 1091 2176 vide

129 2199 338 2239 Mabillonii
359 2200 678 2240 observationem
707 2201 755 2240 de
776 2201 905 2240 tribus
933 2200 1095 2239 Abbati-

129 2262 206 2302 bus
227 2262 513 2312 Benedictinis‚
533 2262 771 2313 Anianensi,
795 2264 1022 2303 Fossatensi
1053 2267 1094 2302 et

129 2325 428 2377 Mediolanensi,
461 2327 502 2364 in
539 2326 757 2378 appendice
795 2326 845 2366 ad
881 2326 1094 2366 Saeculum

131 2387 182 2426 IV
200 2388 505 2427 Benedictinum

185 2451 529 2501 BENEDICTUS,
549 2452 618 2501 qui
637 2456 677 2490 et
701 2450 934 2504 Guaiferz'us
968 2450 1097 2489 Saler-

132 2513 310 2562 nitanus,
330 2512 546 2552 Monachus
570 2515 823 2553 Cassinensis
840 2514 971 2552 clarus
992 2514 1096 2551 circa

133 2573 179 2613 A.
200 2573 300 2612 4060
318 2575 477 2624 scripsit
489 2574 708 2614 Historiam
723 2577 763 2615 S.
776 2575 992 2615 Secundini
1004 2575 1098 2625 Epi-

135 2636 243 2687 scopi
267 2633 423 2685 Trojani
446 2637 484 2674 in
504 2636 661 2687 Apulia,
688 2649 789 2687 quae
809 2649 900 2677 cum
930 2640 1097 2689 Hymm's

140 2700 180 2737 in
200 2697 372 2738 eundem
394 2697 667 2737 Secundinum
685 2704 818 2739 exstat
834 2700 937 2750 apud
959 2701 1099 2751 Ughel-

138 2761 223 2800 lum
246 2764 341 2799 tom.
362 2760 378 2798 1
399 2760 534 2798 ltaliae
558 2771 692 2798 sacrae
712 2771 797 2811 pag.
834 2762 955 2810 4336,
982 2764 1095 2802 4344.

136 2823 236 2864 Vide
259 2828 300 2862 et
321 2822 421 2862 Acta
444 2823 611 2862 Sanctor
629 2823 684 2860 XI
704 2823 815 2861 Febr.
847 2825 902 2862 De
930 2827 1098 2864 caeteris

139 2884 228 2936 ejus
247 2885 498 2924 sermonibus
518 2883 693 2931 ineditis,
718 2885 757 2921 in
777 2885 922 2935 quibus
944 2890 985 2925 et
1000 2888 1098 2926 Pas-

141 2948 200 2988 sio
222 2949 262 2988 S.
288 2947 402 2987 Lucia·
422 2949 574 2999 Papae,
595 2947 917 2996 carminibusque
941 2949 979 2987 in
1014 2951 1100 2999 qui-

141 3009 219 3050 bus
235 3009 283 3050 de
298 3010 548 3050 conversione
562 3008 811 3062 quorundam
831 3007 1100 3050 Salernitano-

141 3083 254 3124 rum,
273 3077 314 3112 et
336 3071 384 3112 de
405 3072 600 3112 miraculo
623 3072 708 3124 ejus
731 3071 801 3123 qai
821 3083 862 3110 se
882 3071 1010 3123 ipsum
1039 3084 1101 3111 oc-

141 3134 250 3186 eidit,
278 3139 319 3175 et
337 3135 385 3175 de
404 3136 520 3176 laude
543 3138 582 3176 S.
606 3135 782 3176 Martini.
811 3134 907 3173 Vide
942 3136 1000 3173 Jo.
1032 3137 1104 3174 Ba-

146 3199 311 3249 ptistam
331 3201 483 3240 Marum
503 3199 551 3239 ad
575 3211 658 3250 cap.
679 3199 728 3237 29
754 3199 855 3237 Petri
875 3199 1031 3236 Diaconi
1055 3197 1103 3237 de

147 3260 245 3299 viris
269 3261 491 3302 illustribus
520 3260 836 3300 Cassinensibus.

198 3321 372 3364 Jcoabus
387 3326 472 3364 sive
491 3325 712 3376 Jacoponus
727 3322 775 3362 de
792 3323 1102 3371 BENEDICTIS,

2043 201 2114 240 191

1151 272 1394 312 Tudertinus
1419 271 1564 311 Umber
1591 271 1689 311 Ord.
1730 272 1864 310 Minor.
1905 271 2119 310 defunctus

1152 334 1198 373 Α.
1221 335 1335 375 4306.
1368 334 1517 374 Auctor
1547 333 1786 386 hymnorum
1827 338 1867 372 et
1898 344 2118 384 prosarum

1151 408 1368 436 sacrarum
1387 401 1541 448 septem
1566 397 1674 436 libris
1688 427 1698 444 ,
1723 396 1843 435 editis
1865 407 1888 434 a
1910 397 2118 434 Francisco

1153 460 1312 509 Frisati,
1333 461 1442 499 Rom.
1476 461 1578 499 4558
1598 463 1639 497 et
1658 460 1797 498 Venet.
1822 457 1936 506 4647,
1959 454 2024 496 4)ε
2046 459 2119 497 No-

1154 523 1307 561 tissima
1327 533 1375 561 ex
1398 521 1473 559 illis
1492 522 1701 560 Canticum
1719 520 1767 559 de
1782 525 1987 559 contemtu
2004 531 2119 559 mun-

1155 584 1220 633 di,
1247 584 1332 624 Cur
1354 582 1534 623 Mundus⁴
1548 582 1694 621 militat
1718 581 1792 621 sub
1827 594 1933 621 vana
1958 581 2091 632 (floria
2108 612 2117 630 ,

1158 651 1199 685 et
1236 645 1453 696 rhythmus
1488 645 1524 682 in
1555 646 1596 682 B.
1627 645 1827 694 Virginem
1857 645 1931 683 sub
1963 646 2116 683 cruce:

1157 706 1300 748 Stabat
1325 708 1455 746 Mater
1492 704 1685 745 dolorosa.
1729 706 1828 756 Ejus
1867 706 2116 758 Prophetiam

1155 769 1231 809 An.
1257 770 1372 809 4305.
1400 769 1477 808 MS.
1500 771 1537 806 in
1562 769 1658 807 Bibl.
1688 769 1889 808 Vaticana:
1925 774 2119 809 memorat

1157 831 1411 880 Waddingus
1444 842 1530 881 pag.
1562 832 1636 870 480
1662 830 1757 869 Bibl.
1793 830 1951 869 Ordinis
1983 833 2117 870 Minor.

1156 892 1223 931 ubi
1239 897 1280 932 et
1293 891 1494 944 Epz'stolas
1516 891 1604 943 ejus
1624 896 1664 931 et
1679 892 1893 931 sententias
1908 904 1951 931 ac
1972 894 2119 932 monita

1157 954 1361 996 salutaria
1382 958 1667 994 commemorat
1690 966 1743 993 ex
1767 955 1952 993 Matthaei
1981 955 2119 995 Raderi

1157 1018 1348 1058 Viridario
1370 1018 1547 1057 Sanctor.
1569 1018 1671 1056 Part.
1693 1018 1726 1055 ΙΙ
1747 1028 1830 1068 cap.
1857 1018 1895 1056 3.

1213 1080 1234 1103 *
1257 1081 1302 1119 In
1328 1080 1400 1119 hac
1423 1080 1558 1118 Latina
1583 1079 1847 1118 Bibliothecae
1871 1079 2026 1118 nullum
2051 1080 2121 1118 sibi

1160 1142 1282 1181 alium
1318 1141 1505 1180 vendicat
1551 1141 1682 1180 locum
1725 1142 1892 1191 scriptor
1926 1142 2026 1190 iste,
2048 1143 2121 1179 nisi

1162 1216 1211 1243 ex
1235 1206 1349 1244 unico
1373 1208 1530 1243 tantum
1554 1205 1706 1242 cantico
1730 1204 1885 1241 Latino:
1911 1215 1985 1242 cur
2012 1215 2124 1241 mun-

1161 1265 1236 1305 dus
1272 1265 1417 1304 militat
1449 1263 1523 1304 sub
1552 1264 1809 1316 vanaqlorz'a,·
1828 1269 1868 1303 et
1891 1277 1941 1304 ex
1964 1266 2123 1316 rhytmo

1163 1327 1307 1369 Stabat
1347 1329 1477 1368 Mater
1505 1327 1703 1377 dolorosa,
1743 1329 1775 1366 si
1814 1328 1912 1366 forte
1948 1340 2042 1367 vere
2071 1329 2124 1367 illi

1165 1390 1432 1440 adscribatur,
1463 1395 1640 1430 caeterae
1678 1391 1896 1429 cantilenae
1920 1395 1959 1428 et
1988 1401 2126 1442 prosae

1164 1454 1384 1493 Vernaculo
1408 1453 1541 1492 Italico
1579 1453 1769 1491 Sermone
1806 1454 1973 1503 scriptae
2003 1457 2124 1499 sunt,

1166 1527 1313 1566 easque
1333 1514 1504 1565 junctim
1533 1514 1656 1552 edidit
1692 1515 1734 1552 P.
1762 1515 1996 1552 Franciscus
2033 1515 2127 1553 Tre-

1167 1579 1260 1617 satti
1282 1577 1400 1626 (male
1418 1577 1623 1616 Fabricius
1646 1577 1812 1624 Frisati.)
1836 1577 1895 1614 (32
1909 1577 1991 1616 Con
2005 1588 2126 1614 anno-

1167 1639 1327 1690 tazz'onz‘,
1348 1639 1527 1688 Venezia,
1552 1637 1757 1679 Misserz’ni
1779 1638 1893 1687 4647,
1913 1639 1934 1676 4
1951 1638 2013 1689 fig.
2030 1638 2127 1677 Vide

1167 1703 1298 1741 Jacobi
1322 1704 1446 1742 vitam
1472 1703 1511 1740 in
1534 1713 1594 1752 op.
1619 1703 1658 1740 P.
1686 1700 1880 1740 Casimirz'
1906 1699 1986 1739 Lib.
2022 1701 2128 1739 Tem-

1158 1764 1267 1817 pestc'
1286 1766 1325 1804 S.
1347 1765 1631 1803 Bonaventura
1652 1775 1796 1803 ovvero
1819 1762 1976 1802 mistica
2003 1763 2033 1801 T
2031 1762 2127 1802 eolo-

1162 1827 1242 1878 yla.
1274 1829 1402 1866 Lucca
1427 1826 1554 1876 4746,
1584 1827 1618 1865 4.
1643 1838 1682 1865 ν.
1707 1826 1772 1875 2.)

1216 1890 1538 1929 BENEDICTUS
1559 1889 1699 1928 Icenus
1740 1899 1813 1927 seu
1849 1888 2130 1927 Nortfolcensis

1162 1951 1515 2004 Augustinianus,
1539 1953 1760 2003 Episcopus
1789 1951 1828 1988 in
1863 1949 2005 2000 Anglia
2038 1951 2131 1989 Car-

1164 2015 1337 2053 dicensis
1352 2044 1361 2062 ,
1393 2014 1607 2053 defunctus
1629 2014 1704 2052 An.
1727 2013 1841 2052 4340.
1865 2012 1962 2051 Vide
1985 2024 2034 2050 ex
2068 2014 2132 2050 Jo-

1164 2077 1276 2127 sephi
1297 2076 1490 2127 Pamphili
1518 2076 1711 2115 Chronico
1747 2074 2127 2126 Augustinianorum

1164 2140 1345 2178 Pitseum
1374 2150 1461 2190 pag.
1494 2139 1568 2177 440
1598 2141 1638 2177 et
1667 2149 1717 2176 ex
1746 2138 1876 2175 Pitseo
1904 2136 2127 2187 Philippum

1165 2201 1346 2243 Elssium
1369 2213 1456 2252 pag.
1480 2202 1556 2241 422
1581 2201 1649 2252 qui
1672 2197 1873 2251 Epistolas
1892 2198 1979 2248 ejus
1999 2197 2132 2236 horta-

1169 2263 1306 2309 torias,
1323 2265 1532 2304 Sermones
1546 2276 1617 2314 per
1632 2274 1802 2309 annum,
1819 2266 1858 2300 et
1871 2260 1901 2299 A
1909 2259 2132 2312 lphabetum

1168 2331 1408 2366 memorant.
1434 2326 1468 2365 A
1487 2327 1604 2366 Baleo
1633 2330 1766 2365 autem
1786 2324 1832 2373 V,
1853 2325 1901 2362 60
1920 2323 2132 2374 reprehen-

1168 2388 1300 2439 ditur,
1320 2388 1425 2439 quod
1447 2390 1533 2427 sine
1553 2389 1712 2427 ethnica
1730 2386 1954 2425 Aristotelis
1971 2414 1979 2431 ,
1997 2385 2132 2423 haere—

1168 2452 1336 2490 ticorum
1362 2450 1610 2490 Patriarchae
1634 2450 1875 2495 litteratura,
1905 2448 2130 2486 Doctrinam

1168 2514 1324 2552 CHristi
1349 2524 1531 2551 mancam
1553 2522 1642 2550 esse.
1665 2509 1877 2561 putaverit.

1223 2573 1548 2613 BENEDICTUS
1561 2573 1782 2623 Episcopus
1798 2571 1846 2609 ab
1862 2568 1975 2608 Anno
1993 2571 2007 2608 4
2020 2569 2093 2607 229
2112 2570 2131 2592 ³*

1168 2634 1456 2683 Massiliensis,
1495 2639 1535 2673 et
1563 2633 1704 2672 deindo
1733 2631 1910 2671 abdicato
1939 2635 2028 2680 post
2055 2630 2130 2669 An.

1172 2698 1274 2737 4263
1304 2697 1545 2747 Episcopatu
1572 2693 1707 2733 Abbas
1737 2693 1829 2731 Ord.
1859 2694 1992 2732 Minor.
2016 2692 2133 2742 cujus

1171 2759 1247 2798 cluo
1273 2761 1470 2796 tractatus
1488 2768 1565 2808 pro
1590 2756 1734 2794 honore
1759 2758 1793 2793 et
1817 2753 2038 2806 defensione
2060 2754 2134 2792 Ec-

1170 2820 1311 2859 clesiae
1350 2821 1549 2858 Romanae
1585 2822 1746 2856 exstant
1781 2818 1877 2856 MSti
1915 2817 2066 2866 Lipsiae
2092 2817 2128 2854 iu

1172 2882 1269 2922 Bibl.
1314 2881 1500 2929 Paulina,
1531 2885 1634 2918 teste
1664 2881 1706 2918 B.
1749 2877 1882 2917 Joacli.
1913 2879 2062 2916 Fellero
2092 2880 2130 2917 in

1172 2943 1356 2989 Catalogo
1381 2942 1484 2981 illius
1508 2941 1603 2980 Bibl.
1629 2953 1714 2992 pag.
1739 2941 1829 2979 200.
1850 2939 1964 2978 Alius
1984 2943 2132 2978 tracta-

1173 3009 1235 3044 tns
1258 3003 1370 3043 Fidei
1389 3007 1527 3042 contra
1547 3003 1725 3042 ‹livet-sos
1749 3013 1908 3040 errores
1937 3013 2062 3054 supra
2084 3002 2130 3040 ti-

1173 3066 1250 3106 tnlo
1270 3066 1316 3104 (le
1339 3077 1494 3105 summa
1527 3065 1715 3104 Trinitate
1744 3068 1780 3103 et
1798 3064 1830 3102 F
1836 3063 1896 3102 e'aele
1928 3064 2129 3103 Cathole'ea

1177 3129 1216 3167 in
1243 3127 1538 3177 Decrecali'bns,
1569 3130 1645 3168 MS.
1677 3129 1714 3165 in
1749 3128 1843 3167 Bibl.
1879 3128 2129 3176 Colbertina.

1232 3288 1244 3301 ⁸
1267 3287 1509 3319 Sammartliani
1533 3292 1613 3318 tom.
1630 3289 1656 3317 ΙΙ
1683 3289 1805 3322 Galliac
1828 3289 1948 3322 Christ.
1974 3288 2134 3330 pagAEOI.

1171 3336 1321 3371 oudinus
1338 3341 1417 3370 tom.
1444 3339 1486 3369 ΙΙΙ
1511 3345 1542 3378 p.
1565 3336 1627 3368 4³7
1647 3345 1716 3378 seq.
