2500 4009
351 194 426 233 Γιί

355 270 476 308 luisse
515 270 740 319 suspicatur
775 265 961 304 Bai-thius
998 262 1158 303 XLY.7
1192 268 1232 302 et
1261 265 1302 303 2¹

349 330 563 368 Adversar.
604 329 711 367 nullo
749 326 823 365 alio
861 325 1007 364 duetus
1043 323 1279 376 argumento
1302 356 1310 374 ,

350 404 468 441 quam
491 390 594 441 quod
624 389 705 427 l‘ita-
729 391 767 426 et
786 387 886 425 Acta
914 386 1116 426 Martialis
1138 386 1313 426 Lemovi-

349 454 476 491 rensis
507 452 580 490 sub
609 450 882 489 AtssliELIAM
915 450 1072 487 nomine
1102 449 1310 497 feruntur,

349 514 450 552 edita
470 514 625 551 Parisiis
652 511 767 560 ¹522,
783 512 807 549 8
823 515 864 549 et
882 521 974 549 eum
995 509 1120 549 Abdia
1135 511 1310 549 Basilcae

352 577 451 614 ⁴5:32
469 575 529 612 fol.
547 573 647 612 adde
661 572 760 611 Aeta
777 572 1014 611 Sanctorum
1031 573 1079 610 30
1095 572 1113 610 J
1121 573 1200 611 unii
1215 576 1309 610 tom.

347 637 403 683 V,
429 648 513 686 pass.
537 636 613 674 535
635 635 706 673 sed
727 635 790 673 ille
810 633 1049 673 Aurelianus
1077 634 1312 672 commenti-

352 699 431 736 tius
455 708 497 735 se
521 697 744 735 auditorem
768 696 873 734 illius
896 694 1074 745 adeoque
1103 694 1310 745 Apostolo-

346 771 435 798 rum
457 759 703 810 temporibus
727 759 968 809 propriorem
992 756 1211 808 profitetur.
1236 757 1312 795 No-

346 827 448 869 ster,
472 822 539 872 qui
569 821 617 859 de
651 822 798 860 Musica
835 820 1009 870 scripsit,
1034 830 1056 858 a
1093 818 1309 857 'l'rithemio

345 896 428 935 eap.
452 884 528 921 291
553 888 714 922 notatur
737 883 889 920 vixisse
909 882 1012 920 eirea
1033 881 1077 920 A.
1103 881 1146 920 C.
1169 882 1258 920 900.

396 946 718 985 AL‘llELlANL'S
733 955 810 982 non
830 943 1121 993 Lugdunensis,
1138 949 1182 982 ut
1199 944 1307 995 legas

343 1008 445 1059 apud
468 1009 654 1046 Miraeum
677 1008 714 1045 in
734 1007 908 1044 auctario
932 1017 964 1044 e.
996 1008 1060 1045 151
1087 1005 1157 1044 sed
1174 1006 1310 1045 Arela-

345 1072 471 1109 tensis
493 1071 579 1117 fuit.
597 1070 663 1119 qui
693 1066 873 1118 l'issilium
895 1069 1037 1118 Papam
1064 1068 1175 1106 velut
1191 1068 1308 1107 Chal-

343 1133 554 1171 redonensi
586 1130 745 1182 Synodo
778 1142 848 1181 per
885 1132 1004 1169 trium
1042 1130 1306 1180 capitulorum

345 1194 638 1232 damnationem
666 1195 844 1244 iniquum
871 1194 1034 1231 monuit.
1071 1192 1167 1230 Vide
1191 1194 1307 1230 Baro-

346 1258 453 1293 nium
479 1255 526 1294 ad
550 1256 709 1294 Annum
731 1255 807 1294 53:30
838 1266 946 1292 num.
973 1254 996 1291 8
1017 1265 1099 1304 seq.
1129 1252 1307 1305 Epistola

343 1317 524 1366 ejusdem
549 1317 748 1355 Aureliani
787 1315 836 1355 ad
876 1314 1183 1354 Themlebertum
1208 1316 1231 1353 Ι
1255 1316 1304 1354 ab

343 1380 457 1417 Anno
482 1379 557 1417 534
580 1378 628 1417 ad
646 1378 721 1417 547
741 1379 980 1417 Francorum
1006 1378 1166 1426 Regem,
1196 1377 1301 1428 apud

344 1440 544 1479 Andreain
569 1439 623 1478 du
643 1440 801 1479 Chesne
825 1444 918 1477 tom.
950 1440 976 1477 1.
1002 1440 1145 1478 llistor.
1182 1441 1303 1478 Fran-

342 1513 478 1540 corum
504 1513 589 1552 pag.
614 1502 703 1540 855.
729 1500 913 1539 Instituta
936 1499 1108 1550 Requlae
1136 1500 1190 1538 acl
1221 1501 1302 1539 Μο-

343 1562 488 1602 nucleos
513 1567 549 1601 et
569 1563 625 1601 cul
655 1562 832 1613 Viryitaes
857 1563 1037 1613 vulgavit
1063 1564 1189 1601 Lucas
1213 1563 1302 1601 llol-

343 1628 496 1663 stenius
522 1627 633 1663 Parte
658 1624 833 1664 secunda
856 1636 941 1675 pag.
968 1625 1017 1663 58
1033 1628 1073 1661 et
1096 1626 1209 1662 Parte
1225 1628 1302 1662 ter-

344 1689 396 1725 tia
421 1699 505 1737 pag.
531 1689 580 1726 353
596 1686 750 1727 Codicis
769 1687 1021 1737 Regularum,
1037 1687 1182 1724 Romae
1200 1686 1293 1724 1661

347 1751 504 1788 Parisiis
533 1750 650 1797 ¹663,
678 1749 711 1786 -1,

396 1813 425 1850 Α
436 1812 648 1850 L'RELlL‘S
674 1809 961 1858 Branclolimcs,
999 1810 1115 1858 infra,
1153 1808 1301 1848 BRAN-

342 1872 570 1912 DOLINUS.

395 1934 647 1973 AL'RliLlL'S
664 1935 882 1985 Episcopus
898 1934 1238 1984 Carthaginiensis
1253 1932 1302 1972 ab

341 1997 454 2035 Anno
463 1996 531 2035 391
551 1996 599 2034 ad
618 1997 691 2034 129
701 2001 892 2035 strenuus
914 1996 1217 2035 Ecclesiastieae
1234 1994 1302 2032 do-

342 2060 492 2095 etrinae
515 2061 556 2093 et
579 2057 807 2107 disciplinae
824 2062 999 2095 assertor
1021 2056 1217 2094 adversus
1232 2056 1304 2093 Et-

346 2121 501 2163 hniros,
528 2119 770 2167 Donatistae,
795 2119 1052 2167 caelestium,
1068 2129 1113 2156 ac
1132 2118 1303 2167 Pelagia—

345 2192 435 2218 nos.
473 2185 511 2217 et
549 2180 883 2226 Tertullianistas,
907 2179 956 2217 de
981 2191 1058 2229 quo
1095 2178 1304 2229 diligenter

344 2247 384 2279 vt
406 2246 589 2279 accurato
613 2241 888 2278 Tillemontius
913 2245 1018 2277 tomo
1049 2241 1121 2278 ΧΠ
1158 2241 1303 2278 Memo-

346 2304 505 2341 riarium
531 2302 722 2340 Historiae
762 2302 1065 2340 l·2‹·clesiastieae
1103 2314 1188 2352 pag.
1224 2301 1300 2339 534

346 2376 427 2414 seq.
455 2365 517 2402 ubi
542 2365 660 2401 etiam
686 2363 734 2401 de.
769 2364 953 2401 Coneiliis
978 2363 1054 2401 sub
1082 2374 1128 2400 eo
1159 2362 1302 2400 habitis

347 2426 586 2472 &liic-vitano,
609 2426 866 2475 llipponensi,
906 2430 945 2463 et
969 2424 1304 2474 Carthaginiensi-

347 2488 431 2525 bus.
457 2488 512 2525 lle
538 2489 615 2525 llea
635 2487 803 2525 Covlvsti
827 2486 994 2537 ejusque
1010 2487 1121 2525 cultu
1141 2497 1210 2537 per
1223 2485 1303 2524 Au-

347 2550 484 2587 relium
510 2548 747 2599 Carthagine
776 2560 917 2586 everso
940 2550 1131 2587 Baronius
1150 2548 1198 2586 ad
1222 2547 1303 2586 An-

348 2623 440 2649 num
467 2611 543 2648 392
563 2615 603 2649 et
627 2612 785 2648 caveus
810 2611 846 2647 in
883 2611 997 2648 Parte
1026 2609 1201 2648 secunda
1230 2610 1303 2648 lli-

350 2673 491 2709 storias·
519 2672 745 2709 Litterariae
771 2673 808 2709 S.
835 2672 878 2710 13.
896 2670 1074 2722 Epistola
1091 2670 1304 2723 Encyclica

347 2733 393 2769 «li»
417 2732 667 2770 damnatione
693 2733 832 2783 Pelagii
858 2737 898 2771 et
922 2733 1106 2772 Caelestii
1130 2745 1179 2771 ex
1209 2733 1304 2772 Cre-

350 2796 481 2832 sconio
511 2793 614 2844 apud
653 2796 862 2833 Baronium
887 2795 934 2833 ad
959 2794 1121 2834 Annum
1160 2796 1235 2835 419
1264 2798 1305 2834 et

349 2857 611 2893 (jonvilioruin
633 2857 776 2894 'sonus
801 2856 1019 2908 Epistulam
1035 2857 1194 2896 Aurelio
1210 2869 1303 2908 sup-

349 2919 512 2967 positam
537 2916 591 2954 arl
619 2917 835 2956 Damasum
862 2917 986 2967 rejicit
1005 2917 1232 2957 Blondellus
1264 2919 1300 2956 in

350 2977 676 3016 Pseudo-Isidoro
701 2990 785 3029 pag.
812 2979 886 3017 511
909 2991 1000 3018 eum
1025 2981 1189 3018 Baronio
1219 2980 1302 3031 ipso

350 3038 395 3076 ad
419 3039 576 3077 ¹Xnnum
604 3040 678 3078 271
708 3045 749 3078 et
770 3042 993 3079 l’ossevino.

407 3102 458 3137 ll«-
483 3101 699 3140 MJllELlO
722 3101 962 3152 Apollinari,
982 3104 1047 3153 qui
1070 3108 1173 3142 teste
1188 3104 1305 3154 Vopi-

354 3172 418 3195 seo
441 3173 522 3210 cap.
557 3164 567 3199 1
606 3163 827 3201 Numerian.
853 3167 962 3213 gesta
984 3165 1069 3201 Cari
1090 3166 1306 3215 Imperato-

354 3233 405 3259 Ψ
428 3221 568 3268 lfflllbss'
593 3226 762 3273 srripsit:
791 3236 860 3262 nee
887 3237 962 3263 non
993 3225 1041 3264 dc
1062 3225 1300 3275 AURELIO,

355 3294 437 3319 sive
463 3283 491 3320 A
502 3283 746 3324 t'ltliLlANO
771 3286 940 3334 festivo,
968 3287 1166 3328 Aureliani
1192 3288 1304 3328 liber-

1160 192 1549 232 AURELIUS

1388 268 1444 313 to,
1468 274 1589 314 quem
1615 262 1862 314 Lampridius
1886 275 1970 315 cap.
1997 264 2019 301 6
2043 265 2098 303 ait
2131 264 2250 302 Firmi
2276 264 2352 316 Ty-

1384 325 1498 364 ranni
1521 324 1644 364 vitam
1668 324 1896 364 tradidisse:
1922 335 1967 363 ac
1990 324 2039 363 de
2064 325 2204 365 liberto
2219 326 2349 366 Patris

1383 384 1531 425 Aurelii
1555 385 1769 425 Alexandri
1793 387 1931 425 Severi
1955 385 2177 426 AURELIO
2201 387 2349 439 Philip-

1382 459 1450 498 po,
1470 453 1510 486 et
1533 447 1582 487 de
1606 447 1828 487 AURELIO
1865 448 1978 498 Vero,
2002 459 2103 498 quos
2126 448 2345 488 Alexandri

1384 510 1520 549 Severi
1544 510 1797 560 Imperatoris
1817 510 1941 547 vitam
1968 510 2006 547 in
2027 509 2180 548 litteras
2209 510 2343 548 misis-

1384 582 1445 621 se,
1469 583 1519 610 ex
1539 570 1678 610 eodem
1704 570 1926 621 Lampridio
1955 581 2039 620 cap.
2063 570 2085 608 3
2109 574 2150 610 et
2177 581 2262 623 cap.
2295 572 2346 610 48

1383 633 1588 682 novimuS,
1604 630 1941 682 quemadmodum
1955 635 1996 669 et
2013 630 2062 670 dc
2079 632 2345 682 Scriptoribus

1383 695 1549 741 Latinis⁷
1573 704 1743 743 quorum
1773 694 1920 743 scripta
1950 690 2162 740 habemus,
2186 691 2341 732 AURE-

1382 755 1465 794 LIO
1488 755 1672 806 Olympio
1691 754 1926 793 Nemesiano
1944 754 2075 800 Poeta,
2088 755 2345 803 opportunior

1382 817 1492 855 locus
1514 816 1667 855 dicendi
1694 817 1765 854 fuit
1790 816 1826 852 in
1853 813 2092 852 Bibliotheca
2117 814 2268 853 Latina.

1434 877 1685 917 AURELIL'S
1721 875 2051 916 AUGUSTINUS.
2078 885 2227 927 supra,
2255 875 2344 916 AU-

1382 939 1644 978 GL'STINL'S.

1432 1000 1475 1038 B.
1502 1000 1633 1038 Pontii
1640 998 1897 1051 Martyrium,
1921 997 2028 1049 quod
2050 998 2155 1038 circa
2169 997 2330 1038 Annum

1381 1063 1531 1101 Cllristi
1558 1062 1651 1110 257,
1677 1063 1712 1099 2.
1755 1060 1808 1099 ld.
1839 1058 1929 1110 Maji
1965 1059 2110 1098 obiisse
2140 1059 2341 1111 traditur,

1378 1124 1673 1163 contubernalis
1696 1124 1750 1172 ci,
1772 1123 1839 1173 qui
1865 1123 1990 1161 fertur
2011 1121 2233 1173 scripsisse,
2257 1133 2339 1161 non

1377 1184 1631 1224 AURELIL’S
1653 1189 1835 1234 vocatur,
1861 1187 1904 1223 ut
1923 1194 1945 1222 a
1967 1183 2119 1222 Joanne
2142 1182 2338 1222 Gottfrido

1379 1248 1533 1287 Oleario
1557 1258 1631 1298 pag
1655 1248 1704 1285 96
1728 1245 1993 1285 Bibliothecae
2018 1245 2057 1284 S.
2086 1245 2132 1284 E.
2156 1243 2228 1283 sed
2255 1244 2342 1284 VA-

1378 1309 1575 1358 LEMUS,
1590 1308 1694 1360 apud
1718 1308 1945 1356 Baluzium,
1962 1306 2031 1358 qui
2047 1306 2201 1358 primus
2215 1305 2339 1345 edidit

1377 1376 1471 1410 tom.
1498 1371 1530 1409 11
1554 1372 1660 1409 Misc.
1685 1382 1721 1421 p.
1751 1370 1839 1409 121.
1867 1397 1883 1414 .
2295 1419 2297 1422 ι

1428 1432 1699 1481 AUSONIUS,
1725 1431 1772 1470 de
1797 1442 1876 1482 quo
1899 1429 1980 1469 dixi
2018 1430 2058 1468 in
2098 1428 2341 1469 Bibliotheca

1376 1495 1513 1533 Latina
1537 1495 1605 1542 lll,
1625 1495 1687 1533 10.
1705 1493 1775 1532 scd
1795 1493 1981 1544 quoniam
1999 1491 2188 1530 nonnulla
2205 1490 2343 1530 videor

1375 1556 1470 1595 mihi
1494 1556 1543 1595 ab
1562 1567 1608 1594 eo
1632 1560 1809 1606 tempore
1833 1554 1882 1592 de
1908 1553 1972 1592 illo
1995 1553 2187 1604 scriptore
2205 1552 2341 1591 obser-

1374 1628 1493 1656 vasse
1517 1629 1594 1655 non
1619 1617 1778 1668 indigna
1802 1617 1970 1655 sortasse
1990 1615 2166 1653 Lectoris
2188 1613 2337 1663 studio,

1373 1683 1493 1729 caput
1516 1678 1611 1718 illud
1636 1680 1835 1729 integrum
1864 1688 1957 1716 cum
1994 1677 2182 1716 auctariis
2210 1687 2339 1715 novae

1374 1740 1557 1779 editionis
1581 1740 1848 1778 Bibliothecae
1872 1739 2034 1777 Latinae
2058 1738 2178 1777 volui.

1426 1801 1610 1840 Decimus
1637 1802 1807 1853 Maynus
1830 1799 2082 1840 AUSONlUS
2118 1799 2157 1850 a)
2191 1797 2341 1840 Burde-

1373 1864 1564 1915 gaiensis,
1594 1864 1892 1902 Grammaticus
1933 1866 1974 1901 ct
2012 1861 2162 1901 Rhetor
2197 1860 2344 1900 doctis-

1373 1927 1517 1974 simus,
1540 1928 1657 1965 Poeta
1677 1937 1772 1964 vero
1796 1925 1934 1964 suavis
1953 1928 2075 1974 atque
2099 1923 2340 1974 ingeniosus,

1376 1990 1527 2028 Cllristi
1551 1988 1593 2037 b)
1617 1989 1738 2027 etiam
1780 1987 1905 2025 sacris
1921 1985 2121 2034 addictus,
2145 1985 2222 2024 etsi
2249 1983 2348 2035 ejus·

1430 2110 1463 2148 a)
1479 2108 1615 2140 Ausonii
1632 2109 1731 2149 hujus
1749 2110 1846 2139 Pater
1863 2106 1970 2138 Julius
1984 2108 2171 2144 Ausonius,
2187 2107 2347 2138 vasaten-

1369 2161 1425 2196 sis,
1442 2158 1586 2190 Medicus
1606 2158 1770 2188 Valentini
1792 2158 1949 2188 senioris.
1967 2158 2045 2197 Ejus
2063 2153 2164 2186 libros
2177 2154 2219 2186 de
2235 2155 2345 2186 medi·

1369 2211 1445 2240 cina
1464 2211 1625 2239 memorat
1645 2206 1816 2238 Marcellus
1835 2206 2034 2245 Empiricus.
2060 2206 2178 2236 Fertur
2196 2207 2229 2236 ct
2248 2203 2338 2236 illius

1370 2259 1497 2290 dietum
1515 2281 1524 2294 ‚
1543 2256 1681 2287 beatum
1697 2264 1774 2286 esse
1796 2263 1868 2285 non
1895 2254 1957 2294 qm·
1970 2253 2073 2285 ha¹et
2103 2261 2193 2294 quae
2221 2253 2344 2293 cupit,

1369 2307 1431 2337 sed
1448 2306 1507 2345 qai
1522 2314 1594 2336 non
1612 2305 1709 2344 cupit
1727 2313 1815 2344 quae
1832 2312 1905 2334 non
1923 2302 2037 2336 habet.
2056 2303 2148 2335 Adde
2165 2302 2345 2343 losephum

1367 2356 1571 2395 scaligerum
1590 2357 1624 2386 in
1643 2355 1783 2385 Ausonii
1813 2355 1881 2385 vita
1897 2378 1906 2391 ,
1925 2355 2079 2386 Vossiuin
2100 2353 2186 2386 libro
2211 2353 2252 2386 dc
2268 2352 2346 2385 Phi-

1369 2406 1520 2446 losophia
1534 2403 1680 2445 pag.105
1695 2408 1728 2435 et
1743 2407 1907 2435 loannem
1921 2402 2130 2435 rudericum
2139 2403 2345 2434 Gronoviuin

1374 2455 1458 2486 libro
1483 2456 1523 2485 11.
1546 2454 1827 2484 observationum
1851 2461 1928 2492 cap.
1954 2452 2006 2483 17.
2029 2452 2138 2483 bonus
2168 2453 2221 2485 vir
2245 2450 2347 2483 fuerit

1372 2505 1537 2536 Ausonius
1563 2503 1615 2534 ille
1645 2507 1762 2542 pater,
1786 2502 1885 2533 docet
1908 2502 1996 2532 tilius
2024 2502 2183 2541 Epiccdio
2206 2501 2243 2532 ln
2266 2508 2346 2532 eum

1368 2556 1493 2593 scripto
1506 2575 1516 2591 ,
1539 2561 1605 2592 quo
1625 2553 1711 2583 inter
1737 2551 1804 2582 alia
1821 2555 1963 2583 testatur
1982 2551 2250 2590 nonagenarium
2267 2550 2346 2582 obi·

1371 2605 1444 2635 isse.
1463 2601 1697 2641 Genealogiam
1712 2603 1880 2642 integram
1896 2600 1972 2633 vide
1986 2599 2215 2640 parentalibus
2235 2599 2346 2641 subje-

1370 2657 1457 2685 ctam
1471 2661 1546 2692 pag.
1562 2651 1621 2683 145
1643 2650 1726 2683 edit.
1748 2650 1864 2683 Jacobi
1883 2649 2000 2683 Tollli.
2022 2649 2116 2682 Alius
2148 2649 2214 2682 tuit
2235 2651 2343 2682 Auso-

1370 2704 1445 2734 nius
1475 2701 1629 2741 sophista
1645 2723 1654 2739 ,
1677 2700 1717 2732 de
1735 2709 1802 2740 quo
1826 2698 1958 2732 svidas.

1431 2752 1466 2791 b)
1485 2751 1585 2783 olaus
1602 2751 1794 2783 Borrichius
1813 2751 1881 2782 Vir.
1900 2750 2031 2782 clariss.
2051 2750 2084 2781 in
2102 2748 2189 2781 libro
2205 2748 2247 2781 de
2262 2750 2345 2781 Poe-

1370 2803 1412 2833 tis
1427 2809 1501 2841 pag.
1517 2801 1559 2832 75
1580 2804 1613 2832 et
1629 2799 1844 2832 doctissimus
1861 2800 1990 2831 caveus
2009 2800 2107 2830 Parte
2129 2799 2157 2829 ΙΙ
2179 2797 2344 2830 Historiae

1371 2853 1567 2883 Litterariae
1585 2852 1792 2889 Scriptorum
1807 2848 1934 2881 Eccles.
1951 2857 2027 2889 pag.
2049 2846 2343 2888 100Chrlstopho-

1370 2910 1426 2933 rus
1446 2903 1523 2932 item
1538 2898 1781 2931 Hendreichius
1799 2900 1832 2930 in
1847 2897 2020 2938 pandectis
2033 2892 2342 2936 nrnndenburgicii

1370 2955 1450 2981 tom.
1472 2952 1504 2987 l,
1523 2958 1599 2989 pag.
1622 2949 1684 2980 560
1707 2957 1773 2980 non
1790 2947 1947 2980 dubitant
1969 2948 2156 2981 Ausonium
2177 2945 2342 2985 rengione

1369 3001 1548 3031 Ethnicum
1572 2999 1815 3039 pronunciare:
1831 2998 1915 3036 quin
1936 2998 1987 3028 vir
2005 2997 2148 3035 insignis
2164 2994 2340 3027 doctrinae

1370 3049 1555 3081 Ludovicus
1568 3046 1730 3079 Antonius
1745 3046 1946 3076 Muratorius
1959 3048 2038 3076 torn.
2055 3045 2080 3075 Ι.
2095 3042 2341 3075 Anecdotorum

1369 3099 1594 3131 Bibliothecae
1612 3095 1854 3128 Ambrosianae
1869 3102 1945 3134 pag.
1962 3092 2021 3124 114
2037 3093 2086 3124 ait
2101 3093 2269 3127 neminem
2281 3090 2342 3124 du-

1370 3148 1488 3186 bitare,
1506 3146 1594 3187 quod
1607 3155 1626 3179 a
1643 3146 1803 3185 religione
1821 3143 2012 3175 Christiana
2026 3141 2157 3176 alienus
2173 3142 2341 3174 Ausonius

1369 3198 1480 3229 tuerit.
1499 3197 1631 3230 Addidit
1648 3194 1852 3231 Boi-ricinus,
1869 3193 1972 3224 etiam
1990 3193 2166 3231 propterea
2181 3198 2202 3224 a
2217 3192 2337 3222 Pontio

1371 3249 1510 3280 Paulino
1531 3249 1640 3280 amico
1663 3244 1845 3277 identidem
1866 3242 2105 3282 objurgatum.
2128 3242 2170 3273 Et
2187 3249 2261 3281 pag.
2285 3240 2338 3274 7⁴.

1369 3297 1544 3332 Paulinus
1577 3294 1775 3336 disciputus
1805 3291 1976 3329 Ausonii,
1998 3299 2117 3338 quem,
2133 3288 2269 3323 colebat
2301 3293 2337 3322 ue
