2500 3841
844 171 1410 212 CHRYSOLOGUS

124 244 253 293 4544,
278 245 314 281 8.
340 245 466 293 (quae
485 242 605 281 editio
626 247 784 293 praeter
807 255 893 282 rem
922 256 993 295 pro
1013 245 1092 295 pri-

123 318 189 346 ma
226 305 461 344 venditatur
484 306 524 343 in
549 305 808 356 autographis
830 306 1093 358 Rudolphinis

122 373 217 406 tom.
234 368 249 406 I
266 378 355 418 pag.
375 366 477 416 467)
499 368 659 406 Parisiis
679 367 802 415 1574,
828 369 864 407 8.
888 370 949 419 (in
969 381 1092 419 quam

119 430 336 470 editionem
365 429 668 468 emendationes
699 430 834 469 Latini
859 430 1011 470 Latinii
1036 432 1091 470 lc-

119 497 271 545 guntur
308 493 349 530 in
385 491 473 543 ejus
511 492 759 532 Bibliotheca
794 494 1093 543 sacro-profana

120 560 216 594 tom.
241 556 286 604 I,
309 566 399 606 pag.
423 556 499 603 98,
525 566 636 605 seqq.
656 556 664 603 )
690 556 877 595 Coloniae
904 556 1032 604 4678,
1056 556 1091 593 4.

123 618 284 657 Parisiis
315 618 445 666 4585,
472 619 602 664 4642,
629 619 652 656 8
690 623 731 657 et
754 630 847 657 cum
878 620 1007 657 Leone
1041 620 1090 657 M.

123 684 164 719 et
178 681 349 719 Maximo
366 681 601 719 Taurinensi
625 681 693 720 464
708 682 746 729 4,
763 681 828 719 fol.
844 685 884 720 et
906 682 945 718 in
962 682 1093 719 Fran—

124 741 224 781 cisci
252 740 481 794 Combefisii
509 743 754 782 Bibliotheca
791 744 1093 782 Conciouatoria

123 809 164 844 et
187 805 227 842 in
251 805 495 844 Bibliotheca
523 806 687 844 Patrum
717 807 942 846 Coloniensi
976 806 1092 845 Anno

125 867 229 907 4648
249 871 346 906 tom.
369 868 427 917 V,
450 879 538 918 pag.
565 869 641 907 662
663 872 704 906 et
727 868 987 918 Lugdunensi
1015 867 1090 907 An.

127 929 232 969 4677
261 934 358 968 tom.
383 930 453 969 Vll
473 961 481 979 ,
501 942 589 981 pag.
616 931 693 970 845
716 936 757 969 et
785 943 836 969 ex
859 942 1092 969 recensione

129 991 330 1044 Theophili
354 991 593 1044 Raynaudi,
626 1004 718 1032 cum
750 994 882 1031 Leone
924 993 1091 1043 Magno,

127 1055 300 1093 Maximo
329 1056 592 1105 Taurinensi,
616 1056 825 1106 Fulgentio
859 1059 934 1093 etc.
961 1056 998 1093 in
1026 1054 1095 1093 he-

122 1115 242 1167 ptade
266 1118 499 1168 praesulum
528 1118 781 1167 Christiana,
806 1118 927 1156 Paris.
963 1118 1093 1166 4623,

126 1181 257 1228 4628,
282 1179 467 1231 Lugduni
490 1181 604 1220 4633.
627 1181 786 1218 Parisiis
812 1181 907 1219 4664
936 1210 944 1228 ,
972 1178 1066 1230 46174
1087 1208 1095 1228 ,

131 1243 194 1281 fol.
225 1247 266 1281 et
294 1254 388 1281 cum
418 1242 566 1281 scholis
595 1247 636 1281 et
664 1243 753 1281 Vita
782 1243 991 1293 Crysologi
1027 1253 1098 1293 per

128 1304 376 1343 Dominieum
398 1304 536 1344 Mitam
549 1335 560 1353 ,
577 1303 860 1355 presbyterum
876 1304 1100 1343 Bononien—

133 1379 246 1416 sem,
271 1368 339 1417 qui
368 1367 614 1417 praeclaram
645 1377 807 1416 operam
837 1367 876 1403 in
907 1366 1101 1403 sermoni—

131 1430 208 1469 bus
232 1430 342 1468 hisce
367 1429 415 1467 ad
439 1428 570 1468 Mstos
591 1428 758 1468 Codices
781 1427 1046 1467 emendandis
1061 1428 1098 1477 b')

128 1493 290 1543 posuit»,
314 1492 514 1530 Bononiae
540 1491 667 1539 4643,
695 1492 729 1528 4.
756 1491 941 1529 Coloniae
968 1490 1097 1539 4678,

129 1555 164 1594 4.
190 1559 231 1593 et
254 1565 349 1593 cum
368 1555 669 1592 commentariis
689 1553 861 1593 Martini
877 1553 942 1592 del
958 1552 1101 1593 Castil-

128 1616 164 1656 lo
188 1618 222 1668 c)
240 1618 484 1668 Burgensis,
506 1616 666 1655 Ordinis
689 1617 884 1655 Minorum
904 1646 912 1665 ,
944 1616 1104 1668 Lugdu-

128 1680 287 1720 ni4676
304 1711 313 1731 ,
331 1680 395 1718 fol.
413 1679 611 1719 Admirari
642 1691 685 1718 se
711 1691 754 1718 os
780 1684 860 1718 tam
883 1680 1101 1728 disertum,

130 1744 336 1794 ingenium
373 1743 757 1791 foecundissimum,
795 1743 948 1793 stylum
981 1754 1102 1793 supra

129 1818 277 1846 aevum
307 1807 416 1846 istud
437 1811 591 1846 tersum
613 1812 734 1857 atque
765 1808 989 1857 elegantem
1010 1818 1102 1857 pro-

134 1871 268 1909 fessus
298 1873 361 1908 est
389 1870 447 1907 ιῙο.
468 1869 672 1909 Meursius
692 1881 730 1920 p.
752 1871 790 1909 2.
811 1871 985 1908 Exercit.
1017 1871 1102 1909 Cri-

137 1933 203 1970 tic.
229 1943 314 1982 cap.
338 1932 395 1971 XI
424 1931 492 1970 ubi
520 1932 604 1970 loca
628 1931 825 1981 quaedam
850 1932 938 1981 ejus
967 1943 1103 1970 emen-

139 1994 207 2033 dat
229 2006 318 2045 pag.
342 1995 417 2033 430
449 2005 532 2044 seq.
564 1992 791 2032 Zachariae
820 1993 1105 2033 LuncliiCom-

134 2057 363 2095 mentarius
385 2058 422 2093 in
445 2056 738 2106 Chrysologum
758 2057 921 2105 ,Variae
938 2058 1033 2094 Lect
1064 2060 1105 2094 et

137 2118 510 2157 animadversiones
533 2120 716 2169 copiosae
738 2119 849 2158 MSS.
881 2119 990 2157 fuere
1014 2119 1106 2157 Haf-

133 2182 222 2220 niae
261 2180 369 2232 apud
408 2181 607 2220 illustrem
649 2181 958 2232 Rostgaardum.
1001 2181 1104 2220 Esse

137 2243 335 2294 quosdam
364 2244 405 2281 in
434 2244 544 2283 hisce
575 2244 854 2286 sermonibus,
885 2245 953 2294 qui
983 2244 1105 2282 alium

140 2305 315 2344 habeant
330 2310 533 2344 auctorem
549 2305 651 2356 ,jam
669 2318 690 2345 a
707 2307 847 2345 multis
868 2310 1105 2345 annotatum

136 2370 225 2415 est,
263 2367 356 2406 licet
393 2367 636 2418 conjecturis
673 2369 806 2419 potius
844 2380 909 2407 res
947 2370 1079 2420 agitur
1095 2399 1104 2417 ,

138 2440 260 2478 quam
285 2432 534 2479 argumentis
558 2432 692 2469 certis.
717 2431 815 2470 Vide
840 2432 941 2469 infra
961 2432 1000 2468 in
1027 2432 1107 2470 SE-

134 2491 303 2530 VERUS
322 2491 592 2531 Malaeitanus
607 2524 617 2541 ,
635 2497 675 2532 et
692 2494 988 2536 Tillemontium
1008 2497 1104 2531 tom.

137 2553 211 2592 XV
227 2556 452 2592 memoriar.
469 2566 558 2606 pag.
576 2556 653 2593 866
671 2560 712 2593 et
728 2555 932 2595 Oudinum
958 2558 1055 2593 tom.
1070 2557 1102 2605 Ι,

135 2626 223 2666 pag.
246 2616 350 2654 4252
370 2615 438 2654 ubi
461 2617 582 2654 etiam
606 2617 887 2667 inscriptiones
911 2619 1106 2655 sermoni-

134 2678 211 2716 bus
241 2678 281 2715 in
308 2677 511 2728 plerisque
542 2677 784 2717 editionibus
814 2678 1013 2729 praefixas
1043 2691 1104 2718 re—

137 2745 200 2778 cte
226 2744 347 2791 negat
371 2750 461 2778 esse
485 2751 508 2778 a
531 2740 790 2791 Chrysologo.

192 2803 404 2843 Sermones
428 2804 460 2842 V
479 2802 520 2841 in
542 2802 773 2841 Orationem
791 2802 1038 2842 Dominicam
1056 2804 1106 2843 ad

140 2866 488 2915 Catechumenos,
526 2867 681 2917 primus
722 2865 846 2903 edidit
886 2866 1105 2906 Dacherius

135 2932 233 2967 tom.
263 2930 333 2968 VII
373 2930 563 2980 spicilegii
598 2940 685 2980 pag.
718 2929 792 2968 420
826 2927 941 2977 (edit.
976 2940 1104 2968 novae

139 2996 235 3031 tom.
260 2993 303 3043 Ι,
327 3004 414 3044 pag.
447 2992 551 3042 245)
577 2997 617 3031 et
646 3004 696 3031 ex
726 2991 802 3030 lide
828 2990 984 3030 Codicis
1008 2992 1104 3032 Cor-

198 3165 232 3201 a)
255 3163 445 3196 Bacchinus
469 3163 512 3195 ad
533 3163 710 3204 Agnessium
734 3166 816 3194 tom.
843 3164 897 3201 11,
916 3169 990 3202 pag.
1014 3162 1088 3194 588.

192 3213 228 3252 b)
250 3213 334 3245 vide
356 3213 527 3246 oudinum
549 3218 633 3245 tom.
660 3215 698 3252 1,
721 3222 753 3252 p.
780 3211 873 3243 1251.

192 3262 225 3302 c)
250 3263 409 3295 Giornale
446 3262 670 3295 de’Letterati
705 3262 737 3293 di
775 3263 878 3294 Roma
910 3265 972 3295 An.
1002 3261 1107 3301 1676,

130 3319 207 3352 pag.
230 3313 306 3346 257.

2061 173 2136 212 351

1168 243 1344 294 bejensis
1361 244 1553 283 retulerat
1570 243 1619 282 ad
1635 243 1839 282 PETRUM
1853 240 2136 282 DAMIANUM‘

1168 318 1269 357 quos
1309 319 1360 346 ex
1397 308 1444 346 D.
1482 306 1686 357 Stephano
1725 305 1774 344 de
1810 307 1963 345 Marces
2005 310 2143 355 postea

1167 370 1362 420 comperit
1393 369 1630 420 Chrysologi
1662 379 1778 407 esse:
1810 367 1929 418 cujus
1959 368 2023 406 alii
2054 369 2142 418 qui-

1167 431 1259 470 dam
1286 443 1495 470 sermones
1520 435 1639 470 etiam
1660 460 1667 479 ,
1693 432 1761 481 qui
1786 431 1825 468 in
1850 431 1991 469 Felicis
2019 430 2139 468 colle-

1166 495 1296 533 ctione
1321 498 1510 544 exstant,
1540 493 1590 532 ad
1618 494 1859 532 Damianum
1889 503 1910 531 a
1939 493 2038 532 viris
2068 491 2138 530 do-

1165 558 1242 596 ctis
1263 558 1517 605 referuntur,
1535 567 1628 594 cum
1649 556 1870 594 Damianus
1891 555 2032 594 multis
2054 565 2142 593 sae—

1167 620 1269 659 culis
1292 620 1422 658 Felice
1449 619 1568 657 fuerit
1588 617 1736 668 junior.
1769 617 1848 656 Sed
1872 622 1912 656 et
1938 617 2043 656 idem
2067 618 2144 655 Da-

1167 682 1329 721 cherius
1358 685 1454 720 tom.
1492 681 1547 719 XI
1567 709 1577 727 ‚
1615 691 1702 729 pag.
1743 678 1819 718 279
1857 680 1976 729 (edit.
2017 690 2145 718 novae

1167 749 1264 782 tom.
1289 744 1304 782 Ι
1325 772 1333 790 ,
1358 754 1446 794 pag.
1473 742 1514 781 44
1538 742 1548 791 )
1573 742 1779 792 vulgavit,
1803 754 1923 792 quem
1949 747 2145 792 tanquam

1168 806 1365 844 ineditum
1403 806 1546 843 Petrus
1583 804 1822 842 Franciscus
1866 803 2076 842 Chissetius
2107 803 2143 841 ei

1167 867 1497 918 suppeditaverat
1513 867 1744 906 Sermonem
1760 864 1801 902 in
1813 864 1952 904 Natali
1966 864 2138 914 Domini,

1167 929 1354 968 Auctoris
1385 930 1453 979 qui
1476 929 1583 967 circa
1608 927 1773 967 Annum
1798 927 1874 966 500
1905 928 2077 975 vixerit,
2102 932 2142 966 et

1170 992 1339 1030 fortasse
1370 992 1409 1030 S.
1440 991 1738 1038 FULGENTII,
1770 989 1840 1039 qui
1870 992 2006 1027 tamen
2037 990 2141 1027 inter

1170 1065 1378 1093 sermones
1421 1053 1658 1103 Chrysologi
1699 1053 1853 1090 auctior
1890 1062 1912 1090 a
1950 1051 2142 1101 principio

1171 1121 1293 1167 atque
1316 1116 1565 1155 emendatior
1585 1116 1708 1153 etiam
1732 1115 1865 1152 lucem
1897 1114 2057 1164 saepius
2082 1113 2144 1150 vi-

1170 1180 1296 1229 derat,
1322 1191 1454 1218 sermo
1485 1178 1635 1219 CXLV.
1661 1181 1705 1216 ut
1728 1177 1990 1215 observatum
2020 1175 2140 1214 Paulo

1173 1243 1394 1281 Colomesio
1420 1243 1459 1280 in
1480 1240 1791 1292 paralipomenis
1811 1238 1860 1277 de
1882 1237 2144 1288 scriptoribus

1171 1305 1469 1345 Ecclesiasticis
1499 1314 1587 1354 pag.
1614 1303 1691 1342 263
1717 1307 1756 1341 et
1780 1303 1820 1339 in
1845 1301 2146 1339 Observationi-

1174 1368 1250 1406 bus
1274 1368 1399 1405 sacris
1423 1378 1510 1417 pag.
1538 1366 1626 1405 433.
1653 1365 1860 1404 Sermonis
1884 1363 2006 1413 hujus
2037 1363 2146 1401 clau—

1171 1430 1260 1469 sula
1289 1430 1395 1468 idem
1426 1432 1543 1479 urget
1572 1431 1885 1478 argumentum,
1911 1437 1989 1476 quo
2019 1425 2148 1464 utitur

1173 1492 1447 1542 Chrysologus
1477 1492 1516 1528 in
1546 1490 1752 1540 Epistola,
1784 1489 1832 1527 de
1862 1500 1942 1539 qua
1972 1499 2066 1526 mox
2095 1486 2145 1526 ad

1172 1553 1429 1604 Eutychem:
1459 1551 1638 1603 Triyinta
1668 1551 1784 1589 annis
1814 1550 2012 1589 humanae
2043 1548 2146 1600 [eyes

1177 1616 1470 1667 (Valentiniani
1496 1614 1571 1653 An.
1606 1615 1707 1663 449)
1740 1613 1938 1652 humanas
1967 1611 2149 1651 adimunt

1178 1677 1453 1730 quaestiones:
1475 1681 1513 1716 et
1533 1676 1701 1717 CHmsti
1714 1675 1919 1727 generatio
1938 1687 2063 1727 ,qaae
2083 1673 2152 1712 Di-

1176 1741 1273 1780 vina
1295 1742 1395 1791 Legye
1419 1738 1615 1779 scribitur
1645 1737 1961 1787 inenarrabilis,
1982 1741 2075 1789 post
2098 1740 2151 1775 tot

1175 1802 1339 1842 saecula
1363 1802 1628 1854 disputatione
1654 1801 1872 1840 temeraria
1899 1799 2152 1840 ventilatur?

1229 1864 1413 1917 Epistola
1454 1864 1509 1903 acl
1552 1862 1810 1914 Eutyclietem
1856 1864 2146 1913 Presbyterum

1178 1930 1327 1979 scripta
1351 1927 1482 1966 medio
1512 1926 1617 1965 Anni
1644 1926 1719 1963 449
1759 1929 1800 1963 et
1837 1925 1999 1963 laudata
2023 1925 2072 1964 ab
2101 1925 2154 1963 Α-

1178 1991 1309 2043 gnello
1325 2002 1411 2041 pag.
1431 1990 1520 2039 323,
1532 2000 1615 2038 seq.
1632 1986 1762 2037 Hujus
1777 1987 1981 2037 Epistolae
1998 1987 2146 2037 duplex

1179 2054 1298 2092 editio
1317 2057 1469 2100 exstat,
1490 2063 1573 2089 una
1597 2051 1727 2101 qualis
1748 2062 1799 2088 ex
1819 2049 1965 2089 Codice
1985 2051 2150 2088 Estensi

1180 2116 1394 2155 exhibetur
1432 2126 1455 2153 a
1491 2113 1690 2153 Bacchino
1720 2114 1826 2150 notis
1856 2111 1904 2150 ad
1934 2111 2149 2163 Agnellum

1180 2190 1268 2230 pag.
1296 2178 1372 2216 344
1397 2182 1437 2216 et
1462 2188 1511 2215 ex
1536 2176 1680 2216 Codice
1706 2175 1873 2214 Thuano
1898 2175 2070 2213 occurrit
2096 2176 2155 2212 in-

1181 2247 1242 2280 ter
1267 2243 1411 2280 Leonis
1434 2242 1482 2280 M.
1508 2240 1711 2291 Epistolas
1736 2240 1773 2276 in
1799 2237 2043 2276 editionibus
2067 2239 2155 2287 qui—

1179 2304 1350 2344 busdam
1371 2335 1379 2354 ,
1397 2315 1500 2354 quae
1522 2302 1848 2349 Qucsnellianam
1870 2304 2126 2339 antecessere
2145 2313 2152 2338 :

1180 2366 1312 2406 altera
1331 2366 1494 2405 dimidio
1510 2370 1622 2404 tanto
1639 2365 1808 2413 auctior,
1823 2374 1945 2413 quam
1962 2374 2012 2401 ex
2032 2363 2153 2401 MStis

1180 2430 1384 2470 Vaticanis
1408 2433 1449 2468 et
1480 2427 1612 2467 Sirleti
1645 2426 1779 2464 codice
1808 2425 2029 2476 publicavit
2057 2435 2151 2462 cum

1180 2492 1286 2529 notis
1309 2490 1512 2528 Gerardus
1533 2489 1700 2528 Vossius
1725 2487 1774 2525 ad
1798 2487 1948 2525 calcem
1973 2485 2151 2535 Gregorii

1180 2552 1695 2601 Tliaumaturgi,Mog11nt.
1724 2549 1853 2595 4604,
1885 2549 1919 2585 4.
1953 2558 2040 2597 pag.
2074 2547 2150 2585 405

1178 2614 1313 2653 addita
1326 2613 1478 2651 Graeca
1497 2613 1684 2651 versione
1705 2622 1755 2648 ex
1770 2614 1883 2660 parte
1902 2611 1915 2647 4
1930 2639 1936 2646 .
1953 2608 2146 2646 Actorum

1180 2676 1344 2717 Concilii
1369 2674 1737 2721 Chalcedonensis,
1763 2676 1859 2709 tom.
1882 2672 1930 2709 II.
1959 2669 2149 2709 Ilarduin.

1178 2750 1265 2790 pag.
1292 2738 1355 2776 24.
1376 2737 1521 2775 Labbei
1541 2741 1637 2774 tom.
1660 2735 1710 2773 IV
1727 2765 1736 2783 ,
1758 2745 1844 2784 pag.
1866 2735 1916 2772 35
1940 2744 2042 2783 quac
2068 2732 2150 2770 edi-

1179 2802 1233 2838 tio
1250 2801 1388 2838 Latine
1407 2800 1566 2849 saepius
1583 2797 1726 2836 deinde
1742 2798 1912 2847 repetita
1928 2795 1977 2834 ad
1995 2795 2146 2833 calcem

1180 2874 1413 2902 sermonum
1444 2861 1706 2912 Chrysologi‚
1737 2863 1776 2897 et
1806 2862 1896 2909 post
1925 2857 2146 2908 Epistolam

1177 2925 1326 2966 XXIII.
1344 2925 1488 2964 Leonis
1503 2926 1550 2964 M.
1573 2925 1612 2961 in
1637 2922 1809 2961 editione
1824 2920 2025 2959 Paschasii
2043 2920 2148 2965 Que-

1178 2989 1322 3035 snelli,
1347 2986 1464 3036 cujus
1489 2991 1605 3024 notas
1629 2984 1840 3024 consulere.
1858 2981 2015 3033 juvabit
2039 2986 2066 3019 t.
2092 2982 2146 3032 ll,

1176 3062 1265 3101 pag.
1291 3050 1393 3095 426,
1419 3060 1502 3098 seq.
1528 3048 1621 3086 edit.
1649 3048 1688 3084 in
1714 3046 1777 3084 fol.

1228 3110 1430 3163 Epistolas
1455 3109 1558 3149 alias
1577 3109 1716 3162 plures
1737 3108 1949 3158 scripsisse
1970 3105 2147 3156 Chryso·
2218 3101 2222 3106 ’

1177 3175 1311 3225 logum
1337 3177 1449 3211 notat
1478 3173 1725 3211 Trithcmius
1755 3182 1839 3221 cap.
1873 3170 1961 3208 459.
1991 3169 2142 3207 Harum

1182 3238 1403 3288 fragmenta
1433 3235 1584 3285 aliquot
1615 3234 1718 3272 idom
1750 3233 1997 3272 Colomesius
2026 3235 2148 3270 testa-

1179 3305 1244 3339 tur
1265 3300 1408 3350 legisse
1430 3309 1472 3336 sc
1494 3299 1532 3335 in
1555 3296 1719 3336 Lumine
1739 3295 1897 3334 (alcimae
1913 3326 1923 3343 ,
1945 3293 2043 3334 libro
2065 3305 2141 3331 non
