2500 3841
912 189 1281 229 BRIGITTA

87 259 150 297 illo
171 256 313 296 deinde
329 258 432 294 inter
448 256 738 298 cistercienses
747 258 960 299 Monachos
976 261 1058 299 An-

87 332 136 359 no
158 320 259 360 4344
285 318 306 342 ³⁶
325 318 527 367 defuncto,
545 318 727 371 ipsasub
750 321 899 372 Regula
916 323 955 362 S.
978 325 1060 363 Au-

92 382 241 434 gustini
263 392 415 420 novum
438 381 630 421 Ordinem
658 383 920 423 Monastic-urn
947 384 986 434 d)
1019 385 1057 424 S.

84 444 303 484 Salvatoris
328 444 514 483 instituit.
531 442 719 495 Magistro
733 457 804 485 usa
814 445 1056 498 MATTIIIA,

83 506 320 557 Lincopensi
345 506 562 556 Canonico,
586 506 635 545 ab
671 519 717 546 eo
759 510 916 547 curavit
945 521 1058 549 sacra

81 568 206 607 Biblia
225 568 391 607 Svecice
414 569 448 618 e)
469 569 694 618 transferri,
716 571 785 620 qui
809 571 929 610 etiam
953 572 1058 622 glos·
1084 571 1092 579 ²

81 640 149 669 sas
168 629 312 669 iisdem
332 630 583 670 illustrandis
599 629 770 671 addidit:
788 638 910 684 atque
927 633 975 672 de
993 634 1055 673 his

79 691 383 744 accipiendum,
407 692 514 743 quod
553 694 593 731 in
632 695 716 733 vita
741 694 931 746 Brigittac
961 697 1057 748 legi-

81 759 174 795 tur:
199 755 224 806 f)
245 756 378 795 Sacra
395 752 545 806 Biblia,
567 767 670 808 quac
688 756 846 796 Gothico
869 757 1055 798 idiomate

77 815 160 857 sibi
177 815 393 857 scribenda
411 822 600 868 curarat,
632 815 846 859 lectitabat.
888 822 1054 861 Revela-

77 881 207 920 tiones
232 881 306 932 ipsi
330 880 458 920 factae
482 872 573 920 esse
589 881 785 921 divinitus
802 883 987 922 feruntur
1002 884 1051 922 ab

74 942 193 983 Anno
227 943 330 982 4314
356 942 464 982 unde
493 945 660 983 Romam
697 945 794 983 adiit
838 945 913 984 An.
947 945 1050 985 4316

76 1010 198 1056 atque
223 1004 314 1044 inde
338 1008 429 1056 post
457 1006 707 1057 Hispaniam,
732 1007 961 1058 Neapolim,
992 1008 1053 1046 Si-

75 1067 205 1106 ciliam
230 1068 346 1119 petiit
361 1078 474 1106 sacra
489 1067 736 1107 Palaestinae
756 1069 857 1117 loca,
879 1068 1051 1118 indeque

73 1129 398 1167 Romamiterum
419 1140 583 1168 reversa
599 1127 706 1168 diem
726 1130 821 1168 obiit
836 1129 911 1169 An.
933 1130 1050 1179 4373,

75 1189 126 1229 23
147 1190 224 1229 Jul.
241 1191 277 1241 g)
295 1191 528 1241 sanctisque
549 1187 749 1242 adscripta
767 1196 831 1230 est
850 1192 926 1231 An.
944 1193 1040 1232 4394

74 1262 97 1290 3
120 1252 320 1291 Bonifacio
345 1253 414 1291 IX.
437 1252 474 1299 h)
498 1256 539 1291 et
561 1252 679 1291 Anno
705 1253 809 1293 4445
826 1265 848 1293 3
864 1255 1048 1293 Johanne

72 1315 207 1353 XXIII
230 1315 270 1352 in
292 1314 466 1354 Concilio
489 1314 809 1354 Constantiensi:
841 1317 867 1365 i)
907 1328 1049 1356 conse-

73 1377 292 1415 crationem
314 1376 417 1415 hanc
437 1380 617 1427 tempore
641 1377 880 1416 Schismatis
899 1378 1045 1417 factam

71 1437 335 1477 confirmante
354 1439 475 1477 etiam
499 1438 574 1478 An.
598 1439 701 1478 4449
716 1440 884 1479 Martino
903 1441 946 1479 V.
970 1442 1045 1479 Re-

69 1498 285 1538 velationes
308 1498 397 1550 ejus
421 1501 610 1551 probatae
634 1512 657 1539 a
680 1502 856 1540 Concilio
895 1503 1044 1542 Basile-

74 1562 178 1609 ensi,
203 1561 463 1613 Gregoriique
492 1564 562 1601 XI.
597 1564 744 1602 Urbani
780 1564 825 1603 V.
855 1565 1044 1603 Bonifacii

69 1624 125 1663 IX
149 1627 190 1662 et
212 1624 368 1663 Martini
393 1625 425 1663 V
443 1623 564 1674 jussu
584 1624 824 1677 recognitae.
849 1625 1042 1677 Reyulam

70 1685 232 1726 Ordinis
255 1688 319 1725 sui
337 1685 442 1726 circa
465 1686 511 1726 A.
535 1688 638 1727 4363
658 1699 681 1727 3
704 1689 808 1739 Papa
832 1687 990 1728 Urbano
1012 1689 1044 1728 V

71 1748 298 1788 confirmari
317 1749 495 1799 postulat
529 1749 628 1788 libro
658 1755 802 1800 quarto
836 1752 1045 1789 revelatio-

73 1822 172 1849 num
196 1811 325 1861 capite
349 1809 439 1850 437.
464 1811 572 1861 quod
595 1812 716 1850 etiam
742 1813 892 1852 factum
922 1813 970 1852 ab
1000 1824 1046 1852 eo

71 1883 162 1911 esse
180 1876 347 1912 annotat
369 1873 596 1912 Consalvus
615 1874 822 1913 Durantus
846 1874 895 1913 ad
920 1876 1044 1914 istum

71 1933 204 1974 locum
225 1938 266 1973 et
287 1934 336 1974 ad
362 1936 412 1974 IV
438 1935 486 1974 49
511 1947 562 1975 ex
583 1937 734 1975 Joanne
759 1937 951 1976 Nauclero
975 1937 1045 1975 ali-

131 2068 146 2081 *
162 2067 264 2099 olaus
279 2069 508 2101 Rosencraniz
525 2068 614 2110 apud
633 2070 796 2101 'rhomam
814 2069 1049 2102 Bartholinum

65 2121 156 2149 tomo
174 2119 215 2149 ΙΙ.
232 2121 392 2149 Actorum
410 2120 527 2152 Medic.
545 2118 718 2151 narniens.
737 2127 814 2160 pag.
831 2119 883 2151 56.

125 2166 162 2207 d)
179 2166 300 2199 Confer
313 2170 563 2200 &Antoninum
579 2171 677 2200 Parte
689 2170 708 2200 5
726 2171 780 2201 tit.
792 2168 832 2200 24
848 2177 922 2208 cap.
940 2170 979 2199 xt
997 2170 1016 2209 S
1029 2169 1048 2201 4

64 2226 142 2259 pag,
157 2217 221 2249 797
241 2226 310 2257 seq.
328 2217 507 2250 Albertum
524 2220 722 2252 crantzium
739 2221 780 2249 lx
795 2219 837 2249 52
867 2220 1045 2259 metropol.

64 2272 98 2300 et
112 2270 139 2299 x
157 2268 196 2301 15
212 2270 334 2300 Saxon.
351 2269 503 2300 Natalem
521 2269 613 2301 Alex.
631 2271 702 2301 Sec.
720 2271 793 2299 xnt
812 2273 845 2301 et
862 2271 931 2300 xlv
954 2274 1046 2302 tomo

63 2320 142 2358 vn,
163 2327 240 2359 pag.
257 2318 321 2350 245
338 2319 419 2351 edit.
433 2321 467 2352 in
485 2318 541 2351 sol.
554 2327 594 2351 ex
613 2320 742 2350 Thoma
770 2319 1019 2359 Walsinghamo
1035 2345 1045 2357 ,

66 2371 100 2399 et
114 2376 202 2408 quae
217 2368 315 2408 plura
333 2369 374 2400 de
390 2368 589 2401 fundatione
607 2374 641 2400 et
655 2368 843 2410 privilegiis
860 2370 996 2401 Ordinis
1014 2372 1045 2402 S.

65 2419 253 2457 Brigittae‚
283 2421 354 2459 ejus
384 2418 660 2450 Revelationibus
686 2421 965 2458 praemittuntur.
988 2422 1049 2451 Re-

67 2467 145 2507 gula
163 2466 290 2507 prodiit
307 2472 341 2499 et
356 2468 481 2500 Gallice
504 2469 642 2500 Parisiis
664 2468 744 2499 16022
772 2468 880 2499 forma
902 2470 1046 2500 minore.

67 2516 120 2548 La
141 2516 238 2556 reqle
267 2517 330 2548 des
359 2516 475 2558 freres
503 2517 728 2550 Novis-times
752 2518 795 2549 de
824 2518 968 2549 l'Ordre
999 2518 1048 2549 du

69 2567 243 2599 Sauveur.

130 2615 164 2657 e)
179 2616 346 2648 Laudatus
360 2616 534 2648 Benzelius
548 2624 625 2656 pag.
641 2617 682 2648 66
702 2616 788 2649 intra
804 2631 813 2655 3
831 2617 1046 2650 MATTfflAS.

129 2666 156 2706 Γ)
179 2668 217 2698 ln
239 2666 389 2698 Vastovii
407 2665 482 2697 vide
498 2667 678 2705 Aquilonia
696 2675 772 2706 pag.
785 2667 840 2698 95.

132 2715 168 2756 g)
184 2717 261 2748 Vita
275 2717 436 2755 Brigittae
448 2715 538 2756 apud
552 2717 687 2749 Surium
702 2720 735 2747 et
753 2718 787 2747 in
804 2718 895 2748 Actis
905 2719 1048 2749 sancto-

70 2775 147 2799 rum
162 2766 514 2798 251ul.·S.Antoninus
531 2770 625 2805 parte
641 2766 660 2797 5
675 2766 776 2797 tit.21
797 2774 870 2806 cap.
885 2768 924 2796 xi
941 2771 973 2797 et
988 2769 1051 2799 Le-

71 2815 180 2856 genda
203 2817 246 2848 ad
277 2816 402 2848 calcem
433 2815 690 2847 Revelationum
709 2824 784 2855 pag.
809 2814 883 2847 591.
915 2815 997 2848 vide
1016 2821 1049 2848 et

71 2874 160 2907 quae
177 2874 278 2906 supra
297 2867 330 2897 in
348 2866 524 2896 BIRGERO
542 2873 618 2905 pag.
634 2865 710 2896 ⁶258.

136 2915 172 2956 h)
189 2915 271 2948 Vide
288 2915 416 2947 Bullarn
432 2917 466 2946 in
482 2916 653 2946 Laurentii
684 2915 870 2947 Cherubim
901 2915 1048 2947 Bullario

72 2970 156 2998 tom.
176 2968 213 3005 1,
236 2974 312 3006 pag.
329 2966 404 2997 ⁶207.
425 2969 624 2997 Processum
651 2966 737 2996 ritus
766 2966 904 3004 exponit
934 2967 1052 2997 Petrus

73 3016 224 3048 Amelius
240 3016 280 3047 de
296 3016 515 3049 caerimoniis
529 3014 699 3046 Ecclesiae
714 3017 884 3045 Romanae
898 3022 973 3054 cap.
990 3015 1049 3047 ‘155

75 3068 111 3098 in
132 3066 317 3098 mabillonii
335 3074 450 3097 museo
475 3065 591 3097 italico
611 3072 685 3104 pag.
705 3064 768 3095 555
786 3072 855 3104 seq.

138 3115 164 3155 i)
178 3118 389 3147 Hermannus
413 3115 456 3146 ab
486 3113 591 3146 Hardt
610 3113 800 3153 Prologom.
831 3114 872 3145 ad
899 3117 980 3145 tom.
1009 3114 1053 3144 nt

75 3166 220 3199 concilii
235 3167 505 3199 constantiensis
523 3173 600 3206 pag.
615 3165 654 3195 15
672 3169 704 3195 et
724 3166 757 3196 in
776 3168 867 3195 tomo
886 3165 957 3203 ipso
977 3172 1055 3205 pag.

75 3216 120 3248 28
137 3221 217 3249 tom.
237 3218 297 3256 lv,
314 3225 391 3257 pag.
411 3216 453 3248 59
466 3220 532 3248 etc.
558 3215 704 3247 lacobus
735 3213 888 3245 l'Ensant
914 3215 1053 3246 histoire

78 3266 125 3300 du
137 3266 275 3300 concile
293 3266 333 3298 de
355 3268 544 3299 constance
562 3274 637 3307 pag.
654 3266 695 3298 67
713 3264 769 3298 ubi
793 3269 825 3297 et
845 3266 921 3297 icon
936 3267 966 3297 S.
985 3266 1055 3297 Bri·

80 3318 185 3357 gntae
199 3325 274 3351 aere
291 3316 398 3350 nitide
413 3316 594 3358 descripta.

2026 195 2105 236 259

1136 263 1262 312 isque.
1288 260 1440 313 Requla
1471 260 1534 301 illa
1573 261 1641 302 LX
1669 262 1842 303 fororum
1867 269 1907 304 et
1938 265 2105 306 fratrum

1134 325 1247 363 XXV
1264 335 1366 375 quae
1382 323 1589 375 Capitibus
1603 326 1751 364 XXXI.
1768 331 1960 366 constans
1974 340 2010 379 p.
2029 329 2107 367 5253

1133 385 1343 437 subjicitur
1372 390 1459 425 octo
1489 386 1600 426 libris
1637 386 1946 428 Revelationum.
1977 391 2024 429 Hi
2053 402 2104 429 ex

1132 448 1400 499 recognitione
1433 448 1656 489 Cardinalis
1691 451 1857 490 Jnannis
1880 451 1929 491 de
1959 454 2106 491 Turre-

1131 516 1308 550 cremata
1331 511 1512 563 prodiere
1533 513 1713 551 Lubecae
1739 513 1855 554 ⁴492.
1880 514 2104 553 Norimber-

1131 585 1203 624 gae
1225 574 1341 613 4521.
1365 575 1512 612 Romae
1540 575 1662 623 4521,
1690 576 1792 615 4556
1817 580 1858 614 et
1881 587 1974 615 cum
1996 578 2102 615 notis

1131 636 1321 676 Consalvi
1345 636 1431 674 sive
1456 635 1694 674 Gundisalvi
1719 637 1887 675 Dur-anti
1911 649 1934 677 a
1957 638 1996 677 S.
2021 637 2102 677 An-

1129 699 1216 749 gelo
1241 699 1281 737 in
1304 696 1414 737 Vado
1452 697 1680 747 Presbyteri
1705 702 1747 737 et
1770 699 1809 737 S.
1835 699 1971 739 Theoi.
2009 702 2102 739 Pro-

1131 758 1309 809 fessoris,
1333 763 1473 811 postea
1494 759 1681 810 Episcopi
1704 761 1909 800 Feretrani
1949 764 1988 801 in
2021 765 2102 803 Du-

1126 828 1220 862 catu
1244 822 1519 871 Urb1natensi,
1539 822 1687 860 Romae
1704 822 1820 861 4606.
1838 822 2098 876 Antwerpiae

1128 887 1244 925 4644.
1269 886 1380 923 Rom.
1408 884 1511 923 4628
1531 887 1572 922 et
1595 883 1731 923 Colon.
1765 885 1868 923 4628
1909 886 1972 924 fol.
2003 898 2097 926 cum

1125 946 1451 986 Revelationibus
1475 945 1547 985 SS.
1563 946 1774 996 virginum
1791 945 2041 998 Hildegardis
2058 954 2099 986 et

1124 1008 1398 1050 Elisabethae:
1428 1012 1470 1047 et
1493 1009 1656 1047 Simone
1680 1008 1908 1059 qumanno
1933 1015 2100 1048 curante

1124 1071 1319 1110 Monachii
1341 1070 1444 1110 4680
1466 1069 1529 1108 fol.
1547 1071 1867 1109 Praemittuntur
1883 1075 1971 1109 octo
1987 1083 2101 1110 reve-

1125 1134 1320 1172 lationum
1342 1133 1454 1171 libris
1486 1131 1695 1171 Orationes
1726 1133 1813 1171 sive
1845 1132 2101 1173 Precationes

1124 1197 1315 1248 Brigittae
1338 1193 1562 1247 quindecim
1601 1191 1648 1233 de
1686 1192 1879 1233 Passione
1915 1195 2098 1245 Domini,

1122 1271 1173 1297 ex
1197 1258 1291 1297 edit.
1315 1259 1429 1296 Rom.
1453 1257 1573 1305 4530,
1601 1257 1638 1295 8.
1662 1256 1777 1295 Libro
1807 1258 1978 1309 septImo
2008 1269 2097 1311 pag.

1123 1321 1307 1360 476-186
1332 1318 1514 1370 subjecta
1536 1323 1599 1358 est
1618 1318 1886 1369 ALPHONSI‚
1925 1332 1976 1359 ex
2003 1321 2099 1371 Epi-

1121 1394 1240 1434 scopo
1264 1383 1482 1421 Giennensi
1504 1382 1544 1420 in
1568 1382 1774 1432 Hispania,
1790 1382 2011 1431 Eremitae,
2030 1384 2099 1434 qui

1117 1446 1400 1486 Revelationes
1437 1445 1630 1496 Brigittae
1679 1445 1718 1482 in
1752 1444 1872 1483 libros
1908 1445 2097 1496 digessit,

1118 1510 1241 1560 (sicut
1263 1520 1314 1547 ex
1335 1508 1502 1547 Suecico
1525 1507 1662 1545 Latine
1683 1508 1806 1544 vertit
1830 1506 1871 1555 k)
1899 1509 2098 1547 PETRUS

1117 1570 1236 1610 OLAI
1262 1569 1311 1608 de
1335 1567 1542 1616 Alvastro,
1567 1569 1654 1606 sive
1676 1569 1786 1606 Prior
1809 1568 1902 1607 Ord.
1925 1570 2097 1609 Cisterc.

1117 1635 1156 1672 in
1181 1631 1368 1674 Coenobii
1391 1629 1646 1669 Alvastrensi
1657 1634 1698 1668 et
1718 1630 1757 1669 S.
1779 1630 2094 1671 CATHARINAE

1117 1706 1221 1745 quae
1246 1695 1285 1733 S.
1309 1694 1499 1743 Brigittae
1520 1691 1615 1740 filia,
1636 1703 1659 1731 a
1679 1693 1804 1731 sacris
1830 1693 2097 1732 confessioni-

1118 1756 1195 1795 bus
1219 1756 1308 1803 fuit‚
1335 1755 1523 1805 diemque
1547 1754 1643 1793 obiit
1667 1754 1742 1793 An.
1771 1755 1892 1803 4390,
1919 1756 1941 1793 9
1972 1755 2095 1806 Apr.)

1120 1819 1232 1858 Illius
1255 1819 1418 1868 inquam
1442 1813 1636 1868 Alphonsz·
1653 1816 1835 1867 Epistola
1857 1828 1928 1868 pro
1959 1817 2098 1856 defen-

1120 1882 1231 1919 sione
1268 1880 1426 1918 illarum
1459 1879 1776 1918 Revelationum.
1824 1879 1975 1918 Deinde
2005 1885 2098 1930 post

1118 1947 1308 1982 octavum
1333 1942 1495 1990 librum,
1520 1944 1560 1979 et
1585 1951 1706 1991 quam
1724 1939 1803 1977 dixi
1819 1940 2013 1991 Regulam
2034 1952 2097 1980 se-

1117 2007 1254 2055 quitur
1272 2005 1462 2055 Brigittae
1486 2004 1626 2042 Sermo
1650 2000 1864 2052 Anyelicus
1885 2001 1933 2040 de
1957 2001 2092 2041 excel-

1117 2066 1238 2105 lentia
1260 2067 1304 2104 B.
1330 2061 1516 2116 Viryinis,
1542 2065 1673 2115 capita
1696 2065 1792 2102 XXI
1815 2076 1852 2114 p.
1880 2065 1971 2103 536.
1990 2064 2094 2103 Ora-

1116 2128 1239 2168 tiones
1284 2129 1308 2166 I
1312 2129 1343 2168 V
1381 2126 1565 2178 ejusdem
1600 2127 1828 2176 argumenti
1866 2137 1953 2177 pag.
2001 2128 2094 2166 553.

1114 2192 1396 2231 Revelationes
1439 2192 1752 2240 extravagantes
1794 2200 1832 2230 a,
1855 2189 1971 2227 Petro
2005 2187 2095 2227 Olaz

1115 2254 1275 2294 additae
1298 2253 1559 2304 Alphonsinis
1581 2263 1670 2303 pag.
1695 2251 1789 2291 559.
1813 2252 1856 2290 In
1889 2251 1999 2290 hisce
2024 2263 2094 2291 ex-

1116 2316 1422 2368 travagantibus
1445 2326 1479 2354 0.
1502 2314 1551 2352 48
1572 2313 1739 2364 jubetur
1769 2314 1913 2352 Petrus
1950 2312 1998 2352 de
2025 2312 2095 2351 Al-

1113 2382 1252 2418 vastro
1277 2379 1415 2417 Latine
1439 2388 1485 2416 ea
1509 2376 1702 2424 scribere,
1727 2387 1830 2426 quae
1848 2377 2014 2415 Svecice
2037 2376 2092 2414 illi

1114 2442 1283 2492 Brigitta
1319 2440 1508 2479 dictaret:
1543 2442 1584 2477 et
1623 2450 1709 2489 cap.
1753 2437 1818 2477 45.
1847 2439 2040 2489 Regulam
2070 2449 2093 2475 a

1117 2503 1269 2554 Spiritu
1291 2502 1447 2542 CHristi
1488 2500 1692 2539 dictatam.
1715 2501 1901 2551 Epitome
1939 2499 2093 2537 revela-

1115 2566 1270 2603 tionum
1290 2564 1480 2614 BrIgittae
1504 2562 1654 2613 duplex
1677 2562 1726 2601 ab
1750 2561 1886 2600 OLAO
1907 2559 2085 2599 MAGNO

1116 2627 1354 2665 concinnata
1369 2626 1598 2674 Romaeque
1614 2624 1719 2662 edita
1740 2635 1762 2661 a
1777 2624 1797 2660 J
1802 2634 1837 2660 o.
1852 2622 2048 2661 Messenio
2064 2621 2088 2669 1)

1117 2689 1204 2728 aliis
1229 2690 1492 2725 memoratur:
1518 2687 1622 2723 sicut
1643 2689 1684 2722 et
1696 2685 1828 2722 versio
1844 2694 1983 2721 earum
2000 2683 2092 2722 Gal-

1117 2750 1188 2788 lica
1207 2747 1330 2798 Lugd.
1358 2747 1473 2795 4650,
1493 2747 1514 2783 4
1531 2750 1572 2784 et
1589 2745 1827 2783 Germanica
1844 2744 2090 2795 Norimberg.

1119 2809 1243 2860 4500,
1271 2809 1366 2849 4521
1400 2806 1727 2856 f01.et.Diliingae
1753 2806 1872 2853 4569,
1895 2806 1931 2843 8.
1953 2806 2091 2845 Colon.

1121 2873 1241 2920 4661,
1265 2871 1298 2909 t.
1325 2871 1530 2917 Quantum
1555 2867 1813 2907 tribuendum
1831 2869 1883 2906 sit
1906 2867 2016 2906 hisce
2031 2879 2092 2906 re-

1120 2933 1403 2980 velationibus,
1423 2933 1460 2969 in
1481 2931 1627 2981 quibus
1643 2929 1855 2968 excventis
1873 2927 2091 2967 multarum

1115 2993 1438 3048 praedictionum
1461 2992 1587 3046 fateri
1607 2995 1787 3032 coactum
1811 3003 1853 3030 se
1884 2990 2091 3030 veritatem

1177 3164 1214 3204 k)
1234 3168 1378 3195 loannes
1394 3162 1579 3195 Schen'erus
1597 3161 1637 3193 dc
1654 3164 1834 3193 Svecorum
1851 3162 1984 3200 scripsit
1996 3169 2029 3200 p.
2045 3159 2097 3193 11.

1182 3216 1205 3254 l)
1224 3214 1385 3254 Apologia
1403 3219 1520 3245 contra
1539 3214 1719 3243 Gomaruin
1748 3219 1822 3251 pag.
1837 3211 1899 3242 589
1917 3210 2032 3242 confer
2047 3212 2096 3244 W.

1124 3266 1257 3296 Ernesti
1276 3263 1433 3295 'reiitzelli
1463 3262 1613 3301 dialogos
1644 3265 1833 3293 menstruos
1853 3264 1888 3294 Α.
1920 3259 2001 3292 1690
2019 3268 2096 3301 pag.

1126 3314 1187 3346 159
1203 3322 1273 3355 seq.
