2500 3841
890 191 1280 231 DEVONIUs

90 269 287 301 Exhibitura
304 267 391 298 dies:
410 267 513 304 Reges
530 264 761 304 supereminet
777 254 895 294 onlnes

85 320 199 353 Solus:
219 318 406 360 praeteritis
425 315 561 352 melior,
580 315 754 354 majorque
770 312 905 345 futuris.

90 387 217 439 Hujus
246 385 382 425 Arturi
406 395 527 434 quem
551 386 641 433 post
665 383 768 421 sexti
797 381 945 420 saeculi
970 381 1042 418 ini-

88 453 141 490 tia
164 460 228 488 res
250 449 373 486 miras
388 451 569 498 patrasse
596 451 636 484 et
657 443 910 483 incredibiles
933 443 1043 482 fabu-

87 515 249 560 lantur,
274 511 307 560 a)
332 514 373 549 et
409 509 482 548 An.
522 508 599 548 542
636 506 883 547 subductum
916 507 1042 545 oculis

84 576 388 623 extinctumque
412 583 433 610 a
449 571 629 614 vulnere,
648 569 873 608 rediturum
894 569 1039 607 iterum

83 642 124 677 et
153 636 336 676 hostibus
365 634 505 673 terrori
543 633 749 675 futurum,
790 630 1039 681 quorundam

81 699 299 739 credulitas
323 697 397 736 sibi
412 697 596 748 promisit
615 694 727 746 diqni
736 693 872 745 judice
891 693 1040 732 Guilel-

80 774 144 801 mo
167 760 508 801 Malmesburiensi
535 789 543 808 ,
567 758 603 807 b)
627 769 744 809 quem
767 769 843 796 non
869 755 1036 809 fallaces

78 823 322 863 somniarent
340 820 517 875 fabulae,
544 819 614 860 secl
636 831 802 859 veraces
820 818 1036 871 praedica-

80 890 172 926 rent
193 885 409 934 historiae,
452 884 596 937 quippe
632 883 703 935 qui
732 881 930 921 labantem
960 893 1035 932 pa-

79 949 200 988 triam
220 949 290 989 diu
307 946 569 996 sustinuerit,
594 944 869 998 infractasque
888 944 1033 984 civium

78 1015 226 1052 mentes
248 1010 302 1051 ad
324 1009 469 1050 bellum
491 1008 672 1048 acuerit:
703 1007 833 1060 Hujus
870 1008 1032 1058 inquam

78 1072 216 1114 Arturi
234 1074 415 1113 meminit
431 1072 535 1111 idem
552 1073 718 1111 Iscanus
738 1072 774 1108 in
791 1075 971 1109 extremo
991 1069 1036 1107 li-

78 1138 139 1176 bri
164 1137 272 1175 tertii
295 1135 344 1174 de
367 1135 471 1174 bello
494 1134 685 1186 Trojano:

110 1217 142 1248 Si
159 1216 335 1247 Britonum
351 1212 488 1245 ridenda
509 1212 587 1244 fides
605 1216 638 1244 et
656 1212 809 1244 credulus
829 1219 923 1243 error

119 1268 281 1297 Arturum
299 1266 452 1304 expectat
478 1262 750 1303 exspectabitque
765 1270 922 1302 perenne.

77 1331 374 1384 Argumentum
388 1341 466 1370 sem
481 1327 678 1369 librorum
693 1328 739 1368 de
749 1327 845 1368 bello
861 1329 1029 1382 Trojano

76 1399 284 1435 mutuatus
307 1398 370 1434 est
402 1406 423 1433 a
455 1395 600 1432 Darete
631 1392 824 1444 Phrygio,
853 1393 920 1443 qui
946 1403 1031 1430 sae-

72 1459 164 1509 pius
186 1459 294 1510 typis
323 1457 512 1508 exscripti
542 1460 667 1505 sunt,
701 1460 742 1494 et
771 1456 876 1494 notis
909 1456 1029 1494 etiam

74 1521 260 1560 illustrati
284 1532 307 1560 a
331 1520 515 1559 Samuele
537 1519 765 1568 Dresemio,
789 1518 1029 1568 Dithmarso,

75 1582 124 1621 de
143 1594 315 1633 quorum
335 1582 576 1621 editionibus
601 1592 679 1620 non
701 1585 902 1632 repetam,
927 1591 1029 1631 quae

70 1643 153 1695 Jam
177 1649 308 1684 notata
327 1646 366 1683 in
384 1644 626 1684 Bibliotheca
641 1645 782 1683 Latina
800 1643 865 1682 lib.
892 1645 926 1682 4.
944 1655 1029 1693 cap.

26 1730 31 1736 -
76 1708 99 1745 6
126 1712 167 1747 et
190 1707 254 1746 lib.
274 1709 308 1747 4.
328 1707 593 1746 Bibliothecae
616 1706 789 1745 Graecae
813 1717 896 1756 cap.
914 1706 947 1744 5.
966 1705 1030 1744 ubi

71 1769 120 1808 dc
142 1770 298 1819 Darete,
318 1780 439 1820 quem
463 1773 671 1820 propterea
695 1769 896 1806 Britannis
920 1778 1031 1818 prae-

74 1836 136 1869 ter
166 1842 252 1869 rem
283 1832 488 1869 accensuit
509 1830 655 1869 Baleus
683 1831 746 1878 X,
773 1831 808 1869 4.
839 1829 936 1867 Vide
974 1830 1029 1867 sis

78 1895 198 1932 etiam
215 1893 417 1933 Oudinum
434 1897 527 1931 tom.
547 1893 583 1931 2.
604 1904 690 1943 pag.
713 1893 780 1931 464
792 1893 816 1930 8
831 1895 871 1930 et
886 1891 1030 1929 Johan-

73 1967 165 1994 nem
191 1955 329 1995 Prince
350 1956 389 1993 in
406 1966 523 2006 opere
546 1953 709 2005 Anglice
730 1953 835 1992 edito
858 1953 906 1992 de
931 1954 1028 1992 viris

72 2017 294 2057 illustribus
318 2018 508 2056 Devoniis
534 2017 613 2066 (the
651 2017 844 2055 worthies
881 2017 922 2054 of
953 2017 1029 2055 De-

74 2072 165 2121 von)
189 2072 367 2110 Exoniae
408 2070 537 2119 4702,
560 2071 622 2109 fol.
648 2070 747 2108 Acta
768 2069 1028 2109 Eruditorum

72 2135 148 2173 An.
183 2133 286 2174 4702
310 2145 397 2185 pag.
422 2133 512 2173 289.
538 2133 702 2172 Caetera
729 2133 855 2170 Iscani
882 2133 1028 2182 scripta

73 2196 203 2236 adhuc
225 2196 373 2235 inedita
393 2200 489 2236 sunt
506 2209 513 2234 :
534 2196 590 2234 De
613 2193 855 2233 institutione
874 2194 907 2242 a)
928 2193 1029 2246 Cyri

73 2263 210 2310 poema
232 2257 348 2310 cujus
372 2259 527 2298 initium
547 2271 554 2298 :
579 2256 745 2296 Praelia
766 2255 859 2295 bina
874 2257 1029 2295 Ducum

74 2321 266 2361 canimus.
282 2320 555 2373 Paneyyricus
572 2318 627 2358 ad
640 2318 859 2358 Henricum
880 2319 932 2357 Π.
948 2318 1029 2358 An-

72 2385 174 2436 gliae
195 2385 356 2435 Regem.
391 2384 530 2434 Nuyae
553 2382 787 2422 amatoriae.
813 2381 1029 2433 Epiyram-

73 2448 195 2495 mata,
219 2450 259 2484 et
274 2445 427 2485 diversi
443 2445 602 2497 yeneris
626 2443 823 2484 carmina.
849 2444 939 2482 vide
956 2445 1029 2482 Le-

72 2507 235 2547 landum
259 2518 294 2546 c.
317 2507 408 2547 247.
433 2509 598 2547 Baleum
620 2509 685 2555 Ill,
713 2508 760 2546 60
788 2512 828 2545 et
849 2507 1026 2545 Pitseum

73 2582 161 2622 pag.
187 2568 276 2610 276.

133 2630 385 2673 Willibalclus
408 2631 674 2671 DEVOMUS.
699 2631 823 2679 infra,
860 2630 1028 2669 WlLLI-

73 2695 287 2736 BALDUS.

124 2757 414 2798 DEUSDEDIT
428 2757 643 2803 Romanus,
660 2756 760 2806 Papa
787 2755 835 2793 ab
855 2754 930 2793 An.
951 2756 992 2794 64
1006 2756 1026 2793 4·

76 2822 125 2861 43
139 2820 352 2860 Novembr.
370 2818 418 2858 ad
437 2820 478 2858 64
489 2818 525 2856 7.
542 2817 753 2857 Novembr.
772 2818 808 2855 8.
821 2815 918 2866 Ejus
933 2816 1028 2867 Epi-

72 2882 175 2922 stola
196 2881 251 2921 ad
285 2880 531 2921 Gordianum
555 2881 795 2931 Episcopum
822 2878 1023 2929 quendam

75 2945 318 2996 Hispanum,
342 2944 458 2983 obvia
482 2944 521 2981 in
547 2943 681 2982 Tomis
705 2941 969 2982 Conciliorum
987 2946 1027 2979 et

131 3131 166 3172 a)
180 3133 293 3164 Etiam
310 3130 441 3164 sudaei.
459 3130 540 3162 Vide
568 3131 646 3161 Rev.
665 3127 769 3160 wolfii
797 3125 1034 3159 Bibliotheearn

73 3182 256 3215 hebraeam
272 3186 354 3214 tom.
372 3180 387 3212 1
404 3204 414 3220 ‚
435 3189 509 3222 pag.
525 3178 600 3211 211.

130 3232 168 3273 b)
187 3232 275 3264 Guil.
294 3231 507 3264 malmesbur.
525 3230 583 3261 lib.
600 3228 629 3260 1.
648 3229 729 3259 illst.
748 3226 882 3266 Anglor.
900 3234 974 3267 pag.
1004 3226 1032 3259 9.

78 3282 160 3316 adde
177 3281 391 3314 Lambecium
409 3285 489 3313 tom.
505 3280 544 3319 2,
562 3288 635 3320 pag.
653 3279 724 3309 705.
743 3285 812 3316 seq.

132 3332 164 3370 a)
188 3335 340 3365 Fortasse
363 3333 405 3364 de
427 3331 669 3372 expedicione.

1994 191 2067 231 lilii

1118 264 1156 301 in
1181 262 1550 314 AgnirriiConciliis
1576 262 1783 313 Hispaniae
1809 264 1903 299 tom.
1930 262 1966 300 2.
1987 274 2075 312 pag.

1120 326 1186 365 4-64
1224 328 1260 364 in
1286 338 1365 378 qua
1385 326 1619 375 decretum,
1652 329 1696 364 ut
1727 325 1795 375 qui
1828 325 2072 375 patrinorum

1117 389 1196 428 ritu
1219 389 1361 427 liberos
1386 400 1480 428 suos
1504 389 1553 427 de
1575 399 1687 428 sacro
1709 388 1816 426 fonte
1833 388 2072 438 suscipiunt,

1116 451 1165 489 ab
1189 452 1378 490 uxoribus
1402 455 1651 502 separentur,
1673 455 1713 488 et
1738 461 1787 488 ne
1807 454 2067 490 commatrem

1117 514 1208 562 quis
1225 523 1337 552 suam
1356 515 1395 551 in
1405 525 1569 552 uxorem
1588 514 1792 563 suscipiat.
1811 513 1936 551 Habet
1952 514 2073 552 etiam

1116 586 1165 613 ex
1188 575 1364 613 Gratiani
1380 576 1534 613 Decret.
1553 579 1708 625 quaest.
1732 575 1795 613 30.
1812 575 2004 614 Baronius
2022 575 2070 614 ad

1116 635 1278 676 Annum
1303 636 1379 676 647
1403 648 1510 675 num.
1534 638 1569 675 2.
1589 639 1745 675 Partem
1770 648 1929 687 quoque
1951 638 2074 676 refert

1115 699 1344 750 Sigebertus
1381 698 1681 737 Gemblacensis
1723 699 1758 735 in
1792 698 1988 738 Chronico
2023 701 2071 739 ad

1111 761 1275 800 Annnm
1309 761 1386 800 644-
1415 763 1588 798 testatus
1613 760 1720 799 hunc
1746 761 1891 811 Papam
1917 767 2072 812 praete-

1111 835 1176 862 rea
1200 823 1459 862 constituisse
1498 821 1715 860 secundam
1742 823 1906 860 missam
1932 824 1970 861 in
1994 825 2073 863 cle-

1110 897 1178 936 ro,
1213 885 1317 936 quod
1345 889 1385 923 et
1408 884 1648 923 Anastasius
1668 885 1706 922 in
1732 884 1820 934 ejus
1840 886 1923 924 vita
1950 897 2071 925 auno-

1109 949 1221 987 tavit.

1161 1010 1447 1050 DEUSDEDIT
1464 1041 1474 1060 ,
1501 1009 1588 1049 aliis
1608 1008 1909 1061 DEODATUS,
1935 1012 2070 1051 Cardi—

1108 1073 1209 1111 nalis
1224 1072 1452 1123 Presbyter,
1469 1074 1502 1122 a)
1521 1078 1561 1111 et
1577 1077 1848 1124 propugnator
1863 1075 1966 1112 acris
1982 1086 2071 1125 par-

1108 1135 1208 1173 tium
1245 1135 1421 1186 Gregorii
1460 1136 1542 1174 V11.
1584 1136 1786 1174 Pontificis
1805 1165 1813 1184 ,
1853 1135 2070 1176 defunctus

1106 1196 1180 1236 An.
1201 1198 1313 1236 4099.
1328 1198 1494 1250 Scripsit
1509 1196 1649 1237 Libros
1670 1201 1846 1249 quatuor
1862 1198 1909 1237 cle
1934 1198 2070 1239 Verbis

1108 1258 1402 1299 Ecclesiasticis
1419 1260 1469 1300 ad
1484 1262 1685 1301 Victorem
1703 1262 1768 1299 ΙΙΙ.
1791 1260 1968 1313 Gregorii
1986 1263 2069 1302 VIl.

1114 1321 1188 1360 An.
1212 1323 1313 1361 4086
1339 1334 1641 1372 successorem,
1666 1324 1751 1362 sive
1776 1324 2066 1376 Compendium

1113 1385 1318 1424 Canonum
1342 1386 1421 1425 MS.
1447 1387 1484 1424 in
1514 1386 1758 1426 Bibliotheca
1780 1388 1971 1427 Vaticana
1991 1418 1999 1436 ,
2020 1389 2068 1427 de.

1105 1458 1184 1497 quo
1218 1447 1418 1487 videndus
1450 1448 1634 1488 Oudinus
1658 1452 1753 1487 tom.
1781 1449 1819 1488 2.
1845 1461 1932 1501 pag.
1957 1451 2035 1490 765
2059 1483 2067 1500 ,

1107 1508 1194 1548 766.
1218 1510 1425 1549 Praeterea
1458 1510 1603 1549 librum
1639 1511 1980 1563 quadripartitum
2019 1513 2066 1552 (le

1098 1571 1324 1624 privileyiis
1340 1576 1378 1611 et
1390 1572 1627 1612 auctoritate
1640 1573 1844 1613 Ecclesiae
1860 1577 2062 1615 Romanae

1102 1639 1310 1687 statusque
1330 1634 1613 1685 Ecclesiastici,
1640 1639 1678 1674 et
1695 1635 1898 1677 adversus
1921 1650 2061 1678 rerum

1104 1697 1482 1736 Ecclesiasticarum
1505 1698 1738 1749 invasores,
1764 1699 2007 1740 Simoniacos
2027 1705 2065 1740 et

1105 1759 1385 1800 Schismaticos
1401 1791 1411 1809 ,
1449 1759 1702 1799 Guibertinos
1716 1793 1727 1811 ,
1749 1767 1794 1801 ut
1818 1767 1934 1801 vocat
1959 1764 2064 1803 Ano-

1104 1832 1252 1873 nymus
1272 1822 1510 1861 Mellicensis
1537 1834 1621 1874 cap.
1661 1824 1737 1863 143
1773 1829 1813 1863 et
1854 1825 2064 1865 Henricia-

1102 1896 1172 1924 nos
1189 1917 1199 1934 ,
1226 1885 1299 1924 hoc
1322 1889 1407 1933 est,
1432 1885 1501 1935 qui
1524 1896 1616 1924 cum
1640 1885 1844 1936 Guiberto‚
1869 1889 1955 1926 sive
1971 1889 2059 1928 Cle-

1104 1951 1237 1986 mente
1260 1944 1567 1998 lII.'Anti-Papa
1589 1979 1596 1998 ,
1624 1953 1665 1986 et
1698 1950 1865 1988 Henrico
1896 1951 1959 1988 IV.
1985 1951 2062 1989 Im-

1102 2013 1282 2061 peratore
1316 2009 1536 2060 faciebant,
1571 2010 1679 2049 unde
1712 2011 2003 2063 Wiyhertinam
2027 2017 2065 2051 et

1103 2070 1393 2110 Henricianam
1413 2070 1600 2111 haeresin
1619 2072 1752 2125 jungit
1777 2075 2061 2125 Urspergensis

1102 2144 1188 2184 pag.
1226 2133 1316 2172 247.
1341 2135 1483 2173 Mirum
1508 2139 1570 2173 est
1596 2135 1659 2174 his
1682 2136 1793 2174 libris
1827 2136 1958 2175 locum
1993 2136 2060 2175 da-

1102 2200 1189 2234 tum
1211 2207 1287 2234 non
1314 2207 1404 2235 esse
1429 2198 1469 2234 in
1494 2197 1739 2237 Bibliotheca
1766 2199 1940 2238 maxima
1965 2200 2062 2237 Pon-

1102 2257 1220 2297 tificia
1243 2259 1409 2297 Joannis
1433 2258 1610 2298 Thomae
1643 2260 1863 2299 Rocaberti.

1154 2322 1471 2370 DEUSDEDIT,
1498 2323 1687 2361 Frithona
1711 2323 1760 2362 de
1794 2329 1913 2375 gente
1950 2323 2062 2363 Occi-

1101 2383 1319 2423 dentalium
1331 2385 1536 2424 Saxonum
1551 2417 1559 2435 ,
1577 2390 1719 2425 sextus
1732 2387 2061 2437 Dorovernensis,

1102 2447 1187 2484 sive
1207 2446 1518 2487 Cantuariensis
1534 2448 1762 2499 Episcopus
1779 2449 1828 2487 ab
1845 2448 1919 2487 An.
1941 2449 2061 2487 CHri-

1103 2509 1154 2546 sti
1175 2509 1252 2547 655
1275 2509 1323 2548 ad
1349 2509 1426 2548 661ι
1451 2509 1500 2548 de
1524 2522 1603 2560 quo
1626 2510 1733 2549 Beda
1757 2511 1809 2548 III
1826 2540 1835 2556 ‚
1860 2511 1908 2549 20
1932 2515 1972 2548 et
1996 2512 2059 2559 IV,

1103 2572 1136 2609 4.
1162 2570 1254 2609 hist.
1278 2569 1520 2622 Anglorum,
1548 2571 1618 2610 sed
1649 2573 1758 2611 nulla
1791 2571 1879 2622 ejus
1912 2573 2059 2622 scripta

1102 2644 1341 2672 memorans.
1358 2633 1443 2679 Quo
1457 2639 1619 2673 auctore
1637 2635 1754 2685 igitur
1771 2634 1946 2684 Cangius
1966 2646 2058 2673 eum

1103 2696 1206 2733 inter
1230 2696 1446 2746 scriptores
1468 2696 1638 2745 referat,
1662 2695 1832 2734 necdum
1857 2699 2043 2747 comperi.

1155 2758 1364 2797 DEXTER
1388 2759 1542 2796 Paeiani
1563 2787 1571 2805 ,
1596 2758 1825 2797 Barcilonae
1847 2759 1884 2796 in
1920 2759 2058 2811 Hispa-

1101 2821 1163 2858 nia
1180 2820 1383 2871 Episcopi,
1402 2820 1507 2859 tilius
1524 2850 1533 2868 ,
1553 2822 1783 2860 Praefectus
1801 2822 1999 2861 Praetorio
2020 2824 2055 2871 b)

1100 2883 1175 2922 sub
1200 2883 1441 2933 Imperatore
1466 2884 1646 2921 Honorio.
1667 2882 1796 2933 Hujus
1812 2885 1948 2922 Dextri
1968 2884 2058 2923 hor-

1099 2949 1186 2984 tatu
1210 2945 1393 2995 scripsit,
1419 2945 1535 2995 eique
1559 2945 1632 2984 An.
1666 2946 1742 2985 392
1778 2945 1978 2985 dedicavit
2016 2948 2055 2986 S.

1101 3007 1365 3057 Hieronymus
1389 3007 1621 3058 Catalogum
1638 3007 1686 3046 de
1702 3008 1964 3059 scriptoribus
1980 3009 2055 3048 Ec-

1101 3069 1346 3118 clesiasticis,
1369 3067 1487 3118 cujus
1511 3071 1638 3120 capito
1661 3070 1736 3109 432
1757 3068 1845 3119 ejus
1870 3071 2054 3110 meminit

1156 3173 1189 3212 a)
1209 3172 1288 3205 vide
1305 3177 1419 3204 notata
1439 3174 1472 3203 in
1490 3173 1716 3206 Bibliothecae
1735 3175 1878 3206 Graecae
1896 3179 1975 3206 tom.
1994 3177 2033 3206 ΧΙ
2049 3201 2058 3213 ,

1102 3233 1175 3264 pag.
1192 3223 1244 3255 94.
1262 3232 1331 3262 seq.
1729 3245 1733 3249 .

1158 3272 1191 3311 a)
1208 3274 1341 3303 Hieron.
1363 3272 1516 3312 apologia
1528 3272 1559 3303 ἐξ.
1577 3273 1609 3302 in
1627 3273 1733 3304 nunu.
1750 3277 1781 3305 et
1800 3276 1943 3306 Graecus
1960 3277 2058 3308 inter-

1100 3332 1172 3362 pres
1189 3323 1351 3363 Epistulae
1371 3322 1528 3362 catalogo
1547 3323 1735 3361 Hieronymi
1758 3325 1969 3363 praemissae-

1709 3394 1755 3429 fiij
