2500 4009
382 234 463 273 252

384 299 625 339 Prdcticam:
662 299 700 331 et
735 291 780 328 de
805 273 1342 337 Proper-tionibus‘velocita-

385 368 492 401 tum:
517 357 691 398 Yenetiis
718 351 830 390 4505.
856 347 1045 395 additque
1064 344 1140 383 alia
1159 372 1167 392 ,
1188 353 1291 392 quae
1320 354 1342 381 a

388 422 555 462 Lelando
575 428 657 465 cap.
680 412 754 450 347
775 410 1016 447 omittuntur
1033 435 1042 453 ,
1065 405 1122 443 De
1137 402 1341 443 velocitate

384 488 566 521 motuum.
587 469 895 516 Commentarios
917 467 957 505 in
976 467 1035 505 IV
1051 465 1173 505 libros
1189 468 1342 505 senten-

385 535 548 581 tiarum,
572 539 776 575 Summam
803 528 1057 579 Theoloqiae‚
1081 539 1152 579 pro
1167 538 1247 578 qua
1263 528 1341 566 Pit-

385 613 475 641 seus
521 598 637 636 habet
678 596 885 634 Summam.
922 590 1211 639 Scientiarum,
1248 600 1341 628 cum

384 667 522 701 neuter
546 659 632 696 illas
655 657 840 694 videatur
855 664 1072 704 usurpasse
1091 652 1232 690 oculis:
1255 655 1342 689 tum

383 722 534 762 Placita
561 718 806 769 Theoloqica,
830 716 877 755 de
897 717 1046 756 Sancta
1079 713 1277 762 Trinitate‚
1298 711 1345 750 de

375 783 557 836 praem-io
581 779 894 827 salvandorum,
933 777 979 816 de
1011 774 1283 828 praescientia
1311 777 1349 812 et

376 842 759 898 praedestinatione,
797 846 838 880 et
861 841 1070 880 Sermones
1088 849 1165 889 per
1187 848 1350 876 annum.

380 909 413 947 A
438 908 568 946 Pitseo
591 917 678 956 pag.
706 905 773 942 474
811 904 931 941 etiam
974 899 1206 950 adjungitur
1237 898 1351 936 Liber

385 968 432 1006 de
455 966 712 1019 quadratura
738 963 904 1005 Circuli.

436 1031 457 1054 *
473 1032 555 1070 Nov
563 1040 629 1068 um
645 1033 685 1067 et
702 1029 881 1078 ignotum
899 1024 1103 1076 scriptoris
1119 1023 1239 1062 huius
1255 1033 1350 1072 opu-

385 1093 541 1132 sculum
567 1094 701 1129 servat
723 1089 800 1128 MS.
826 1088 920 1128 Cod.
942 1086 1127 1126 Coenobii
1151 1086 1189 1124 S.
1207 1085 1349 1124 Mariae

386 1155 435 1194 ad
471 1155 609 1193 Scotos
639 1153 814 1191 Viennae
849 1149 942 1189 Ord.
975 1150 1013 1187 S.
1043 1147 1259 1187 Benedicti.
1289 1147 1351 1184 In—

384 1217 571 1255 scribitur
604 1212 876 1253 Meditationes
917 1208 1178 1249 Bravarclini.
1209 1209 1351 1259 Incipit

388 1280 420 1316 Ο
438 1289 604 1329 maynae
628 1280 667 1315 et
684 1273 898 1313 mirabilis.

439 1341 521 1379 Non
546 1339 616 1378 abs
639 1350 681 1377 re
705 1338 768 1376 hic
793 1338 946 1387 integra
970 1336 1205 1374 recitaretur
1229 1333 1349 1372 adno-

383 1404 478 1440 tatio
495 1401 690 1452 quacdam
708 1430 716 1449 ‚
734 1411 835 1450 quae
861 1399 1005 1449 legitur
1020 1408 1169 1436 excusa
1188 1398 1226 1434 in
1242 1398 1349 1436 calce

385 1475 520 1515 opusc.
539 1463 723 1514 Epitoma
732 1460 1035 1514 proportionum
1049 1458 1205 1500 Alberti
1215 1458 1262 1498 de
1277 1461 1350 1499 Sa-

384 1526 512 1565 oeonia
534 1538 604 1577 per
619 1527 660 1564 F.
678 1525 874 1564 Isidorum
892 1523 1071 1561 Insulam
1086 1522 1350 1561 Mediolanen-

386 1599 470 1626 sem
496 1588 560 1637 (de
584 1599 661 1639 quo
685 1591 855 1635 utroque
896 1585 1087 1634 scriptore
1111 1588 1152 1622 ct
1175 1583 1224 1621 de
1253 1594 1350 1633 opu-

388 1650 498 1688 sculo
515 1652 590 1688 isto
607 1649 696 1687 vide
712 1659 784 1687 suo
801 1647 910 1694 loco).
923 1644 1199 1695 QuiAlbertus
1214 1657 1240 1683 a
1260 1644 1352 1683 Tho-

384 1722 451 1748 ma
466 1709 698 1749 Berduardi
711 1709 928 1760 eoecz'piens.
945 1713 1020 1746 etc.
1034 1709 1148 1746 Hunc
1167 1706 1350 1745 Thomam

385 1772 759 1811 vocatRaimundus
775 1771 842 1810 sui
853 1769 956 1809 sethi
976 1768 1196 1808 calculator
1211 1768 1250 1807 in
1266 1772 1351 1806 tra-

383 1838 494 1872 ctatu
512 1835 645 1885 primo
669 1833 715 1871 de
738 1832 953 1871 intensione
973 1834 1010 1869 et
1035 1830 1266 1869 remissione
1286 1842 1351 1870 ve-

381 1895 520 1934 nerab.
550 1895 790 1947 Mayistrum
817 1893 942 1932 Tliom.
968 1893 1015 1932 de
1037 1892 1346 1942 Berduardino‚·

383 1958 497 1996 cuius
520 1957 626 1996 dicta
647 1960 866 1997 veneratur
894 1960 933 1994 et
953 1955 1105 2006 recipit.

435 2019 632 2059 Jolzannes
652 2019 879 2069 BRAIN'DO,
901 2018 1119 2057 Monachus
1146 2018 1347 2057 Dunensis

381 2084 420 2119 in
436 2082 633 2131 Flandria,
650 2082 810 2121 Ordinis
823 2080 1114 2129 Cistcrciensis⁷
1130 2078 1345 2118 defunctus

380 2142 454 2181 An.
483 2144 584 2181 4428
609 2144 777 2193 scriptor
794 2140 1095 2189 Clzromdromi,
1119 2142 1205 2178 sive
1222 2141 1345 2180 Chro-

382 2205 458 2241 nici
482 2215 527 2242 ac
550 2215 695 2243 cursus
715 2208 939 2254 temporum
963 2202 1012 2240 ab
1035 2198 1169 2241 rerum
1185 2203 1344 2252 Origine

381 2265 430 2304 ad
454 2266 617 2304 Annum
641 2265 788 2304 Christi
816 2265 928 2303 4444.
953 2265 1050 2303 MSti
1074 2263 1204 2303 adhuc
1224 2265 1262 2301 in
1280 2275 1347 2303 va—

380 2328 449 2365 riis
468 2327 589 2377 Belgii
614 2328 725 2375 locis,
749 2327 841 2365 vide
865 2327 1051 2366 Carolum
1077 2327 1125 2365 de
1159 2326 1279 2365 Visch
1308 2338 1345 2377 p.

387 2389 457 2428 176
473 2389 738 2427 Bibliothecae
756 2389 1047 2435 Cisterciensis,
1063 2389 1128 2427 vel
1143 2388 1346 2427 Oudinum

380 2456 488 2488 tomo
506 2451 559 2488 111
583 2461 670 2501 pag.
695 2451 813 2489 2304.
834 2451 932 2498 Hoc,
953 2450 1002 2488 ab
1025 2449 1141 2488 Anno
1171 2451 1273 2490 4444
1298 2450 1345 2488 ad

382 2513 478 2551 4434
526 2513 777 2550 continuavit
804 2511 1255 2551 BARTHOLOMAEUS
1297 2522 1347 2551 DE

384 2573 568 2622 BECKA,
586 2579 705 2624 atque
726 2574 775 2612 ab
788 2571 904 2612 Anno
922 2574 1016 2613 4434
1041 2573 1089 2612 ad
1107 2575 1221 2613 4463.
1237 2573 1350 2625 AEqi-

382 2634 471 2674 dius
491 2635 537 2674 de
558 2638 692 2687 Roya,
717 2637 783 2686 qui
805 2646 904 2686 opus
928 2635 1002 2673 hoc
1025 2635 1074 2674 ab
1097 2635 1212 2674 Anno
1244 2638 1346 2676 4292

383 2699 501 2735 etiam
527 2699 564 2736 in
589 2698 869 2748 compendium
895 2699 1022 2746 misit,
1047 2702 1092 2736 ut
1112 2698 1191 2736 dixi
1223 2709 1343 2749 supra

385 2769 469 2808 pag.
496 2760 558 2797 23.
585 2759 701 2808 idque
726 2759 1007 2809 compondium
1045 2770 1138 2797 cum
1175 2758 1349 2797 Adriani

385 2818 429 2856 de
452 2820 556 2857 Bndt
573 2822 869 2859 continuatione
889 2821 938 2859 ad
954 2820 1116 2859 Annum
1135 2821 1236 2860 4480
1258 2833 1345 2872 pro-

386 2879 451 2917 dii:
479 2882 725 2919 Francofurti
760 2883 858 2919 4620
899 2883 963 2920 fol.
1000 2884 1039 2920 in
1083 2887 1190 2921 tomo
1220 2885 1343 2933 primo

386 2940 597 2981 Annalium
621 2954 754 2981 rerum
775 2945 1034 2993 Belgicarum.
1064 2946 1194 2984 Etiam
1225 2946 1347 2984 Chro-

389 3003 499 3039 nicon
525 3003 644 3053 liujus
665 3004 882 3043 Brandonis
916 3006 967 3043 de
993 3007 1113 3056 yestis
1144 3006 1346 3045 Praelato-

387 3072 478 3099 rnm
502 3065 734 3102 ,ilonnscerii
751 3066 948 3105 Dunensis
969 3069 1034 3107 MS
1065 3070 1104 3106 in
1134 3069 1346 3108 Bibliothe—

391 3123 446 3159 cis
473 3127 601 3171 litigii.

442 3184 626 3225 Aurelius
644 3188 1265 3242 BRANDOLINUSFlorentinus,
1277 3193 1347 3244 lip-

394 3247 562 3290 ltus,51·d
583 3251 646 3296 <pii
666 3250 801 3288 multis
824 3252 913 3290 visu
930 3253 1170 3302 pollentibus
1191 3257 1347 3294 acutius

394 3302 490 3338 vidit
519 3306 683 3355 ‘³¹“.‘—1²¹s¹ti
715 3312 892 3361 ingenio,
917 3314 1130 3356 defunctus
1154 3316 1198 3357 Α.
1228 3316 1340 3357 4497.

1226 213 1528 252 BRANDO

1416 281 1585 332 Scripsit
1604 280 1724 320 libros
1744 280 1846 320 duos
1856 278 2168 331 paradoaeorum
2190 277 2387 320 Cho-istm-

1415 353 1559 380 norum
1576 342 1626 381 ad
1640 342 1846 382 Matthiam
1863 343 2099 392 Corvinum,
2120 343 2266 394 Regem
2277 343 2387 382 Hun-

1415 405 1562 455 gariae‚
1584 404 1761 444 Basileae
1783 404 1886 443 4498
1907 405 2056 442 Romae
2080 405 2176 444 4534
2204 404 2382 443 Basileae

1416 468 1520 507 4543
1545 471 1585 505 et
1608 466 1794 506 Coloniae
1812 465 1926 505 4573.
1953 466 2160 517 Dialogum
2175 464 2222 505 de
2246 465 2386 506 huma-

1413 541 1490 568 nae
1512 528 1618 568 vitae
1640 527 1858 567 conditione
1880 531 1918 567 et
1951 526 2160 566 toleranda
2197 528 2383 581 corporis

1416 589 1665 641 aeyritudine
1689 589 1739 629 ad
1763 589 1937 629 eundem
1954 589 2161 629 Matthiam
2179 618 2188 639 ‚
2207 591 2386 629 Basileae

1418 653 1535 700 4498,
1554 653 1731 691 Viennae
1757 652 1852 691 4544
1882 656 1923 691 et
1946 651 2124 690 Basileae
2147 652 2249 690 4543
2274 652 2310 689 8.
2330 651 2387 689 De

1416 713 1571 752 ratione
1586 712 1789 752 scribendi
1801 712 2016 764 Epistolas,
2033 713 2154 751 libros
2169 713 2221 751 111
2242 712 2385 752 ibidem

1423 775 1525 814 4498
1543 775 1659 814 4549.
1677 774 1862 813 Coloniae
1875 776 1889 814 4
1901 774 1990 814 573.
2008 778 2049 814 et
2059 773 2332 814 Romaei735.
2348 773 2385 813 8.

1422 838 1631 876 Praeterea
1646 836 1777 875 Julius
1786 837 1902 886 Niger
1918 847 2006 887 pag.
2022 835 2071 875 74
2082 837 2277 876 Historiae
2285 837 2390 876 Scri-

1423 903 1582 950 ptorum
1599 898 1919 937 Florentinorum
1945 902 2141 937 memorat
2167 897 2256 948 ejus
2288 898 2390 938 Ora-

1425 960 1546 998 tiones
1562 964 1603 998 et-
1619 958 1814 1000 Carmina
1834 961 1872 998 in
1888 959 2049 998 laudem
2064 957 2227 998 Antonii
2234 961 2390 1012 Squar-

1422 1021 1573 1074 cialupi
1592 1026 1632 1060 et
1661 1020 1867 1071 Baptistae
1897 1019 2103 1059 Plotinae:
2132 1021 2382 1072 Opusculum

1424 1083 1472 1122 de
1497 1083 1716 1122 virtutibus
1744 1094 1767 1122 a
1795 1083 1965 1122 Domino
1993 1082 2116 1122 JESU
2141 1083 2179 1121 in
2204 1083 2391 1134 passione

1424 1147 1615 1185 ostensis:
1632 1147 1696 1196 (45
1712 1145 1876 1184 Editum
1889 1146 2050 1196 (Romae
2067 1144 2206 1194 Silber)
2225 1145 2391 1184 Sec.XV

1424 1208 1539 1248 {hiem
1552 1207 1811 1257 596‚8.1bid.⁴
1824 1206 1913 1256 767,
1928 1208 1952 1245 8
1965 1218 2058 1246 cum
2072 1206 2158 1246 Ital.
2173 1205 2389 1258 vers.Auy.

1423 1271 1611 1311 Mariotti.
1633 1271 1768 1310 Italice
1792 1271 1913 1310 etiam
1932 1281 1955 1309 a
1976 1268 2082 1308 Lion.
2109 1268 2274 1309 Cernoti
2300 1269 2389 1310 Ven.

1425 1335 1540 1383 4596,
1552 1334 1599 1384 4.)
1617 1333 1777 1372 Librum
1794 1332 1844 1371 de
1861 1333 2054 1383 Legibus:
2072 1332 2391 1378 Commentarios

1424 1397 1463 1433 in
1481 1396 1589 1434 Pauli
1605 1396 1805 1447 Epistolas
1823 1408 1831 1433 2
1857 1399 1898 1434 et
1919 1395 2078 1434 Novum
2102 1405 2148 1433 ac
2168 1394 2297 1433 Vetus
2318 1394 2391 1433 Te—

1424 1462 1692 1507 stamentum,
1709 1459 1795 1496 sive
1818 1457 2011 1496 Historias
2029 1486 2038 1508 ,
2055 1456 2296 1496 Sanctorum
2319 1456 2396 1497 Ve-

1424 1520 1521 1557 teris
1545 1524 1585 1558 et
1613 1521 1713 1559 Novi
1737 1521 1988 1560 Testamenti
2015 1519 2184 1558 heroicis
2207 1519 2394 1559 versibus

1423 1581 1654 1632 explicatas.
1676 1582 1774 1622 Vide
1797 1582 1968 1621 diarium
1991 1581 2102 1621 erud.
2127 1581 2263 1621 Italiae
2286 1585 2314 1620 t.
2340 1582 2390 1622 20

1423 1656 1458 1695 p.
1481 1645 1567 1683 450.

1478 1706 1498 1728 '⁸‘
1521 1707 1662 1757 Nemo,
1680 1718 1801 1757 quem
1817 1707 1967 1756 norim,
1993 1707 2098 1745 inter
2120 1707 2248 1758 Opera
2269 1707 2393 1745 Bran-

1424 1767 1545 1806 dolini
1576 1769 1697 1808 huius
1735 1771 1937 1808 recensuit
1971 1768 2169 1816 libellum,
2199 1779 2322 1819 quem
2351 1769 2390 1806 in

1422 1831 1489 1868 MS
1516 1830 1611 1870 Cod.
1632 1835 1768 1869 servat
1784 1830 1965 1870 Biblioth.
1983 1830 2214 1871 Canonicor.
2235 1830 2391 1868 Maioris

1420 1892 1623 1931 Ecclesiae
1640 1894 1822 1931 Lucanae
1839 1892 1912 1931 hoc
1931 1893 1992 1930 tit.
2009 1892 2261 1943 inscriptum.
2275 1890 2394 1942 Lippi

1420 1953 1657 1993 Brandolini
1678 1953 1852 1993 libellum
1876 1953 1923 1993 de
1943 1951 2148 1993 Laudibus
2161 1953 2340 1994 Musicae
2355 1957 2393 1992 et

1422 2016 1534 2054 Petri
1552 2016 1654 2055 Boni
1690 2015 1989 2065 Ferrarz'ensis,
2027 2017 2096 2067 qui
2133 2020 2273 2055 cantor
2300 2021 2386 2055 erat

1419 2077 1574 2117 illorum
1598 2083 1823 2130 temporum
1847 2079 2015 2118 celebris
2037 2077 2286 2118 Ferdinando
2319 2089 2385 2117 ca—

1419 2150 1500 2177 rus.
1525 2141 1650 2179 Datur
1673 2142 1809 2179 statim
1837 2141 2027 2192 praefatio
2050 2140 2181 2181 soluta
2208 2141 2384 2179 oratione

1420 2202 1568 2251 scripta
1582 2202 1630 2240 ad
1648 2202 1834 2241 eumdem
1850 2204 2011 2253 Regem.
2026 2203 2187 2254 Incipit:
2210 2202 2387 2243 Contem-

1415 2261 1547 2314 planti
1562 2263 1661 2302 milii
1680 2263 1959 2316 superioribus
1978 2261 2129 2304 diebus.
2161 2265 2265 2304 Tum
2295 2275 2386 2303 suc-

1421 2325 1526 2363 cedit
1549 2326 1596 2365 ad
1623 2328 1783 2366 Petrum
1812 2329 1968 2371 Bonum
1995 2327 2145 2378 elegia,
2167 2327 2284 2365 cuius
2313 2325 2386 2364 hoc

1424 2389 1638 2438 specimen.

1479 2476 1570 2507 Inter
1592 2477 1765 2510 PierIdum
1791 2482 1883 2511 vates
1901 2478 2087 2511 clarissime
2107 2477 2266 2524 alumnus

1521 2528 1622 2558 Unica
1646 2527 1701 2559 lux
1726 2529 1852 2560 Phoebi
1879 2529 1984 2568 gloria
2009 2536 2140 2560 summa
2166 2527 2256 2567 lyrae

1476 2578 1598 2616 Accipe
1621 2586 1723 2617 parva
1745 2579 1881 2618 quidem
1904 2579 2041 2618 Tyrreni
2069 2585 2209 2609 munera
2233 2579 2326 2618 Lippi
2345 2591 2354 2616 ς

1474 2620 1477 2625 ”
1517 2625 1576 2656 Sed
1601 2627 1660 2657 libi
1685 2636 1770 2667 quae
1795 2636 1971 2668 procerum
1996 2635 2093 2658 nemo
2115 2625 2245 2658 dedisse
2271 2630 2373 2667 queat

1477 2674 1538 2704 Sed
1565 2678 1644 2715 quia
1670 2685 1760 2708 nune
1784 2678 1916 2716 agimus
1940 2675 2100 2709 Fen-randi
2128 2683 2266 2707 munere
2288 2678 2393 2708 vitam

1517 2727 1604 2757 Ilaec
1628 2726 1689 2757 tibi
1713 2726 1920 2758 Ferrandum
1944 2729 2077 2758 mittere
2100 2725 2188 2757 dona
2215 2730 2308 2766 puta.

1417 2792 1514 2830 Dein
1537 2794 1743 2833 exordium
1769 2796 1899 2846 operis
1919 2794 2038 2833 istud.

1454 2881 1645 2914 nucadesad
1657 2886 1786 2914 nostros
1803 2882 2040 2922 citharamque
2053 2887 2086 2915 et
2100 2883 2247 2914 carmina
2261 2885 2391 2915 cantus.

1517 2932 1604 2962 All'cr
1628 2932 1669 2962 ab
1695 2932 1879 2972 imparibus
1904 2935 1998 2964 vecta
2024 2931 2130 2971 elegia
2155 2931 2273 2962 modis.

1418 3008 1672 3046 l‘racteriisso
1692 3009 1843 3058 pigeret
1862 3006 2144 3046 Brandolinum
2165 3005 2271 3044 hunc
2290 3006 2387 3046 Ere-

1421 3070 1609 3108 mitarum
1657 3070 1696 3108 S.
1742 3069 1958 3118 Augustini
2004 3069 2133 3106 coetui
2184 3066 2384 3108 adlectum

1422 3131 1557 3170 fuisse.

1473 3194 1570 3231 Eius
1601 3192 1728 3231 oratio
1751 3203 1826 3244 pro
1854 3193 1894 3231 S.
1924 3189 2068 3229 Thoma
2092 3189 2290 3241 Aquinate
2320 3191 2389 3232 ha-

1418 3253 1498 3292 bita
1523 3255 1667 3292 Romae
1693 3257 1729 3292 in
1755 3253 1918 3303 Templo
1954 3253 1995 3291 S.
2027 3253 2075 3291 M.
2105 3253 2304 3292 Minervae
2332 3253 2382 3292 ad

1418 3314 1651 3358 Cardinales
1675 3320 1714 3354 et
1740 3315 1956 3366 populum,
1980 3318 2020 3353 et
2044 3313 2172 3354 dicata
2210 3313 2382 3355 Oliverio
