2500 3841
912 236 1263 275 FORTENA

83 303 209 341 nister
235 301 472 350 Generalis,
500 304 724 342 Patriarcha
753 305 974 344 Gradensis
1008 312 1048 344 et

81 361 360 402 Cardinalitiae
376 361 584 412 dignitatis
602 363 851 403 Candidatus
871 365 966 403 obiit
981 368 1050 404 Pa—

80 425 178 462 tavii
218 422 293 462 An.
325 423 441 462 1361.
477 425 576 474 Ejus
621 427 772 477 scripta
816 426 974 466 laudata
1023 438 1046 466 a

22 486 39 498 ‘⁷
80 483 306 534 Waddingo
334 496 421 535 pag.
454 487 672 537 llO,-seq.
703 492 863 538 praeter
886 490 1048 527 Sermo-

80 557 172 596 nes,
201 550 242 585 et
264 546 463 586 Lectiones
505 547 780 600 Theoloqicas,
811 561 856 588 ac
886 548 1046 598 Quodli-

83 606 209 647 betica
232 607 457 660 disputata,
475 615 571 648 sunt
595 611 882 649 Commentarii
904 612 947 650 in
969 622 1050 649 om-

80 681 150 709 nes
167 668 253 722 fere
276 681 489 709 sacrorum
515 669 737 710 Biblae'orum
763 671 912 720 libros,
937 677 978 710 et
1010 673 1047 710 in

79 731 230 782 aliquot
259 732 379 771 libros
408 733 449 771 S.
472 733 688 783 Auqustint'
724 735 960 784 praesertim
1004 733 1049 771 li-

81 792 174 834 bros
196 794 308 833 XXII
326 794 373 834 de
398 795 568 835 Civitate
603 795 708 833 DEI.
732 796 767 833 id
813 797 920 834 enim
950 799 1046 846 puto

77 857 215 895 verius
240 864 365 908 quam
395 857 502 908 quod
525 856 630 908 apud
656 857 928 909 Waddingum
959 862 1046 911 est,

82 917 232 958 librum
253 919 373 958 XXII.

126 980 487 1021 SulcoFORTENA
516 986 558 1020 et
594 983 732 1021 Hanco
764 981 1001 1022 FORTENA
1035 1013 1042 1032 ,

79 1043 220 1092 Frisii,
251 1044 322 1093 qui
346 1044 594 1094 temporibus
634 1044 764 1082 Caroli
788 1045 917 1094 Magni
948 1046 1045 1083 scri-

79 1104 211 1155 psisse
239 1104 480 1153 traduntur3
512 1105 578 1143 ille
616 1105 780 1155 quidem
811 1105 1044 1156 Principum

76 1167 303 1218 Reyumque
330 1165 491 1205 Frz‘sz'ae
517 1165 788 1217 yenealoyz'am
819 1171 856 1205 et
883 1178 950 1205 res
976 1178 1043 1218 qe-

78 1231 165 1276 tas‚
191 1227 254 1279 hic
271 1257 280 1275 ,
311 1226 585 1278 expeditiones
609 1239 635 1265 α
659 1239 700 1266 se
724 1232 929 1280 susceptas
964 1227 1039 1266 sub

77 1289 324 1342 Imperatore
368 1289 550 1335 Graeco,
580 1291 682 1340 Reqe
722 1290 879 1329 Scotc'ae
908 1290 1043 1341 Anylz'-

76 1363 201 1403 aeque
229 1354 266 1390 el
294 1350 439 1391 Carolo
470 1353 638 1402 Μαφιο,
664 1364 714 1390 ex
739 1354 822 1391 solo
848 1354 931 1391 noti
952 1353 1043 1392 Sus-

77 1413 176 1452 srido
203 1413 308 1452 Petri
348 1413 493 1451 Decad.
537 1414 582 1453 V.
627 1425 712 1464 cap.
758 1415 793 1452 9.
825 1419 865 1452 et
895 1414 1039 1453 Decad.

73 1477 138 1516 VI.
166 1486 250 1526 cap.
275 1475 312 1514 6.
344 1485 422 1513 non
464 1476 697 1514 certissimo
724 1477 763 1513 in
796 1476 943 1515 talibus
973 1488 1043 1515 au-

75 1542 196 1577 ctore.
218 1537 317 1577 Vide
340 1538 527 1577 Vossium
549 1549 637 1588 pag.
661 1538 751 1577 299.

126 1599 573 1646 FORTUNATIANUS,
603 1601 642 1638 in
687 1601 845 1638 Honorii
890 1600 1042 1640 Codici-

73 1662 150 1701 bus
169 1661 236 1700 lib.
256 1664 291 1702 1.
312 1673 400 1713 cap.
419 1662 470 1700 98
504 1662 649 1700 vitiose
671 1661 1038 1710 FORTUNATffls',

72 1727 232 1763 natione
255 1723 371 1772 Afer,
401 1722 674 1774 Aquilejensis
697 1724 947 1774 Episcopus,
982 1726 1041 1762 in·

71 1787 211 1826 terfuit
239 1786 417 1827 Concilio
437 1785 668 1824 Sardicensi
694 1785 770 1824 An.
795 1786 887 1824 347.
913 1790 953 1824 et
981 1790 1039 1824 te-

73 1853 136 1888 ste
157 1850 399 1899 Hieronymo
422 1858 508 1898 cap.
534 1846 596 1885 97.
638 1848 799 1898 scripsit
832 1847 1038 1887 Commen-

73 1911 200 1951 tarios
228 1911 269 1949 i‘n
301 1908 550 1960 Evanyelia,
583 1908 710 1948 titulis
736 1911 805 1959 (ut
829 1909 934 1960 apud
973 1911 1038 1948 Hi—

71 1973 214 2012 larium
238 1973 315 2021 sit)
347 1971 571 2022 ordinatis,
598 1969 789 2023 brevique
820 1975 859 2010 et
884 1972 1036 2011 rustico

52 2047 263 2075 sermone.
286 2036 343 2074 De
363 2035 513 2073 rustico
534 2045 719 2072 sermone
738 2035 877 2072 Latino
902 2035 1038 2085 singu-

12 2099 32 2122 ·“
73 2098 197 2137 larem
221 2109 265 2136 se
293 2097 472 2136 libellum
496 2096 751 2134 conscribere
780 2097 1036 2146 proposuisse

73 2163 247 2199 testatus
269 2163 345 2198 est.
360 2159 404 2198 V.
426 2159 468 2199 C.
487 2157 742 2197 Christianus
761 2158 966 2196 Falsterus
987 2158 1036 2196 ad

73 2222 188 2261 Gellii
215 2222 322 2276 ΧΙῌ.
352 2222 388 2260 6.
419 2225 534 2272 parte
560 2219 596 2258 3.
617 2218 919 2259 Amoenitatum
950 2220 1038 2258 Phi-

71 2285 329 2336 lologicarum
352 2295 439 2335 pag.
452 2283 543 2323 286.
565 2284 623 2322 De
638 2283 925 2321 Fortunatiano
950 2281 1036 2330 hoc,

73 2348 143 2398 qui
165 2347 215 2386 ad
230 2345 398 2386 Arianos
416 2345 592 2396 denique
609 2344 772 2384 deflexit
786 2375 797 2392 ‚
820 2345 934 2395 plura
959 2345 1037 2383 Til-

10 2438 13 2442 v
73 2409 290 2448 lemontius
313 2412 329 2446 t
364 2409 414 2448 VI
431 2408 713 2447 memoriarum
736 2418 821 2457 pag.
846 2407 1034 2445 364-419.

129 2470 282 2510 Curius
317 2468 740 2509 FORTUNATIANUS
778 2467 954 2515 Rhetor,
983 2467 1035 2506 de

73 2545 150 2585 quo
173 2544 291 2584 supra
318 2536 411 2571 tom.
439 2533 453 2571 1
482 2563 490 2580 ,
514 2543 601 2582 pag.
638 2531 728 2569 405.
761 2529 859 2568 Vide
901 2530 957 2566 sis
995 2534 1035 2566 et

76 2595 177 2634 infra
197 2626 206 2645 ,
229 2592 591 2634 PORTUNIANUS.

130 2656 344 2697 Venantius
364 2655 567 2696 Honorius
597 2654 891 2695 Clementianus
921 2654 946 2690 F
951 2653 1035 2691 OR-

75 2719 328 2768 TUNATUS,
353 2719 505 2768 Italus,
530 2718 746 2767 Presbyter
770 2721 810 2754 et
836 2717 874 2752 in
905 2715 1033 2753 Gallia

72 2783 294 2834 Episcopus
314 2783 592 2829 pictaviensis,
610 2780 826 2819 celebravit
852 2778 1033 2815 carmine

77 2844 250 2895 elegiaco
274 2845 435 2895 nuptias
460 2842 654 2894 sigeberti
680 2842 796 2890 Regis
820 2844 860 2877 et
886 2841 1035 2877 Brunc-

76 2906 230 2945 childae
252 2905 327 2946 An.
353 2907 442 2946 565.
482 2906 546 2945 lib.
573 2906 638 2943 Vl.
677 2903 852 2942 carmine
874 2902 910 2939 2.
936 2901 1033 2940 Car-

76 2979 168 3007 men
189 2968 295 3018 quod
318 2968 367 3007 ad
391 2967 658 3018 Chilpericum
684 2966 831 3013 Regem
853 2967 1031 3012 tempore

0 3047 4 3054 2
77 3030 226 3081 Synodi
245 3031 525 3069 Brinnacensis
546 3028 620 3066 An.
647 3027 734 3065 581.
754 3025 911 3063 habitae
937 3025 1033 3062 scri-

75 3093 180 3142 psit,
202 3093 240 3130 in
265 3092 362 3131 libro
379 3103 481 3130 nono
500 3091 672 3140 primum
691 3087 822 3125 locum
849 3090 1028 3135 occupat.

75 3154 158 3192 Non
183 3157 276 3193 ante
304 3152 465 3193 Annum
488 3151 577 3189 600.
602 3149 722 3187 rebus
747 3147 935 3186 humanis
961 3157 1029 3184 va-

78 3213 227 3254 ledixit.
248 3216 378 3254 Vitam
403 3212 491 3263 ejus
515 3212 674 3262 scriptis
695 3209 900 3260 praemisit
917 3208 1029 3246 Chri-

79 3276 210 3327 stoph.
230 3277 464 3323 Browcrus,
484 3274 521 3312 S.
548 3274 580 3310 J.
606 3272 671 3322 qui
689 3272 873 3310 Carmina
893 3271 1028 3307 Fortu-

80 3338 159 3376 nati
184 3342 224 3377 et
243 3338 317 3377 alia
332 3336 548 3388 opuscula,
573 3344 673 3384 quae
690 3333 818 3383 potuit
842 3331 1028 3381 reperire,

2003 241 2081 280 585

1122 319 1214 346 cum
1231 308 1335 345 notis
1360 308 1504 354 sacris,
1523 308 1722 346 historicis
1742 313 1783 347 et
1797 310 2081 361 Geographicis

1124 370 1303 420 vulgavit
1327 370 1551 419 Moguntiae
1578 370 1693 408 1603.
1724 374 1764 407 et
1790 371 1904 410 1616.
1931 372 1965 410 4.
1992 373 2083 411 inde

1124 442 1265 470 recusa
1291 433 1329 469 in
1360 431 1603 470 Bibliotheca
1627 432 1789 471 Patrum
1822 432 2081 484 Lugdunensi

1124 497 1219 530 tom.
1258 494 1309 531 X.
1347 493 1523 531 Iudicem
1563 497 1699 532 autem
1737 505 1857 544 quem
1897 494 2081 545 adjunxit

1122 554 1475 604 Chronologicum,
1501 556 1661 593 omnino
1699 556 1936 596 mendosum
1961 569 2079 607 esse,

1122 620 1161 653 et
1185 616 1233 654 ad
1259 618 1480 654 exactiores
1517 617 1788 657 revocandum
1813 619 1987 658 calculos
2012 632 2081 659 no-

1122 681 1180 715 tat
1206 678 1389 716 Labbeus
1413 682 1508 715 tom.
1531 679 1566 717 2.
1592 678 1641 717 de
1663 680 1703 718 S.
1726 680 1771 717 E.
1795 691 1883 731 pag.
1910 682 1997 720 458.
2021 687 2078 720 te-

1122 742 1254 777 status
1279 739 1412 777 omnia
1435 750 1478 777 se
1502 741 1694 788 opuscula
1719 742 1922 781 Fortunati
1951 744 2078 782 infini—

1121 801 1173 838 tis
1190 801 1285 839 locis
1304 801 1448 850 partim
1467 811 1516 838 ex
1533 802 1704 850 optimae
1720 808 1836 842 notae
1853 805 2075 846 Codicibus.

1120 863 1262 911 partim
1288 873 1337 899 ex
1352 863 1590 900 certissimis
1605 863 1846 911 conjecturis
1866 867 2073 906 emendata

1119 928 1240 973 atque
1263 923 1380 961 editis
1400 925 1576 962 auctiora
1600 926 1732 974 praelo
1753 925 1991 975 jamdudum
2012 941 2076 979 pa·

1119 988 1204 1023 rata
1229 984 1384 1023 habere.
1424 987 1537 1024 Hunc
1575 986 1664 1036 ejus
1698 987 1872 1026 laborem
1903 990 2072 1029 necdum

1120 1046 1272 1085 vidisse
1308 1047 1437 1085 lucem
1476 1047 1691 1087 dolendum
1730 1055 1818 1095 est,
1853 1061 1944 1089 cum
1980 1052 2074 1091 haee

1120 1108 1300 1148 Labbeus
1317 1111 1399 1159 Jam
1421 1111 1626 1160 scripserit
1655 1111 1731 1149 An.
1756 1113 1874 1150 1660.
1903 1113 2076 1163 Subjun-

1120 1172 1176 1208 xit
1197 1173 1412 1210 Browerus
1446 1173 1565 1210 etiam
1601 1174 1744 1211 silvam
1780 1175 1866 1212 sive
1905 1175 2073 1214 indicem

1120 1232 1360 1281 enormium,
1383 1237 1427 1272 ut
1444 1234 1637 1284 appellat,
1654 1245 1757 1285 quae
1772 1239 1912 1273 contra
1934 1237 2076 1275 Gram-

1117 1294 1285 1349 maticae
1305 1294 1369 1333 vel
1394 1295 1607 1334 Prosode'ae
1629 1296 1844 1346 Callonem,
1869 1301 1944 1336 aut
1960 1310 2073 1349 pere-

1114 1356 1238 1406 yre'na
1263 1357 1303 1394 in
1323 1357 1357 1394 F
1360 1357 1541 1395 ortunae·
1559 1357 1720 1397 lectione
1734 1364 1961 1408 occurrunt,
1978 1365 2074 1399 tom.

1116 1419 1167 1457 Χ.
1188 1418 1285 1456 Bibl.
1311 1420 1474 1458 Patrum
1501 1420 1623 1470 Lugd.
1651 1432 1737 1472 pag.
1771 1422 1858 1461 617.

1172 1480 1374 1518 Poematia
1425 1483 1627 1520 Fortunati
1668 1494 1793 1532 pauca
1836 1485 1874 1521 in
1919 1484 2073 1535 Georgii

1117 1542 1280 1580 Fabricii
1306 1544 1436 1580 Poetis
1473 1543 1734 1592 Christianis,
1760 1549 1800 1582 et
1826 1546 1864 1582 in
1894 1546 2074 1595 Corpori-

1116 1604 1192 1642 bus
1211 1606 1422 1644 Poe'tarum
1443 1607 1672 1644 Latinorum
1692 1606 1829 1656 :plura
1848 1608 1884 1644 in
1903 1607 2074 1645 editione

1115 1666 1249 1704 Jacobi
1274 1667 1494 1705 Salvatoris
1519 1668 1682 1716 Solarii,
1706 1669 1884 1707 Venetiis
1910 1668 2012 1707 1578
2033 1670 2069 1706 8.

1115 1732 1235 1778 atque
1262 1729 1353 1767 inde
1379 1729 1417 1766 in
1443 1729 1697 1768 Bibliothecis
1721 1731 1882 1769 Patrum
1908 1732 2072 1781 Bignea-

1117 1791 1206 1827 nis:
1234 1790 1311 1829 Sed
1350 1791 1465 1841 longe
1488 1791 1659 1841 plurima
1685 1793 1723 1829 in
1754 1791 1926 1830 editione
1961 1792 2073 1831 Chri-

1114 1852 1247 1902 stoph.
1270 1854 1448 1891 Broweri
1470 1882 1477 1899 ,
1497 1854 1535 1891 S.
1560 1855 1593 1890 J.
1620 1853 1773 1904 digesta
1799 1855 1934 1892 itidem
1957 1852 2071 1892 libris

1111 1912 1324 1962 undecim,
1361 1926 1453 1953 cum
1496 1916 1717 1965 praemissa
1749 1915 1797 1954 ad
1832 1916 2064 1966 Gregorium

1111 1976 1386 2014 Turonensem
1407 1978 1582 2015 amicum
1609 1988 1728 2015 suum
1754 1977 2004 2016 dedicatoria.
2024 1980 2066 2016 ln

1112 2037 1174 2075 his
1198 2038 1307 2076 libris
1331 2043 1489 2089 praeter
1524 2040 1656 2078 varias
1690 2041 1916 2090 Epistolas,
1944 2042 2062 2079 etiam

1110 2099 1185 2137 alia
1209 2101 1354 2149 scripta
1391 2102 1565 2150 prosario
1605 2112 1789 2139 sermone
1826 2104 2067 2153 interspersa

1112 2166 1232 2209 sunt,
1271 2166 1314 2200 ut
1349 2162 1547 2213 eac-positio
1582 2165 1615 2205 a)
1650 2162 1827 2215 Symbolz'
1863 2165 1960 2203 libro
1999 2167 2066 2204 Xl.

1110 2223 1320 2274 Eoeposz'tz'o
1359 2224 1560 2264 Orationis
1602 2225 1830 2264 Domc'm'ccze
1854 2232 1894 2265 et
1921 2227 2067 2265 Conso-

1114 2284 1259 2324 latoria
1277 2286 1332 2324 acl
1348 2287 1660 2326 Mummulcnum
1680 2288 1719 2326 in
1739 2292 1861 2327 morte
1878 2288 1986 2340 filiae
2007 2289 2071 2327 (Ie—

1111 2348 1287 2387 cennalis
1303 2379 1312 2394 ‚
1336 2349 1436 2387 libro
1461 2349 1630 2388 decimo:
1655 2352 1824 2390 Carmen
1851 2351 1897 2389 (le
1930 2363 2051 2390 resur

1111 2410 1281 2448 rectione
1306 2411 1464 2448 Domini
1499 2412 1644 2461 legitur
1686 2412 1750 2450 lib.
1792 2413 1858 2450 111.
1893 2414 1927 2449 9.
1962 2414 2065 2463 quod

1110 2471 1399 2511 LACTANTIO
1424 2477 1580 2522 praeter
1611 2485 1694 2511 rem
1729 2478 1844 2511 antea
1870 2473 2065 2512 tributum

1109 2533 1360 2581 emendavit,
1376 2535 1654 2583 Venantioque
1678 2536 1853 2573 restituit
1873 2535 2067 2584 Georgius

1109 2596 1360 2642 Cassander,
1399 2596 1527 2635 Carali
1558 2595 1672 2634 1573.
1700 2597 1737 2634 8.
1773 2602 1813 2633 et
1850 2608 1934 2646 pag.
1975 2597 2065 2635 228.

1109 2656 1307 2707 Operum:
1336 2657 1479 2707 prodiit
1502 2663 1542 2695 et
1579 2659 1794 2707 separatim
1833 2669 1924 2696 cum
1962 2660 2066 2696 notis

1108 2718 1278 2768 Augusti
1318 2719 1516 2756 Buchneri
1537 2749 1546 2764 ,
1577 2719 1848 2769 Wittebergae
1888 2720 2003 2757 1697.
2029 2722 2064 2757 8.

1108 2781 1284 2819 Difficilis
1308 2780 1502 2830 quaedam
1530 2785 1570 2818 et
1595 2781 1777 2819 laboriosi
1803 2780 1955 2819 artificii
1981 2793 2067 2819 ear-

1108 2843 1214 2880 mina
1244 2842 1386 2891 (qualia
1410 2842 1614 2892 Optatiani
1641 2843 1843 2893 Porphyrii
1872 2843 2066 2881 habemus

1107 2909 1147 2941 et
1177 2904 1337 2952 Rabani')
1363 2908 1525 2941 exstant
1551 2905 1615 2942 lib.
1644 2906 1687 2942 ll.
1714 2905 1746 2941 vi.
1774 2906 1808 2941 .·“”).
1832 2905 1866 2941 6.
1894 2909 1932 2941 et
1957 2904 2000 2941 Υ.
2028 2905 2063 2941 7.

1106 2978 1208 3016 quae
1225 2997 1234 3013 ,
1262 2970 1305 3003 ut
1331 2965 1455 3004 multa
1479 2966 1552 3003 alia
1574 2995 1580 3010 ,
1605 2967 1640 3003 iu
1663 2966 1835 3003 editione
1862 2966 1998 3003 solarii
2025 2971 2066 3002 et

1107 3029 1145 3064 in
1170 3028 1367 3077 Iligneana
1395 3027 1635 3065 Bibliotheca
1658 3028 1968 3073 l‘at1·um,etiain
1995 3027 2064 3064 Pa—

1106 3089 1172 3125 ris.
1199 3088 1315 3125 1621.
1333 3087 1612 3126 desiderantur
1630 3119 1638 3133 ,
1656 3100 1747 3125 euin
1771 3089 1946 3126 Broweri
1970 3089 2061 3125 For-

1104 3154 1268 3187 tunatus
1298 3153 1356 3186 tot
1376 3149 1457 3197 jam
1487 3150 1603 3186 annis
1634 3150 1759 3186 semel
1801 3154 1916 3187 antea
1938 3153 2061 3199 atque

1156 3236 1188 3273 a)
1213 3237 1384 3265 Orationis
1407 3236 1603 3266 Dominicae
1619 3240 1649 3265 ct
1666 3235 1809 3273 symboli
1830 3237 2003 3274 Expositio
2023 3235 2070 3268 le-

1094 3289 1183 3327 gitur
1197 3288 1294 3316 etiarn
1312 3287 1344 3315 in
1368 3284 1702 3324 ‹nitiodoxographis
1723 3292 1797 3324 pag.
1816 3283 1889 3314 ¹221
1912 3289 1944 3316 et
1967 3283 2064 3316 1227.

1098 3338 1222 3369 llasilae
1250 3335 1352 3372 1502»,
1378 3335 1430 3364 sni.

1716 3398 1750 3410 *l

1717 3411 1757 3433 Al-
