<?xml version="1.0" encoding="UTF-8"?>
<!DOCTYPE html PUBLIC "-//W3C//DTD XHTML 1.0 Transitional//EN"
    "http://www.w3.org/TR/xhtml1/DTD/xhtml1-transitional.dtd">
<html xmlns="http://www.w3.org/1999/xhtml" xml:lang="en" lang="en">
 <head>
  <title>
</title>
<meta http-equiv="Content-Type" content="text/html;charset=utf-8" />
  <meta name='ocr-system' content='tesseract 3.04.00' />
  <meta name='ocr-capabilities' content='ocr_page ocr_carea ocr_par ocr_line ocrx_word'/>
</head>
<body>
  <div class='ocr_page' id='page_1' title='image "./bibliothecalatin01fabruoft_0023.png"; bbox 0 0 2500 3841; ppageno 0'>
   <div class='ocr_carea' id='block_1_1' title="bbox 464 311 1645 401">
    <p class='ocr_par' dir='ltr' id='par_1_1' title="bbox 464 311 1645 401">
     <span class='ocr_line' id='line_1_1' title="bbox 464 311 1645 401; baseline -0.008 0"><span class='ocrx_word' id='word_1_1' title='bbox 464 317 820 401; x_wconf 77' lang='lat' dir='ltr'><strong>IOANNIS</strong></span> <span class='ocrx_word' id='word_1_2' title='bbox 879 316 1278 397; x_wconf 74' lang='lat' dir='ltr'>DOMtNtct</span> <span class='ocrx_word' id='word_1_3' title='bbox 1341 311 1645 395; x_wconf 74' lang='lat' dir='ltr'><strong>MANSH</strong></span> 
     </span>
    </p>
   </div>
   <div class='ocr_carea' id='block_1_2' title="bbox 343 437 1757 672">
    <p class='ocr_par' dir='ltr' id='par_1_2' title="bbox 343 437 1757 672">
     <span class='ocr_line' id='line_1_2' title="bbox 995 437 1116 476; baseline 0.008 -1"><span class='ocrx_word' id='word_1_4' title='bbox 995 437 1116 476; x_wconf 86' lang='lat' dir='ltr'><strong>VITA</strong></span> 
     </span>
     <span class='ocr_line' id='line_1_3' title="bbox 628 523 1435 577; baseline -0.011 1"><span class='ocrx_word' id='word_1_5' title='bbox 628 528 967 577; x_wconf 84' lang='lat' dir='ltr'><strong>ANGELVS</strong></span> <span class='ocrx_word' id='word_1_6' title='bbox 1022 523 1435 573; x_wconf 81' lang='lat' dir='ltr'>FABRONIVS</span> 
     </span>
     <span class='ocr_line' id='line_1_4' title="bbox 343 616 1757 672; baseline -0.008 0"><span class='ocrx_word' id='word_1_7' title='bbox 343 627 622 672; x_wconf 88' lang='lat' dir='ltr'>PHILIPPO</span> <span class='ocrx_word' id='word_1_8' title='bbox 674 626 900 670; x_wconf 81' lang='lat' dir='ltr'>SARDto</span> <span class='ocrx_word' id='word_1_9' title='bbox 958 621 1446 668; x_wconf 83' lang='lat' dir='ltr'>ARCHIEPISCOPO</span> <span class='ocrx_word' id='word_1_10' title='bbox 1501 616 1757 663; x_wconf 68' lang='lat' dir='ltr'>LVCENSI</span> 
     </span>
    </p>
   </div>
   <div class='ocr_carea' id='block_1_3' title="bbox 979 715 1142 744">
    <p class='ocr_par' dir='ltr' id='par_1_3' title="bbox 979 715 1142 744">
     <span class='ocr_line' id='line_1_5' title="bbox 979 715 1142 744; baseline -0.006 0"><span class='ocrx_word' id='word_1_11' title='bbox 979 716 1010 744; x_wconf 91' lang='lat' dir='ltr'>S.</span> <span class='ocrx_word' id='word_1_12' title='bbox 1041 715 1077 742; x_wconf 82' lang='lat' dir='ltr'>P.</span> <span class='ocrx_word' id='word_1_13' title='bbox 1106 715 1142 743; x_wconf 88' lang='lat' dir='ltr'>D.</span> 
     </span>
    </p>
   </div>
   <div class='ocr_carea' id='block_1_4' title="bbox 0 795 1041 3455">
    <p class='ocr_par' dir='ltr' id='par_1_4' title="bbox 0 795 1040 3386">
     <span class='ocr_line' id='line_1_6' title="bbox 112 795 1026 882; baseline -0.005 -8"><span class='ocrx_word' id='word_1_14' title='bbox 112 795 277 874; x_wconf 85' lang='lat' dir='ltr'>Nemo</span> <span class='ocrx_word' id='word_1_15' title='bbox 306 836 364 882; x_wconf 85' lang='lat' dir='ltr'>te,</span> <span class='ocrx_word' id='word_1_16' title='bbox 394 833 557 873; x_wconf 88' lang='lat' dir='ltr'>Praesul</span> <span class='ocrx_word' id='word_1_17' title='bbox 588 832 856 882; x_wconf 78' lang='lat' dir='ltr'>amplissime,</span> <span class='ocrx_word' id='word_1_18' title='bbox 883 831 1026 870; x_wconf 89' lang='lat' dir='ltr'>melius</span> 
     </span>
     <span class='ocr_line' id='line_1_7' title="bbox 59 894 1029 948; baseline -0.006 -12"><span class='ocrx_word' id='word_1_19' title='bbox 59 898 189 946; x_wconf 86' lang='lat' dir='ltr'>novit,</span> <span class='ocrx_word' id='word_1_20' title='bbox 220 901 370 948; x_wconf 85' lang='lat' dir='ltr'>quanta</span> <span class='ocrx_word' id='word_1_21' title='bbox 412 897 473 936; x_wconf 85' lang='lat' dir='ltr'>vis</span> <span class='ocrx_word' id='word_1_22' title='bbox 518 897 683 947; x_wconf 85' lang='lat' dir='ltr'>ingenii,</span> <span class='ocrx_word' id='word_1_23' title='bbox 725 894 947 939; x_wconf 89' lang='lat' dir='ltr'>doctrinae,</span> <span class='ocrx_word' id='word_1_24' title='bbox 990 897 1029 931; x_wconf 90' lang='lat' dir='ltr'>et</span> 
     </span>
     <span class='ocr_line' id='line_1_8' title="bbox 58 955 1030 1012; baseline -0.007 -12"><span class='ocrx_word' id='word_1_25' title='bbox 58 960 278 1012; x_wconf 76' lang='lat' dir='ltr'>elegantiae</span> <span class='ocrx_word' id='word_1_26' title='bbox 309 961 403 998; x_wconf 90' lang='lat' dir='ltr'>insit</span> <span class='ocrx_word' id='word_1_27' title='bbox 425 961 461 997; x_wconf 92' lang='lat' dir='ltr'>in</span> <span class='ocrx_word' id='word_1_28' title='bbox 484 960 690 997; x_wconf 83' lang='lat' dir='ltr'>Dominico</span> <span class='ocrx_word' id='word_1_29' title='bbox 723 955 1030 1003; x_wconf 79' lang='lat' dir='ltr'>PACCt110,cu-</span> 
     </span>
     <span class='ocr_line' id='line_1_9' title="bbox 54 1017 1030 1074; baseline -0.007 -12"><span class='ocrx_word' id='word_1_30' title='bbox 54 1024 123 1074; x_wconf 88' lang='lat' dir='ltr'>jus</span> <span class='ocrx_word' id='word_1_31' title='bbox 147 1033 264 1074; x_wconf 84' lang='lat' dir='ltr'>opera</span> <span class='ocrx_word' id='word_1_32' title='bbox 286 1024 342 1061; x_wconf 87' lang='lat' dir='ltr'>sic</span> <span class='ocrx_word' id='word_1_33' title='bbox 367 1023 510 1071; x_wconf 89' lang='lat' dir='ltr'>uteris,</span> <span class='ocrx_word' id='word_1_34' title='bbox 534 1026 576 1061; x_wconf 93' lang='lat' dir='ltr'>ut</span> <span class='ocrx_word' id='word_1_35' title='bbox 597 1020 803 1060; x_wconf 87' lang='lat' dir='ltr'>Seminarii</span> <span class='ocrx_word' id='word_1_36' title='bbox 826 1019 882 1058; x_wconf 88' lang='lat' dir='ltr'>tui</span> <span class='ocrx_word' id='word_1_37' title='bbox 903 1017 1030 1056; x_wconf 89' lang='lat' dir='ltr'>alum-</span> 
     </span>
     <span class='ocr_line' id='line_1_10' title="bbox 57 1083 1027 1133; baseline -0.007 -8"><span class='ocrx_word' id='word_1_38' title='bbox 57 1087 96 1125; x_wconf 90' lang='lat' dir='ltr'>ni</span> <span class='ocrx_word' id='word_1_39' title='bbox 126 1085 272 1125; x_wconf 89' lang='lat' dir='ltr'>divinis</span> <span class='ocrx_word' id='word_1_40' title='bbox 302 1085 446 1125; x_wconf 89' lang='lat' dir='ltr'>litteris</span> <span class='ocrx_word' id='word_1_41' title='bbox 477 1085 718 1125; x_wconf 81' lang='lat' dir='ltr'>imbuantur.</span> <span class='ocrx_word' id='word_1_42' title='bbox 749 1083 832 1133; x_wconf 89' lang='lat' dir='ltr'>Ego</span> <span class='ocrx_word' id='word_1_43' title='bbox 869 1090 1027 1131; x_wconf 87' lang='lat' dir='ltr'>quoque</span> 
     </span>
     <span class='ocr_line' id='line_1_11' title="bbox 57 1145 1029 1200; baseline -0.007 -13"><span class='ocrx_word' id='word_1_44' title='bbox 57 1160 127 1200; x_wconf 90' lang='lat' dir='ltr'>pro</span> <span class='ocrx_word' id='word_1_45' title='bbox 152 1147 242 1199; x_wconf 90' lang='lat' dir='ltr'>jure</span> <span class='ocrx_word' id='word_1_46' title='bbox 272 1149 468 1188; x_wconf 72' lang='lat' dir='ltr'>amicitiae</span> <span class='ocrx_word' id='word_1_47' title='bbox 498 1149 656 1199; x_wconf 75' lang='lat' dir='ltr'>exigere</span> <span class='ocrx_word' id='word_1_48' title='bbox 688 1158 750 1185; x_wconf 91' lang='lat' dir='ltr'>me</span> <span class='ocrx_word' id='word_1_49' title='bbox 774 1145 908 1184; x_wconf 93' lang='lat' dir='ltr'>abillo</span> <span class='ocrx_word' id='word_1_50' title='bbox 939 1153 1029 1194; x_wconf 92' lang='lat' dir='ltr'>pos-</span> 
     </span>
     <span class='ocr_line' id='line_1_12' title="bbox 57 1207 1029 1262; baseline -0.006 -12"><span class='ocrx_word' id='word_1_51' title='bbox 57 1221 101 1250; x_wconf 90' lang='lat' dir='ltr'>se</span> <span class='ocrx_word' id='word_1_52' title='bbox 131 1212 289 1262; x_wconf 90' lang='lat' dir='ltr'>putavi,</span> <span class='ocrx_word' id='word_1_53' title='bbox 321 1212 443 1250; x_wconf 91' lang='lat' dir='ltr'>vitam</span> <span class='ocrx_word' id='word_1_54' title='bbox 476 1215 520 1250; x_wconf 92' lang='lat' dir='ltr'>ut</span> <span class='ocrx_word' id='word_1_55' title='bbox 551 1210 687 1249; x_wconf 82' lang='lat' dir='ltr'>Latine</span> <span class='ocrx_word' id='word_1_56' title='bbox 716 1212 934 1260; x_wconf 85' lang='lat' dir='ltr'>exponeret</span> <span class='ocrx_word' id='word_1_57' title='bbox 968 1207 1029 1245; x_wconf 87' lang='lat' dir='ltr'>Jo.</span> 
     </span>
     <span class='ocr_line' id='line_1_13' title="bbox 54 1271 1021 1324; baseline -0.005 -11"><span class='ocrx_word' id='word_1_58' title='bbox 54 1274 247 1313; x_wconf 81' lang='lat' dir='ltr'>Dominici</span> <span class='ocrx_word' id='word_1_59' title='bbox 277 1274 461 1323; x_wconf 82' lang='lat' dir='ltr'>MANSII,</span> <span class='ocrx_word' id='word_1_60' title='bbox 483 1275 549 1324; x_wconf 87' lang='lat' dir='ltr'>qui</span> <span class='ocrx_word' id='word_1_61' title='bbox 580 1274 696 1311; x_wconf 89' lang='lat' dir='ltr'>istam</span> <span class='ocrx_word' id='word_1_62' title='bbox 729 1271 1021 1321; x_wconf 87' lang='lat' dir='ltr'>Sedem,quam</span> 
     </span>
     <span class='ocr_line' id='line_1_14' title="bbox 57 1335 1030 1388; baseline -0.004 -13"><span class='ocrx_word' id='word_1_63' title='bbox 57 1337 247 1388; x_wconf 83' lang='lat' dir='ltr'>singulari</span> <span class='ocrx_word' id='word_1_64' title='bbox 277 1338 459 1388; x_wconf 89' lang='lat' dir='ltr'>opinione</span> <span class='ocrx_word' id='word_1_65' title='bbox 490 1335 723 1387; x_wconf 78' lang='lat' dir='ltr'>prudentiae</span> <span class='ocrx_word' id='word_1_66' title='bbox 760 1340 880 1386; x_wconf 89' lang='lat' dir='ltr'>atque</span> <span class='ocrx_word' id='word_1_67' title='bbox 918 1335 1030 1372; x_wconf 90' lang='lat' dir='ltr'>inno-</span> 
     </span>
     <span class='ocr_line' id='line_1_15' title="bbox 57 1400 1029 1449; baseline -0.003 -12"><span class='ocrx_word' id='word_1_68' title='bbox 57 1400 212 1437; x_wconf 88' lang='lat' dir='ltr'>centiae</span> <span class='ocrx_word' id='word_1_69' title='bbox 256 1400 512 1437; x_wconf 88' lang='lat' dir='ltr'>meritissimo</span> <span class='ocrx_word' id='word_1_70' title='bbox 554 1408 745 1449; x_wconf 82' lang='lat' dir='ltr'>occupas,</span> <span class='ocrx_word' id='word_1_71' title='bbox 792 1409 860 1449; x_wconf 87' lang='lat' dir='ltr'>per</span> <span class='ocrx_word' id='word_1_72' title='bbox 903 1407 1029 1435; x_wconf 90' lang='lat' dir='ltr'>annos</span> 
     </span>
     <span class='ocr_line' id='line_1_16' title="bbox 58 1461 1028 1512; baseline -0.002 -12"><span class='ocrx_word' id='word_1_73' title='bbox 58 1462 236 1512; x_wconf 88' lang='lat' dir='ltr'>quinque</span> <span class='ocrx_word' id='word_1_74' title='bbox 280 1466 320 1500; x_wconf 88' lang='lat' dir='ltr'>et</span> <span class='ocrx_word' id='word_1_75' title='bbox 358 1461 530 1512; x_wconf 90' lang='lat' dir='ltr'>amplius</span> <span class='ocrx_word' id='word_1_76' title='bbox 569 1463 626 1500; x_wconf 90' lang='lat' dir='ltr'>sic</span> <span class='ocrx_word' id='word_1_77' title='bbox 670 1462 816 1509; x_wconf 87' lang='lat' dir='ltr'>tenuit,</span> <span class='ocrx_word' id='word_1_78' title='bbox 861 1465 906 1500; x_wconf 83' lang='lat' dir='ltr'>ut</span> <span class='ocrx_word' id='word_1_79' title='bbox 949 1462 1028 1498; x_wconf 91' lang='lat' dir='ltr'>vita</span> 
     </span>
     <span class='ocr_line' id='line_1_17' title="bbox 56 1523 1031 1575; baseline -0.003 -12"><span class='ocrx_word' id='word_1_80' title='bbox 56 1527 176 1574; x_wconf 87' lang='lat' dir='ltr'>atque</span> <span class='ocrx_word' id='word_1_81' title='bbox 205 1524 365 1575; x_wconf 88' lang='lat' dir='ltr'>scriptis</span> <span class='ocrx_word' id='word_1_82' title='bbox 411 1523 729 1575; x_wconf 86' lang='lat' dir='ltr'>praeclarissima</span> <span class='ocrx_word' id='word_1_83' title='bbox 774 1525 946 1574; x_wconf 84' lang='lat' dir='ltr'>posteris</span> <span class='ocrx_word' id='word_1_84' title='bbox 990 1535 1031 1560; x_wconf 90' lang='lat' dir='ltr'>e-</span> 
     </span>
     <span class='ocr_line' id='line_1_18' title="bbox 56 1586 1032 1638; baseline -0.001 -13"><span class='ocrx_word' id='word_1_85' title='bbox 56 1586 214 1638; x_wconf 86' lang='lat' dir='ltr'>xempla</span> <span class='ocrx_word' id='word_1_86' title='bbox 245 1586 292 1626; x_wconf 87' lang='lat' dir='ltr'>ad</span> <span class='ocrx_word' id='word_1_87' title='bbox 326 1586 564 1626; x_wconf 90' lang='lat' dir='ltr'>imitandum</span> <span class='ocrx_word' id='word_1_88' title='bbox 593 1587 814 1637; x_wconf 88' lang='lat' dir='ltr'>reliquerit.</span> <span class='ocrx_word' id='word_1_89' title='bbox 834 1588 924 1625; x_wconf 91' lang='lat' dir='ltr'>Fuit</span> <span class='ocrx_word' id='word_1_90' title='bbox 945 1587 1032 1637; x_wconf 89' lang='lat' dir='ltr'>qui-</span> 
     </span>
     <span class='ocr_line' id='line_1_19' title="bbox 58 1648 1032 1701; baseline -0.001 -13"><span class='ocrx_word' id='word_1_91' title='bbox 58 1648 148 1688; x_wconf 89' lang='lat' dir='ltr'>dem</span> <span class='ocrx_word' id='word_1_92' title='bbox 181 1660 340 1701; x_wconf 90' lang='lat' dir='ltr'>semper</span> <span class='ocrx_word' id='word_1_93' title='bbox 369 1649 457 1688; x_wconf 88' lang='lat' dir='ltr'>laus</span> <span class='ocrx_word' id='word_1_94' title='bbox 488 1652 643 1700; x_wconf 89' lang='lat' dir='ltr'>propria</span> <span class='ocrx_word' id='word_1_95' title='bbox 678 1651 919 1689; x_wconf 86' lang='lat' dir='ltr'>Lucensium</span> <span class='ocrx_word' id='word_1_96' title='bbox 951 1650 1032 1688; x_wconf 86' lang='lat' dir='ltr'>An-</span> 
     </span>
     <span class='ocr_line' id='line_1_20' title="bbox 59 1711 1031 1763; baseline 0 -13"><span class='ocrx_word' id='word_1_97' title='bbox 59 1712 252 1762; x_wconf 88' lang='lat' dir='ltr'>tistitum,</span> <span class='ocrx_word' id='word_1_98' title='bbox 284 1718 328 1751; x_wconf 86' lang='lat' dir='ltr'>ut</span> <span class='ocrx_word' id='word_1_99' title='bbox 358 1711 482 1751; x_wconf 85' lang='lat' dir='ltr'>decus</span> <span class='ocrx_word' id='word_1_100' title='bbox 519 1723 637 1750; x_wconf 90' lang='lat' dir='ltr'>omne</span> <span class='ocrx_word' id='word_1_101' title='bbox 679 1714 897 1763; x_wconf 89' lang='lat' dir='ltr'>sapientiae</span> <span class='ocrx_word' id='word_1_102' title='bbox 938 1724 1031 1752; x_wconf 85' lang='lat' dir='ltr'>cum</span> 
     </span>
     <span class='ocr_line' id='line_1_21' title="bbox 59 1774 1032 1825; baseline 0.001 -13"><span class='ocrx_word' id='word_1_103' title='bbox 59 1774 570 1825; x_wconf 82' lang='lat' dir='ltr'>religionis,sacrarumque</span> <span class='ocrx_word' id='word_1_104' title='bbox 589 1777 930 1814; x_wconf 85' lang='lat' dir='ltr'>caeremoniarum</span> <span class='ocrx_word' id='word_1_105' title='bbox 948 1781 1032 1814; x_wconf 90' lang='lat' dir='ltr'>stu-</span> 
     </span>
     <span class='ocr_line' id='line_1_22' title="bbox 58 1834 1033 1888; baseline 0.001 -14"><span class='ocrx_word' id='word_1_106' title='bbox 58 1834 122 1875; x_wconf 89' lang='lat' dir='ltr'>dio</span> <span class='ocrx_word' id='word_1_107' title='bbox 148 1841 405 1888; x_wconf 72' lang='lat' dir='ltr'>jungeretur,</span> <span class='ocrx_word' id='word_1_108' title='bbox 439 1838 476 1875; x_wconf 87' lang='lat' dir='ltr'>in</span> <span class='ocrx_word' id='word_1_109' title='bbox 509 1848 587 1887; x_wconf 91' lang='lat' dir='ltr'>quo</span> <span class='ocrx_word' id='word_1_110' title='bbox 618 1849 694 1875; x_wconf 85' lang='lat' dir='ltr'>non</span> <span class='ocrx_word' id='word_1_111' title='bbox 725 1837 840 1876; x_wconf 89' lang='lat' dir='ltr'>modo</span> <span class='ocrx_word' id='word_1_112' title='bbox 871 1837 1033 1888; x_wconf 90' lang='lat' dir='ltr'>populo-</span> 
     </span>
     <span class='ocr_line' id='line_1_23' title="bbox 59 1894 1029 1951; baseline 0 -14"><span class='ocrx_word' id='word_1_113' title='bbox 59 1894 171 1948; x_wconf 83' lang='lat' dir='ltr'>rum,</span> <span class='ocrx_word' id='word_1_114' title='bbox 206 1899 276 1938; x_wconf 89' lang='lat' dir='ltr'>sed</span> <span class='ocrx_word' id='word_1_115' title='bbox 320 1905 360 1938; x_wconf 91' lang='lat' dir='ltr'>et</span> <span class='ocrx_word' id='word_1_116' title='bbox 397 1900 647 1951; x_wconf 72' lang='lat' dir='ltr'>Reipublicae</span> <span class='ocrx_word' id='word_1_117' title='bbox 690 1901 816 1949; x_wconf 86' lang='lat' dir='ltr'>ipsius</span> <span class='ocrx_word' id='word_1_118' title='bbox 859 1900 1029 1938; x_wconf 86' lang='lat' dir='ltr'>salutem</span> 
     </span>
     <span class='ocr_line' id='line_1_24' title="bbox 59 1962 1030 2012; baseline 0.002 -13"><span class='ocrx_word' id='word_1_119' title='bbox 59 1966 182 2012; x_wconf 88' lang='lat' dir='ltr'>atque</span> <span class='ocrx_word' id='word_1_120' title='bbox 225 1962 454 2001; x_wconf 82' lang='lat' dir='ltr'>felicitatem</span> <span class='ocrx_word' id='word_1_121' title='bbox 499 1963 617 2001; x_wconf 89' lang='lat' dir='ltr'>sitam</span> <span class='ocrx_word' id='word_1_122' title='bbox 667 1973 757 2000; x_wconf 80' lang='lat' dir='ltr'>esse</span> <span class='ocrx_word' id='word_1_123' title='bbox 808 1963 1030 2001; x_wconf 73' lang='lat' dir='ltr'>rectissime</span> 
     </span>
     <span class='ocr_line' id='line_1_25' title="bbox 55 2023 1028 2076; baseline -0.001 -13"><span class='ocrx_word' id='word_1_124' title='bbox 55 2023 300 2076; x_wconf 86' lang='lat' dir='ltr'>judicarunt.</span> <span class='ocrx_word' id='word_1_125' title='bbox 339 2024 425 2070; x_wconf 91' lang='lat' dir='ltr'>Quo</span> <span class='ocrx_word' id='word_1_126' title='bbox 469 2025 575 2063; x_wconf 89' lang='lat' dir='ltr'>enim</span> <span class='ocrx_word' id='word_1_127' title='bbox 623 2024 854 2064; x_wconf 87' lang='lat' dir='ltr'>referuntur</span> <span class='ocrx_word' id='word_1_128' title='bbox 898 2027 1028 2063; x_wconf 88' lang='lat' dir='ltr'>omnia</span> 
     </span>
     <span class='ocr_line' id='line_1_26' title="bbox 59 2085 1031 2138; baseline -0.001 -12"><span class='ocrx_word' id='word_1_129' title='bbox 59 2085 206 2126; x_wconf 84' lang='lat' dir='ltr'>Christi</span> <span class='ocrx_word' id='word_1_130' title='bbox 239 2091 469 2138; x_wconf 68' lang='lat' dir='ltr'>praecepta,</span> <span class='ocrx_word' id='word_1_131' title='bbox 500 2088 573 2125; x_wconf 91' lang='lat' dir='ltr'>nisi</span> <span class='ocrx_word' id='word_1_132' title='bbox 607 2091 649 2126; x_wconf 91' lang='lat' dir='ltr'>ut</span> <span class='ocrx_word' id='word_1_133' title='bbox 674 2087 823 2134; x_wconf 84' lang='lat' dir='ltr'>sobrie,</span> <span class='ocrx_word' id='word_1_134' title='bbox 841 2086 968 2137; x_wconf 86' lang='lat' dir='ltr'>juste,</span> <span class='ocrx_word' id='word_1_135' title='bbox 991 2092 1031 2126; x_wconf 85' lang='lat' dir='ltr'>et</span> 
     </span>
     <span class='ocr_line' id='line_1_27' title="bbox 59 2150 1031 2201; baseline 0.001 -14"><span class='ocrx_word' id='word_1_136' title='bbox 59 2150 122 2201; x_wconf 89' lang='lat' dir='ltr'>pie</span> <span class='ocrx_word' id='word_1_137' title='bbox 152 2150 357 2198; x_wconf 81' lang='lat' dir='ltr'>vivamuS,</span> <span class='ocrx_word' id='word_1_138' title='bbox 392 2154 436 2189; x_wconf 86' lang='lat' dir='ltr'>ut</span> <span class='ocrx_word' id='word_1_139' title='bbox 465 2151 668 2200; x_wconf 86' lang='lat' dir='ltr'>appetitus</span> <span class='ocrx_word' id='word_1_140' title='bbox 695 2152 776 2188; x_wconf 90' lang='lat' dir='ltr'>sint</span> <span class='ocrx_word' id='word_1_141' title='bbox 806 2151 1031 2201; x_wconf 78' lang='lat' dir='ltr'>tranquilli,</span> 
     </span>
     <span class='ocr_line' id='line_1_28' title="bbox 59 2214 1030 2264; baseline 0 -12"><span class='ocrx_word' id='word_1_142' title='bbox 59 2216 181 2263; x_wconf 84' lang='lat' dir='ltr'>atque</span> <span class='ocrx_word' id='word_1_143' title='bbox 211 2214 317 2252; x_wconf 88' lang='lat' dir='ltr'>omni</span> <span class='ocrx_word' id='word_1_144' title='bbox 349 2214 646 2264; x_wconf 75' lang='lat' dir='ltr'>perturbatione</span> <span class='ocrx_word' id='word_1_145' title='bbox 689 2215 810 2253; x_wconf 89' lang='lat' dir='ltr'>animi</span> <span class='ocrx_word' id='word_1_146' title='bbox 853 2220 1030 2263; x_wconf 84' lang='lat' dir='ltr'>careant,</span> 
     </span>
     <span class='ocr_line' id='line_1_29' title="bbox 60 2276 1033 2328; baseline 0.002 -14"><span class='ocrx_word' id='word_1_147' title='bbox 60 2278 186 2326; x_wconf 88' lang='lat' dir='ltr'>utque</span> <span class='ocrx_word' id='word_1_148' title='bbox 217 2276 411 2315; x_wconf 70' lang='lat' dir='ltr'>utilitates</span> <span class='ocrx_word' id='word_1_149' title='bbox 441 2282 600 2316; x_wconf 87' lang='lat' dir='ltr'>nostras</span> <span class='ocrx_word' id='word_1_150' title='bbox 631 2278 677 2315; x_wconf 90' lang='lat' dir='ltr'>iis</span> <span class='ocrx_word' id='word_1_151' title='bbox 703 2279 739 2315; x_wconf 92' lang='lat' dir='ltr'>in</span> <span class='ocrx_word' id='word_1_152' title='bbox 772 2277 892 2316; x_wconf 89' lang='lat' dir='ltr'>rebus</span> <span class='ocrx_word' id='word_1_153' title='bbox 913 2289 1033 2328; x_wconf 85' lang='lat' dir='ltr'>quae-</span> 
     </span>
     <span class='ocr_line' id='line_1_30' title="bbox 60 2338 1032 2391; baseline 0.003 -15"><span class='ocrx_word' id='word_1_154' title='bbox 60 2348 217 2387; x_wconf 83' lang='lat' dir='ltr'>ramuS,</span> <span class='ocrx_word' id='word_1_155' title='bbox 260 2349 282 2377; x_wconf 87' lang='lat' dir='ltr'>a</span> <span class='ocrx_word' id='word_1_156' title='bbox 319 2338 466 2390; x_wconf 90' lang='lat' dir='ltr'>quibus</span> <span class='ocrx_word' id='word_1_157' title='bbox 509 2339 623 2379; x_wconf 89' lang='lat' dir='ltr'>abest</span> <span class='ocrx_word' id='word_1_158' title='bbox 667 2340 889 2391; x_wconf 83' lang='lat' dir='ltr'>turpitudo,</span> <span class='ocrx_word' id='word_1_159' title='bbox 930 2352 1032 2390; x_wconf 85' lang='lat' dir='ltr'>quae</span> 
     </span>
     <span class='ocr_line' id='line_1_31' title="bbox 60 2400 1035 2454; baseline 0.003 -16"><span class='ocrx_word' id='word_1_160' title='bbox 60 2401 92 2439; x_wconf 86' lang='lat' dir='ltr'>si</span> <span class='ocrx_word' id='word_1_161' title='bbox 118 2401 154 2439; x_wconf 93' lang='lat' dir='ltr'>in</span> <span class='ocrx_word' id='word_1_162' title='bbox 185 2400 437 2442; x_wconf 81' lang='lat' dir='ltr'>deformitate</span> <span class='ocrx_word' id='word_1_163' title='bbox 467 2404 642 2454; x_wconf 88' lang='lat' dir='ltr'>corporis</span> <span class='ocrx_word' id='word_1_164' title='bbox 667 2403 786 2443; x_wconf 84' lang='lat' dir='ltr'>babet</span> <span class='ocrx_word' id='word_1_165' title='bbox 807 2404 952 2454; x_wconf 87' lang='lat' dir='ltr'>aliquid</span> <span class='ocrx_word' id='word_1_166' title='bbox 979 2404 1035 2441; x_wconf 74' lang='lat' dir='ltr'>of.</span> 
     </span>
     <span class='ocr_line' id='line_1_32' title="bbox 61 2462 1037 2517; baseline 0.004 -16"><span class='ocrx_word' id='word_1_167' title='bbox 61 2462 270 2510; x_wconf 64' lang='lat' dir='ltr'>tensionis,</span> <span class='ocrx_word' id='word_1_168' title='bbox 299 2469 448 2514; x_wconf 90' lang='lat' dir='ltr'>quanta</span> <span class='ocrx_word' id='word_1_169' title='bbox 481 2465 546 2504; x_wconf 92' lang='lat' dir='ltr'>illa</span> <span class='ocrx_word' id='word_1_170' title='bbox 577 2466 808 2517; x_wconf 82' lang='lat' dir='ltr'>depravatio</span> <span class='ocrx_word' id='word_1_171' title='bbox 840 2472 880 2504; x_wconf 90' lang='lat' dir='ltr'>et</span> <span class='ocrx_word' id='word_1_172' title='bbox 917 2467 1037 2505; x_wconf 83' lang='lat' dir='ltr'>foedi-</span> 
     </span>
     <span class='ocr_line' id='line_1_33' title="bbox 59 2525 1037 2577; baseline 0.003 -14"><span class='ocrx_word' id='word_1_173' title='bbox 59 2528 123 2564; x_wconf 81' lang='lat' dir='ltr'>tas</span> <span class='ocrx_word' id='word_1_174' title='bbox 152 2525 366 2577; x_wconf 85' lang='lat' dir='ltr'>turpificati</span> <span class='ocrx_word' id='word_1_175' title='bbox 396 2529 516 2566; x_wconf 90' lang='lat' dir='ltr'>animi</span> <span class='ocrx_word' id='word_1_176' title='bbox 557 2528 675 2567; x_wconf 87' lang='lat' dir='ltr'>debet</span> <span class='ocrx_word' id='word_1_177' title='bbox 721 2527 884 2567; x_wconf 83' lang='lat' dir='ltr'>videri?</span> <span class='ocrx_word' id='word_1_178' title='bbox 926 2530 1037 2568; x_wconf 81' lang='lat' dir='ltr'>Exti-</span> 
     </span>
     <span class='ocr_line' id='line_1_34' title="bbox 62 2587 1035 2640; baseline 0.005 -16"><span class='ocrx_word' id='word_1_179' title='bbox 62 2587 185 2625; x_wconf 87' lang='lat' dir='ltr'>terint</span> <span class='ocrx_word' id='word_1_180' title='bbox 216 2588 306 2627; x_wconf 86' lang='lat' dir='ltr'>licet</span> <span class='ocrx_word' id='word_1_181' title='bbox 337 2590 471 2638; x_wconf 89' lang='lat' dir='ltr'>multi,</span> <span class='ocrx_word' id='word_1_182' title='bbox 501 2592 567 2640; x_wconf 91' lang='lat' dir='ltr'>qui</span> <span class='ocrx_word' id='word_1_183' title='bbox 591 2593 627 2628; x_wconf 91' lang='lat' dir='ltr'>in</span> <span class='ocrx_word' id='word_1_184' title='bbox 661 2591 734 2630; x_wconf 88' lang='lat' dir='ltr'>hac</span> <span class='ocrx_word' id='word_1_185' title='bbox 766 2592 1035 2630; x_wconf 84' lang='lat' dir='ltr'>infelicissima</span> 
     </span>
     <span class='ocr_line' id='line_1_35' title="bbox 61 2652 1036 2704; baseline 0.005 -17"><span class='ocrx_word' id='word_1_186' title='bbox 61 2659 194 2688; x_wconf 87' lang='lat' dir='ltr'>rerum</span> <span class='ocrx_word' id='word_1_187' title='bbox 226 2652 404 2690; x_wconf 90' lang='lat' dir='ltr'>omnium</span> <span class='ocrx_word' id='word_1_188' title='bbox 432 2654 693 2691; x_wconf 73' lang='lat' dir='ltr'>conversione,</span> <span class='ocrx_word' id='word_1_189' title='bbox 716 2659 836 2704; x_wconf 91' lang='lat' dir='ltr'>atque</span> <span class='ocrx_word' id='word_1_190' title='bbox 862 2656 1036 2692; x_wconf 81' lang='lat' dir='ltr'>eversio-</span> 
     </span>
     <span class='ocr_line' id='line_1_36' title="bbox 62 2711 1036 2754; baseline 0.003 -3"><span class='ocrx_word' id='word_1_191' title='bbox 62 2723 111 2751; x_wconf 88' lang='lat' dir='ltr'>ne</span> <span class='ocrx_word' id='word_1_192' title='bbox 141 2711 351 2751; x_wconf 87' lang='lat' dir='ltr'>traducere</span> <span class='ocrx_word' id='word_1_193' title='bbox 381 2715 510 2752; x_wconf 89' lang='lat' dir='ltr'>conati</span> <span class='ocrx_word' id='word_1_194' title='bbox 543 2720 637 2752; x_wconf 90' lang='lat' dir='ltr'>sunt</span> <span class='ocrx_word' id='word_1_195' title='bbox 667 2717 822 2753; x_wconf 85' lang='lat' dir='ltr'>animos</span> <span class='ocrx_word' id='word_1_196' title='bbox 848 2727 868 2754; x_wconf 89' lang='lat' dir='ltr'>a</span> <span class='ocrx_word' id='word_1_197' title='bbox 890 2716 1036 2754; x_wconf 89' lang='lat' dir='ltr'>divinis</span> 
     </span>
     <span class='ocr_line' id='line_1_37' title="bbox 0 2775 1036 2829; baseline 0.005 -16"><span class='ocrx_word' id='word_1_198' title='bbox 0 2779 1 2784; x_wconf 77' lang='grc'>’</span> <span class='ocrx_word' id='word_1_199' title='bbox 65 2775 411 2822; x_wconf 87' lang='lat' dir='ltr'>institutionibus,</span> <span class='ocrx_word' id='word_1_200' title='bbox 438 2780 479 2813; x_wconf 88' lang='lat' dir='ltr'>et</span> <span class='ocrx_word' id='word_1_201' title='bbox 508 2787 527 2814; x_wconf 90' lang='lat' dir='ltr'>a</span> <span class='ocrx_word' id='word_1_202' title='bbox 551 2778 819 2816; x_wconf 79' lang='lat' dir='ltr'>sanctissimis</span> <span class='ocrx_word' id='word_1_203' title='bbox 842 2778 1036 2829; x_wconf 83' lang='lat' dir='ltr'>majorum</span> 
     </span>
     <span class='ocr_line' id='line_1_38' title="bbox 61 2835 1035 2890; baseline 0.002 -14"><span class='ocrx_word' id='word_1_204' title='bbox 61 2837 259 2888; x_wconf 86' lang='lat' dir='ltr'>exemplis</span> <span class='ocrx_word' id='word_1_205' title='bbox 288 2835 335 2875; x_wconf 89' lang='lat' dir='ltr'>ad</span> <span class='ocrx_word' id='word_1_206' title='bbox 362 2837 593 2877; x_wconf 86' lang='lat' dir='ltr'>turbulenta</span> <span class='ocrx_word' id='word_1_207' title='bbox 615 2839 799 2888; x_wconf 85' lang='lat' dir='ltr'>consilia,</span> <span class='ocrx_word' id='word_1_208' title='bbox 827 2841 848 2877; x_wconf 92' lang='lat' dir='ltr'>ii</span> <span class='ocrx_word' id='word_1_209' title='bbox 875 2840 1035 2890; x_wconf 86' lang='lat' dir='ltr'>quidem</span> 
     </span>
     <span class='ocr_line' id='line_1_39' title="bbox 64 2898 1037 2953; baseline 0.002 -15"><span class='ocrx_word' id='word_1_210' title='bbox 64 2898 239 2950; x_wconf 79' lang='lat' dir='ltr'>effugere</span> <span class='ocrx_word' id='word_1_211' title='bbox 271 2901 604 2951; x_wconf 79' lang='lat' dir='ltr'>vituperationem</span> <span class='ocrx_word' id='word_1_212' title='bbox 634 2903 796 2940; x_wconf 88' lang='lat' dir='ltr'>minime</span> <span class='ocrx_word' id='word_1_213' title='bbox 820 2907 1037 2953; x_wconf 79' lang='lat' dir='ltr'>potuerunt</span> 
     </span>
     <span class='ocr_line' id='line_1_40' title="bbox 69 2961 1037 3015; baseline 0.002 -15"><span class='ocrx_word' id='word_1_214' title='bbox 69 2961 133 3001; x_wconf 87' lang='lat' dir='ltr'>vel</span> <span class='ocrx_word' id='word_1_215' title='bbox 163 2973 322 3008; x_wconf 87' lang='lat' dir='ltr'>eorum,</span> <span class='ocrx_word' id='word_1_216' title='bbox 352 2973 453 3014; x_wconf 90' lang='lat' dir='ltr'>quos</span> <span class='ocrx_word' id='word_1_217' title='bbox 483 2964 697 3015; x_wconf 82' lang='lat' dir='ltr'>sperabant</span> <span class='ocrx_word' id='word_1_218' title='bbox 728 2965 807 3004; x_wconf 82' lang='lat' dir='ltr'>fore</span> <span class='ocrx_word' id='word_1_219' title='bbox 833 2965 1037 3003; x_wconf 87' lang='lat' dir='ltr'>libidinum</span> 
     </span>
     <span class='ocr_line' id='line_1_41' title="bbox 68 3025 1037 3077; baseline 0.004 -17"><span class='ocrx_word' id='word_1_220' title='bbox 68 3031 234 3062; x_wconf 88' lang='lat' dir='ltr'>suarum</span> <span class='ocrx_word' id='word_1_221' title='bbox 266 3028 466 3074; x_wconf 87' lang='lat' dir='ltr'>patronos.</span> <span class='ocrx_word' id='word_1_222' title='bbox 504 3025 659 3074; x_wconf 82' lang='lat' dir='ltr'>Virtus,</span> <span class='ocrx_word' id='word_1_223' title='bbox 703 3030 747 3065; x_wconf 83' lang='lat' dir='ltr'>ut</span> <span class='ocrx_word' id='word_1_224' title='bbox 793 3026 1037 3077; x_wconf 80' lang='lat' dir='ltr'>praeclarum</span> 
     </span>
     <span class='ocr_line' id='line_1_42' title="bbox 63 3086 1037 3140; baseline 0.003 -16"><span class='ocrx_word' id='word_1_225' title='bbox 63 3090 127 3124; x_wconf 83' lang='lat' dir='ltr'>est</span> <span class='ocrx_word' id='word_1_226' title='bbox 151 3086 355 3126; x_wconf 90' lang='lat' dir='ltr'>Ciceronis</span> <span class='ocrx_word' id='word_1_227' title='bbox 376 3086 550 3136; x_wconf 88' lang='lat' dir='ltr'>dictum,</span> <span class='ocrx_word' id='word_1_228' title='bbox 578 3090 613 3127; x_wconf 92' lang='lat' dir='ltr'>in</span> <span class='ocrx_word' id='word_1_229' title='bbox 641 3093 883 3140; x_wconf 76' lang='lat' dir='ltr'>tempestate</span> <span class='ocrx_word' id='word_1_230' title='bbox 905 3091 1037 3138; x_wconf 84' lang='lat' dir='ltr'>quieta</span> 
     </span>
     <span class='ocr_line' id='line_1_43' title="bbox 65 3149 1039 3202; baseline 0.004 -16"><span class='ocrx_word' id='word_1_231' title='bbox 65 3151 146 3197; x_wconf 81' lang='lat' dir='ltr'>est,</span> <span class='ocrx_word' id='word_1_232' title='bbox 175 3154 216 3188; x_wconf 87' lang='lat' dir='ltr'>et</span> <span class='ocrx_word' id='word_1_233' title='bbox 245 3149 353 3189; x_wconf 87' lang='lat' dir='ltr'>lucet</span> <span class='ocrx_word' id='word_1_234' title='bbox 384 3151 420 3189; x_wconf 93' lang='lat' dir='ltr'>in</span> <span class='ocrx_word' id='word_1_235' title='bbox 466 3152 665 3201; x_wconf 86' lang='lat' dir='ltr'>tenebris,</span> <span class='ocrx_word' id='word_1_236' title='bbox 711 3157 751 3190; x_wconf 87' lang='lat' dir='ltr'>et</span> <span class='ocrx_word' id='word_1_237' title='bbox 796 3152 908 3202; x_wconf 86' lang='lat' dir='ltr'>pulsa</span> <span class='ocrx_word' id='word_1_238' title='bbox 956 3152 1039 3190; x_wconf 88' lang='lat' dir='ltr'>loco</span> 
     </span>
     <span class='ocr_line' id='line_1_44' title="bbox 66 3214 1040 3266; baseline 0.001 -16"><span class='ocrx_word' id='word_1_239' title='bbox 66 3216 204 3251; x_wconf 85' lang='lat' dir='ltr'>manet</span> <span class='ocrx_word' id='word_1_240' title='bbox 224 3217 356 3253; x_wconf 91' lang='lat' dir='ltr'>tamen</span> <span class='ocrx_word' id='word_1_241' title='bbox 379 3218 500 3265; x_wconf 88' lang='lat' dir='ltr'>atque</span> <span class='ocrx_word' id='word_1_242' title='bbox 523 3214 658 3254; x_wconf 79' lang='lat' dir='ltr'>haeret</span> <span class='ocrx_word' id='word_1_243' title='bbox 685 3216 720 3253; x_wconf 92' lang='lat' dir='ltr'>in</span> <span class='ocrx_word' id='word_1_244' title='bbox 746 3216 886 3266; x_wconf 86' lang='lat' dir='ltr'>patria,</span> <span class='ocrx_word' id='word_1_245' title='bbox 909 3214 1040 3264; x_wconf 89' lang='lat' dir='ltr'>splen-</span> 
     </span>
     <span class='ocr_line' id='line_1_45' title="bbox 66 3271 1039 3329; baseline 0.004 -18"><span class='ocrx_word' id='word_1_246' title='bbox 66 3271 215 3325; x_wconf 87' lang='lat' dir='ltr'>detque</span> <span class='ocrx_word' id='word_1_247' title='bbox 247 3288 316 3327; x_wconf 88' lang='lat' dir='ltr'>per</span> <span class='ocrx_word' id='word_1_248' title='bbox 345 3287 387 3315; x_wconf 89' lang='lat' dir='ltr'>se</span> <span class='ocrx_word' id='word_1_249' title='bbox 418 3288 460 3316; x_wconf 81' lang='lat' dir='ltr'>se</span> <span class='ocrx_word' id='word_1_250' title='bbox 491 3290 671 3329; x_wconf 84' lang='lat' dir='ltr'>semper,</span> <span class='ocrx_word' id='word_1_251' title='bbox 702 3289 774 3316; x_wconf 88' lang='lat' dir='ltr'>nec</span> <span class='ocrx_word' id='word_1_252' title='bbox 806 3278 946 3316; x_wconf 89' lang='lat' dir='ltr'>alienis</span> <span class='ocrx_word' id='word_1_253' title='bbox 970 3289 1039 3316; x_wconf 88' lang='lat' dir='ltr'>un—</span> 
     </span>
     <span class='ocr_line' id='line_1_46' title="bbox 65 3338 659 3386; baseline 0.003 -10"><span class='ocrx_word' id='word_1_254' title='bbox 65 3345 189 3386; x_wconf 86' lang='lat' dir='ltr'>quam</span> <span class='ocrx_word' id='word_1_255' title='bbox 221 3338 404 3378; x_wconf 85' lang='lat' dir='ltr'>sordibus</span> <span class='ocrx_word' id='word_1_256' title='bbox 433 3341 659 3380; x_wconf 86' lang='lat' dir='ltr'>obsolescit.</span> 
     </span>
    </p>

    <p class='ocr_par' dir='ltr' id='par_1_5' title="bbox 120 3399 1041 3455">
     <span class='ocr_line' id='line_1_47' title="bbox 120 3399 1041 3455; baseline 0.005 -17"><span class='ocrx_word' id='word_1_257' title='bbox 120 3399 238 3440; x_wconf 88' lang='lat' dir='ltr'>Porro</span> <span class='ocrx_word' id='word_1_258' title='bbox 267 3403 362 3455; x_wconf 88' lang='lat' dir='ltr'>quid</span> <span class='ocrx_word' id='word_1_259' title='bbox 393 3408 472 3454; x_wconf 86' lang='lat' dir='ltr'>est,</span> <span class='ocrx_word' id='word_1_260' title='bbox 503 3403 607 3455; x_wconf 90' lang='lat' dir='ltr'>quod</span> <span class='ocrx_word' id='word_1_261' title='bbox 639 3403 687 3443; x_wconf 91' lang='lat' dir='ltr'>ab</span> <span class='ocrx_word' id='word_1_262' title='bbox 724 3403 800 3442; x_wconf 88' lang='lat' dir='ltr'>illis</span> <span class='ocrx_word' id='word_1_263' title='bbox 835 3414 911 3441; x_wconf 92' lang='lat' dir='ltr'>non</span> <span class='ocrx_word' id='word_1_264' title='bbox 959 3414 1041 3443; x_wconf 86' lang='lat' dir='ltr'>me-</span> 
     </span>
    </p>
   </div>
   <div class='ocr_carea' id='block_1_5' title="bbox 1101 825 2083 3126">
    <p class='ocr_par' dir='ltr' id='par_1_6' title="bbox 1101 825 2083 3126">
     <span class='ocr_line' id='line_1_48' title="bbox 1103 825 2068 880; baseline -0.007 -11"><span class='ocrx_word' id='word_1_265' title='bbox 1103 835 1214 878; x_wconf 81' lang='lat' dir='ltr'>tuaS,</span> <span class='ocrx_word' id='word_1_266' title='bbox 1244 830 1310 880; x_wconf 91' lang='lat' dir='ltr'>qui</span> <span class='ocrx_word' id='word_1_267' title='bbox 1341 828 1593 878; x_wconf 77' lang='lat' dir='ltr'>religionem,</span> <span class='ocrx_word' id='word_1_268' title='bbox 1625 826 1812 876; x_wconf 88' lang='lat' dir='ltr'>patriam,</span> <span class='ocrx_word' id='word_1_269' title='bbox 1856 830 1895 865; x_wconf 84' lang='lat' dir='ltr'>et</span> <span class='ocrx_word' id='word_1_270' title='bbox 1937 825 2068 864; x_wconf 81' lang='lat' dir='ltr'>omnia</span> 
     </span>
     <span class='ocr_line' id='line_1_49' title="bbox 1104 887 2068 940; baseline -0.006 -10"><span class='ocrx_word' id='word_1_271' title='bbox 1104 892 1270 931; x_wconf 87' lang='lat' dir='ltr'>honesta</span> <span class='ocrx_word' id='word_1_272' title='bbox 1303 891 1469 930; x_wconf 85' lang='lat' dir='ltr'>ludibrio</span> <span class='ocrx_word' id='word_1_273' title='bbox 1501 887 1683 928; x_wconf 76' lang='lat' dir='ltr'>babent?</span> <span class='ocrx_word' id='word_1_274' title='bbox 1729 890 1767 928; x_wconf 85' lang='lat' dir='ltr'>Si</span> <span class='ocrx_word' id='word_1_275' title='bbox 1812 900 1969 940; x_wconf 83' lang='lat' dir='ltr'>pacem,</span> <span class='ocrx_word' id='word_1_276' title='bbox 2012 887 2068 925; x_wconf 91' lang='lat' dir='ltr'>uti</span> 
     </span>
     <span class='ocr_line' id='line_1_50' title="bbox 1104 953 2067 1006; baseline -0.006 -12"><span class='ocrx_word' id='word_1_277' title='bbox 1104 966 1331 1006; x_wconf 79' lang='lat' dir='ltr'>speramuS‚</span> <span class='ocrx_word' id='word_1_278' title='bbox 1364 954 1618 1001; x_wconf 79' lang='lat' dir='ltr'>babebimu5,</span> <span class='ocrx_word' id='word_1_279' title='bbox 1650 958 1825 992; x_wconf 85' lang='lat' dir='ltr'>rectores</span> <span class='ocrx_word' id='word_1_280' title='bbox 1860 953 2067 990; x_wconf 85' lang='lat' dir='ltr'>civitatum</span> 
     </span>
     <span class='ocr_line' id='line_1_51' title="bbox 1103 1016 2073 1068; baseline -0.006 -11"><span class='ocrx_word' id='word_1_281' title='bbox 1103 1030 1236 1058; x_wconf 87' lang='lat' dir='ltr'>rerum</span> <span class='ocrx_word' id='word_1_282' title='bbox 1265 1018 1570 1068; x_wconf 88' lang='lat' dir='ltr'>praeteritarum</span> <span class='ocrx_word' id='word_1_283' title='bbox 1602 1016 1902 1055; x_wconf 85' lang='lat' dir='ltr'>commonefacti</span> <span class='ocrx_word' id='word_1_284' title='bbox 1938 1025 2073 1052; x_wconf 82' lang='lat' dir='ltr'>exem·</span> 
     </span>
     <span class='ocr_line' id='line_1_52' title="bbox 1101 1081 2070 1132; baseline -0.007 -12"><span class='ocrx_word' id='word_1_285' title='bbox 1101 1082 1177 1132; x_wconf 91' lang='lat' dir='ltr'>plis</span> <span class='ocrx_word' id='word_1_286' title='bbox 1215 1081 1456 1132; x_wconf 77' lang='lat' dir='ltr'>intelligent,</span> <span class='ocrx_word' id='word_1_287' title='bbox 1502 1084 1695 1130; x_wconf 87' lang='lat' dir='ltr'>quantum</span> <span class='ocrx_word' id='word_1_288' title='bbox 1740 1090 1831 1127; x_wconf 84' lang='lat' dir='ltr'>sua,</span> <span class='ocrx_word' id='word_1_289' title='bbox 1876 1081 2070 1128; x_wconf 87' lang='lat' dir='ltr'>quantum</span> 
     </span>
     <span class='ocr_line' id='line_1_53' title="bbox 1101 1143 2071 1196; baseline -0.008 -12"><span class='ocrx_word' id='word_1_290' title='bbox 1101 1144 1356 1196; x_wconf 84' lang='lat' dir='ltr'>Reipublicae</span> <span class='ocrx_word' id='word_1_291' title='bbox 1397 1145 1571 1192; x_wconf 83' lang='lat' dir='ltr'>intersit,</span> <span class='ocrx_word' id='word_1_292' title='bbox 1619 1143 1774 1182; x_wconf 88' lang='lat' dir='ltr'>munire</span> <span class='ocrx_word' id='word_1_293' title='bbox 1817 1150 2071 1179; x_wconf 85' lang='lat' dir='ltr'>communem</span> 
     </span>
     <span class='ocr_line' id='line_1_54' title="bbox 1101 1204 2073 1255; baseline -0.006 -8"><span class='ocrx_word' id='word_1_294' title='bbox 1101 1220 1231 1247; x_wconf 88' lang='lat' dir='ltr'>arcem</span> <span class='ocrx_word' id='word_1_295' title='bbox 1264 1208 1479 1254; x_wconf 89' lang='lat' dir='ltr'>bonorum,</span> <span class='ocrx_word' id='word_1_296' title='bbox 1510 1211 1549 1245; x_wconf 87' lang='lat' dir='ltr'>et</span> <span class='ocrx_word' id='word_1_297' title='bbox 1570 1206 1778 1246; x_wconf 83' lang='lat' dir='ltr'>abstruere</span> <span class='ocrx_word' id='word_1_298' title='bbox 1800 1205 1976 1255; x_wconf 85' lang='lat' dir='ltr'>perfugia</span> <span class='ocrx_word' id='word_1_299' title='bbox 2000 1204 2073 1241; x_wconf 92' lang='lat' dir='ltr'>im-</span> 
     </span>
     <span class='ocr_line' id='line_1_55' title="bbox 1102 1269 2073 1324; baseline -0.006 -13"><span class='ocrx_word' id='word_1_300' title='bbox 1102 1272 1337 1324; x_wconf 89' lang='lat' dir='ltr'>proborum,</span> <span class='ocrx_word' id='word_1_301' title='bbox 1368 1271 1502 1321; x_wconf 88' lang='lat' dir='ltr'>etqui</span> <span class='ocrx_word' id='word_1_302' title='bbox 1548 1270 1673 1308; x_wconf 88' lang='lat' dir='ltr'>sacris</span> <span class='ocrx_word' id='word_1_303' title='bbox 1716 1273 1907 1319; x_wconf 84' lang='lat' dir='ltr'>praesunt</span> <span class='ocrx_word' id='word_1_304' title='bbox 1950 1269 2073 1314; x_wconf 66' lang='lat' dir='ltr'>magis</span> 
     </span>
     <span class='ocr_line' id='line_1_56' title="bbox 1104 1331 2073 1386; baseline -0.005 -12"><span class='ocrx_word' id='word_1_305' title='bbox 1104 1337 1311 1386; x_wconf 75' lang='lat' dir='ltr'>magisque</span> <span class='ocrx_word' id='word_1_306' title='bbox 1342 1333 1621 1380; x_wconf 81' lang='lat' dir='ltr'>elaborabunt,</span> <span class='ocrx_word' id='word_1_307' title='bbox 1652 1337 1696 1372; x_wconf 83' lang='lat' dir='ltr'>ut</span> <span class='ocrx_word' id='word_1_308' title='bbox 1727 1344 1802 1370; x_wconf 90' lang='lat' dir='ltr'>non</span> <span class='ocrx_word' id='word_1_309' title='bbox 1836 1331 1897 1369; x_wconf 82' lang='lat' dir='ltr'>hic</span> <span class='ocrx_word' id='word_1_310' title='bbox 1922 1336 2073 1379; x_wconf 91' lang='lat' dir='ltr'>noster,</span> 
     </span>
     <span class='ocr_line' id='line_1_57' title="bbox 1104 1393 2073 1448; baseline -0.004 -12"><span class='ocrx_word' id='word_1_311' title='bbox 1104 1398 1172 1437; x_wconf 90' lang='lat' dir='ltr'>sed</span> <span class='ocrx_word' id='word_1_312' title='bbox 1205 1400 1395 1448; x_wconf 84' lang='lat' dir='ltr'>antiquus</span> <span class='ocrx_word' id='word_1_313' title='bbox 1427 1408 1512 1434; x_wconf 91' lang='lat' dir='ltr'>mos</span> <span class='ocrx_word' id='word_1_314' title='bbox 1543 1398 1696 1446; x_wconf 76' lang='lat' dir='ltr'>vigeat,</span> <span class='ocrx_word' id='word_1_315' title='bbox 1728 1401 1847 1445; x_wconf 86' lang='lat' dir='ltr'>atque</span> <span class='ocrx_word' id='word_1_316' title='bbox 1878 1406 1920 1433; x_wconf 88' lang='lat' dir='ltr'>ea</span> <span class='ocrx_word' id='word_1_317' title='bbox 1945 1393 2073 1432; x_wconf 84' lang='lat' dir='ltr'>studia</span> 
     </span>
     <span class='ocr_line' id='line_1_58' title="bbox 1104 1457 2077 1510; baseline -0.008 -10"><span class='ocrx_word' id='word_1_318' title='bbox 1104 1461 1305 1507; x_wconf 81' lang='lat' dir='ltr'>colantur,</span> <span class='ocrx_word' id='word_1_319' title='bbox 1337 1471 1439 1510; x_wconf 88' lang='lat' dir='ltr'>quae</span> <span class='ocrx_word' id='word_1_320' title='bbox 1471 1458 1516 1497; x_wconf 86' lang='lat' dir='ltr'>ad</span> <span class='ocrx_word' id='word_1_321' title='bbox 1556 1459 1656 1497; x_wconf 86' lang='lat' dir='ltr'>bene</span> <span class='ocrx_word' id='word_1_322' title='bbox 1701 1458 1894 1507; x_wconf 80' lang='lat' dir='ltr'>beateque</span> <span class='ocrx_word' id='word_1_323' title='bbox 1941 1457 2077 1493; x_wconf 88' lang='lat' dir='ltr'>viven-</span> 
     </span>
     <span class='ocr_line' id='line_1_59' title="bbox 1105 1520 2075 1574; baseline -0.006 -12"><span class='ocrx_word' id='word_1_324' title='bbox 1105 1524 1221 1572; x_wconf 87' lang='lat' dir='ltr'>dum,</span> <span class='ocrx_word' id='word_1_325' title='bbox 1252 1533 1482 1574; x_wconf 83' lang='lat' dir='ltr'>quanquam</span> <span class='ocrx_word' id='word_1_326' title='bbox 1516 1522 1561 1559; x_wconf 90' lang='lat' dir='ltr'>iis</span> <span class='ocrx_word' id='word_1_327' title='bbox 1593 1521 1706 1560; x_wconf 90' lang='lat' dir='ltr'>multi</span> <span class='ocrx_word' id='word_1_328' title='bbox 1738 1531 1926 1571; x_wconf 86' lang='lat' dir='ltr'>perverse</span> <span class='ocrx_word' id='word_1_329' title='bbox 1957 1523 1995 1556; x_wconf 88' lang='lat' dir='ltr'>et</span> <span class='ocrx_word' id='word_1_330' title='bbox 2019 1520 2075 1556; x_wconf 91' lang='lat' dir='ltr'>in-</span> 
     </span>
     <span class='ocr_line' id='line_1_60' title="bbox 1104 1581 2077 1639; baseline -0.007 -14"><span class='ocrx_word' id='word_1_331' title='bbox 1104 1591 1214 1639; x_wconf 80' lang='lat' dir='ltr'>grate</span> <span class='ocrx_word' id='word_1_332' title='bbox 1238 1585 1472 1632; x_wconf 81' lang='lat' dir='ltr'>abutantur,</span> <span class='ocrx_word' id='word_1_333' title='bbox 1497 1588 1592 1623; x_wconf 86' lang='lat' dir='ltr'>sunt</span> <span class='ocrx_word' id='word_1_334' title='bbox 1616 1585 1809 1621; x_wconf 86' lang='lat' dir='ltr'>instituta.</span> <span class='ocrx_word' id='word_1_335' title='bbox 1833 1581 1890 1620; x_wconf 83' lang='lat' dir='ltr'>Ad</span> <span class='ocrx_word' id='word_1_336' title='bbox 1916 1581 1949 1618; x_wconf 78' lang='lat' dir='ltr'>id</span> <span class='ocrx_word' id='word_1_337' title='bbox 1977 1591 2077 1631; x_wconf 88' lang='lat' dir='ltr'>opus</span> 
     </span>
     <span class='ocr_line' id='line_1_61' title="bbox 1106 1643 2075 1700; baseline -0.009 -12"><span class='ocrx_word' id='word_1_338' title='bbox 1106 1652 1180 1688; x_wconf 91' lang='lat' dir='ltr'>erit</span> <span class='ocrx_word' id='word_1_339' title='bbox 1213 1650 1433 1700; x_wconf 86' lang='lat' dir='ltr'>magistris,</span> <span class='ocrx_word' id='word_1_340' title='bbox 1465 1659 1635 1699; x_wconf 90' lang='lat' dir='ltr'>quorum</span> <span class='ocrx_word' id='word_1_341' title='bbox 1668 1651 1757 1683; x_wconf 88' lang='lat' dir='ltr'>nota</span> <span class='ocrx_word' id='word_1_342' title='bbox 1791 1646 1842 1683; x_wconf 87' lang='lat' dir='ltr'>sit</span> <span class='ocrx_word' id='word_1_343' title='bbox 1878 1643 2075 1689; x_wconf 72' lang='lat' dir='ltr'>doctrina,</span> 
     </span>
     <span class='ocr_line' id='line_1_62' title="bbox 1108 1707 2077 1751; baseline -0.008 0"><span class='ocrx_word' id='word_1_344' title='bbox 1108 1713 1278 1751; x_wconf 84' lang='lat' dir='ltr'>facultas</span> <span class='ocrx_word' id='word_1_345' title='bbox 1309 1713 1427 1750; x_wconf 84' lang='lat' dir='ltr'>etiam</span> <span class='ocrx_word' id='word_1_346' title='bbox 1460 1717 1499 1748; x_wconf 87' lang='lat' dir='ltr'>et</span> <span class='ocrx_word' id='word_1_347' title='bbox 1529 1710 1748 1748; x_wconf 84' lang='lat' dir='ltr'>dexteritas</span> <span class='ocrx_word' id='word_1_348' title='bbox 1778 1709 1814 1745; x_wconf 93' lang='lat' dir='ltr'>in</span> <span class='ocrx_word' id='word_1_349' title='bbox 1847 1718 1891 1744; x_wconf 89' lang='lat' dir='ltr'>ea</span> <span class='ocrx_word' id='word_1_350' title='bbox 1934 1707 2077 1744; x_wconf 87' lang='lat' dir='ltr'>ceteris</span> 
     </span>
     <span class='ocr_line' id='line_1_63' title="bbox 1104 1773 2079 1824; baseline -0.009 -11"><span class='ocrx_word' id='word_1_351' title='bbox 1104 1774 1316 1822; x_wconf 83' lang='lat' dir='ltr'>tradenda,</span> <span class='ocrx_word' id='word_1_352' title='bbox 1347 1779 1388 1812; x_wconf 88' lang='lat' dir='ltr'>et</span> <span class='ocrx_word' id='word_1_353' title='bbox 1417 1773 1519 1824; x_wconf 85' lang='lat' dir='ltr'>quod</span> <span class='ocrx_word' id='word_1_354' title='bbox 1551 1777 1672 1822; x_wconf 87' lang='lat' dir='ltr'>caput</span> <span class='ocrx_word' id='word_1_355' title='bbox 1700 1774 1778 1817; x_wconf 81' lang='lat' dir='ltr'>est,</span> <span class='ocrx_word' id='word_1_356' title='bbox 1806 1780 1959 1808; x_wconf 88' lang='lat' dir='ltr'>morum</span> <span class='ocrx_word' id='word_1_357' title='bbox 1993 1780 2079 1817; x_wconf 89' lang='lat' dir='ltr'>pro-</span> 
     </span>
     <span class='ocr_line' id='line_1_64' title="bbox 1104 1832 2076 1887; baseline -0.009 -9"><span class='ocrx_word' id='word_1_358' title='bbox 1104 1840 1236 1887; x_wconf 86' lang='lat' dir='ltr'>bitas;</span> <span class='ocrx_word' id='word_1_359' title='bbox 1267 1839 1361 1878; x_wconf 82' lang='lat' dir='ltr'>nihil</span> <span class='ocrx_word' id='word_1_360' title='bbox 1393 1840 1498 1876; x_wconf 84' lang='lat' dir='ltr'>enim</span> <span class='ocrx_word' id='word_1_361' title='bbox 1527 1837 1657 1875; x_wconf 88' lang='lat' dir='ltr'>dicere</span> <span class='ocrx_word' id='word_1_362' title='bbox 1688 1840 1727 1874; x_wconf 86' lang='lat' dir='ltr'>et</span> <span class='ocrx_word' id='word_1_363' title='bbox 1758 1835 1884 1873; x_wconf 82' lang='lat' dir='ltr'>facere</span> <span class='ocrx_word' id='word_1_364' title='bbox 1911 1832 2076 1876; x_wconf 85' lang='lat' dir='ltr'>debent,</span> 
     </span>
     <span class='ocr_line' id='line_1_65' title="bbox 1105 1898 2076 1953; baseline -0.009 -12"><span class='ocrx_word' id='word_1_365' title='bbox 1105 1902 1208 1953; x_wconf 88' lang='lat' dir='ltr'>quod</span> <span class='ocrx_word' id='word_1_366' title='bbox 1243 1902 1394 1940; x_wconf 80' lang='lat' dir='ltr'>malurn</span> <span class='ocrx_word' id='word_1_367' title='bbox 1427 1901 1543 1939; x_wconf 76' lang='lat' dir='ltr'>oleat.</span> <span class='ocrx_word' id='word_1_368' title='bbox 1580 1901 1658 1939; x_wconf 68' lang='lat' dir='ltr'>Nee</span> <span class='ocrx_word' id='word_1_369' title='bbox 1702 1898 1877 1949; x_wconf 85' lang='lat' dir='ltr'>probatis</span> <span class='ocrx_word' id='word_1_370' title='bbox 1921 1900 2076 1934; x_wconf 87' lang='lat' dir='ltr'>tantum</span> 
     </span>
     <span class='ocr_line' id='line_1_66' title="bbox 1105 1962 2078 2013; baseline -0.01 -8"><span class='ocrx_word' id='word_1_371' title='bbox 1105 1970 1224 2005; x_wconf 86' lang='lat' dir='ltr'>erunt</span> <span class='ocrx_word' id='word_1_372' title='bbox 1256 1965 1456 2004; x_wconf 85' lang='lat' dir='ltr'>moribus.</span> <span class='ocrx_word' id='word_1_373' title='bbox 1486 1963 1553 2002; x_wconf 92' lang='lat' dir='ltr'>sed</span> <span class='ocrx_word' id='word_1_374' title='bbox 1588 1963 1808 2013; x_wconf 84' lang='lat' dir='ltr'>prudentes</span> <span class='ocrx_word' id='word_1_375' title='bbox 1839 1971 2016 2011; x_wconf 79' lang='lat' dir='ltr'>queque,</span> <span class='ocrx_word' id='word_1_376' title='bbox 2038 1962 2078 1996; x_wconf 88' lang='lat' dir='ltr'>et</span> 
     </span>
     <span class='ocr_line' id='line_1_67' title="bbox 1106 2025 2074 2079; baseline -0.009 -12"><span class='ocrx_word' id='word_1_377' title='bbox 1106 2030 1308 2079; x_wconf 80' lang='lat' dir='ltr'>ingenium</span> <span class='ocrx_word' id='word_1_378' title='bbox 1333 2028 1534 2066; x_wconf 83' lang='lat' dir='ltr'>habebunt</span> <span class='ocrx_word' id='word_1_379' title='bbox 1556 2025 1855 2065; x_wconf 81' lang='lat' dir='ltr'>accomodatum</span> <span class='ocrx_word' id='word_1_380' title='bbox 1883 2025 2074 2072; x_wconf 80' lang='lat' dir='ltr'>ei.quam</span> 
     </span>
     <span class='ocr_line' id='line_1_68' title="bbox 1107 2085 2078 2143; baseline -0.009 -13"><span class='ocrx_word' id='word_1_381' title='bbox 1107 2093 1364 2143; x_wconf 78' lang='lat' dir='ltr'>profitentur,</span> <span class='ocrx_word' id='word_1_382' title='bbox 1383 2092 1455 2129; x_wconf 86' lang='lat' dir='ltr'>arti</span> <span class='ocrx_word' id='word_1_383' title='bbox 1482 2095 1602 2140; x_wconf 89' lang='lat' dir='ltr'>atque</span> <span class='ocrx_word' id='word_1_384' title='bbox 1624 2090 1656 2127; x_wconf 89' lang='lat' dir='ltr'>ei</span> <span class='ocrx_word' id='word_1_385' title='bbox 1684 2088 1817 2139; x_wconf 78' lang='lat' dir='ltr'>generi</span> <span class='ocrx_word' id='word_1_386' title='bbox 1839 2085 2078 2129; x_wconf 84' lang='lat' dir='ltr'>auditorum,</span> 
     </span>
     <span class='ocr_line' id='line_1_69' title="bbox 1107 2147 2078 2205; baseline -0.008 -13"><span class='ocrx_word' id='word_1_387' title='bbox 1107 2166 1208 2205; x_wconf 87' lang='lat' dir='ltr'>quos</span> <span class='ocrx_word' id='word_1_388' title='bbox 1239 2155 1275 2192; x_wconf 91' lang='lat' dir='ltr'>in</span> <span class='ocrx_word' id='word_1_389' title='bbox 1308 2153 1556 2204; x_wconf 85' lang='lat' dir='ltr'>disciplinam</span> <span class='ocrx_word' id='word_1_390' title='bbox 1590 2163 1795 2201; x_wconf 80' lang='lat' dir='ltr'>recepere,</span> <span class='ocrx_word' id='word_1_391' title='bbox 1826 2160 1903 2199; x_wconf 88' lang='lat' dir='ltr'>quo</span> <span class='ocrx_word' id='word_1_392' title='bbox 1936 2147 2078 2185; x_wconf 85' lang='lat' dir='ltr'>melius</span> 
     </span>
     <span class='ocr_line' id='line_1_70' title="bbox 1107 2209 2079 2266; baseline -0.01 -10"><span class='ocrx_word' id='word_1_393' title='bbox 1107 2222 1147 2256; x_wconf 89' lang='lat' dir='ltr'>et</span> <span class='ocrx_word' id='word_1_394' title='bbox 1178 2218 1199 2254; x_wconf 91' lang='lat' dir='ltr'>ii</span> <span class='ocrx_word' id='word_1_395' title='bbox 1231 2217 1410 2263; x_wconf 83' lang='lat' dir='ltr'>tradant,</span> <span class='ocrx_word' id='word_1_396' title='bbox 1437 2220 1477 2254; x_wconf 89' lang='lat' dir='ltr'>et</span> <span class='ocrx_word' id='word_1_397' title='bbox 1507 2216 1543 2253; x_wconf 77' lang='lat' dir='ltr'>hi</span> <span class='ocrx_word' id='word_1_398' title='bbox 1576 2215 1808 2266; x_wconf 81' lang='lat' dir='ltr'>percipiant.</span> <span class='ocrx_word' id='word_1_399' title='bbox 1840 2214 1922 2251; x_wconf 65' lang='lat' dir='ltr'>Non</span> <span class='ocrx_word' id='word_1_400' title='bbox 1955 2209 2079 2248; x_wconf 85' lang='lat' dir='ltr'>rabio-</span> 
     </span>
     <span class='ocr_line' id='line_1_71' title="bbox 1109 2271 2075 2326; baseline -0.008 -8"><span class='ocrx_word' id='word_1_401' title='bbox 1109 2291 1179 2319; x_wconf 90' lang='lat' dir='ltr'>sus</span> <span class='ocrx_word' id='word_1_402' title='bbox 1210 2281 1261 2318; x_wconf 85' lang='lat' dir='ltr'>sit</span> <span class='ocrx_word' id='word_1_403' title='bbox 1291 2280 1600 2324; x_wconf 84' lang='lat' dir='ltr'>Grammaticus,</span> <span class='ocrx_word' id='word_1_404' title='bbox 1629 2289 1704 2315; x_wconf 87' lang='lat' dir='ltr'>non</span> <span class='ocrx_word' id='word_1_405' title='bbox 1733 2277 1983 2326; x_wconf 89' lang='lat' dir='ltr'>ineptiarum,</span> <span class='ocrx_word' id='word_1_406' title='bbox 2006 2271 2075 2310; x_wconf 88' lang='lat' dir='ltr'>sed</span> 
     </span>
     <span class='ocr_line' id='line_1_72' title="bbox 1108 2338 2079 2392; baseline -0.008 -12"><span class='ocrx_word' id='word_1_407' title='bbox 1108 2353 1321 2392; x_wconf 80' lang='lat' dir='ltr'>germanae</span> <span class='ocrx_word' id='word_1_408' title='bbox 1346 2342 1595 2392; x_wconf 84' lang='lat' dir='ltr'>eloquentiae</span> <span class='ocrx_word' id='word_1_409' title='bbox 1620 2339 1799 2378; x_wconf 80' lang='lat' dir='ltr'>laudator</span> <span class='ocrx_word' id='word_1_410' title='bbox 1819 2338 1975 2379; x_wconf 78' lang='lat' dir='ltr'>Rhetor,</span> <span class='ocrx_word' id='word_1_411' title='bbox 2004 2345 2079 2373; x_wconf 90' lang='lat' dir='ltr'>non</span> 
     </span>
     <span class='ocr_line' id='line_1_73' title="bbox 1110 2399 2082 2457; baseline -0.007 -13"><span class='ocrx_word' id='word_1_412' title='bbox 1110 2407 1292 2457; x_wconf 77' lang='lat' dir='ltr'>pertinax</span> <span class='ocrx_word' id='word_1_413' title='bbox 1325 2405 1473 2455; x_wconf 80' lang='lat' dir='ltr'>allique</span> <span class='ocrx_word' id='word_1_414' title='bbox 1504 2408 1636 2442; x_wconf 83' lang='lat' dir='ltr'>sectae</span> <span class='ocrx_word' id='word_1_415' title='bbox 1681 2402 1865 2441; x_wconf 84' lang='lat' dir='ltr'>addictus</span> <span class='ocrx_word' id='word_1_416' title='bbox 1909 2399 2082 2438; x_wconf 80' lang='lat' dir='ltr'>Philoso-</span> 
     </span>
     <span class='ocr_line' id='line_1_74' title="bbox 1110 2461 2080 2519; baseline -0.009 -12"><span class='ocrx_word' id='word_1_417' title='bbox 1110 2468 1234 2519; x_wconf 88' lang='lat' dir='ltr'>phus,</span> <span class='ocrx_word' id='word_1_418' title='bbox 1268 2480 1343 2506; x_wconf 89' lang='lat' dir='ltr'>non</span> <span class='ocrx_word' id='word_1_419' title='bbox 1376 2470 1536 2515; x_wconf 80' lang='lat' dir='ltr'>rixosus</span> <span class='ocrx_word' id='word_1_420' title='bbox 1567 2466 1804 2515; x_wconf 69' lang='lat' dir='ltr'>Theologus,</span> <span class='ocrx_word' id='word_1_421' title='bbox 1836 2474 1975 2502; x_wconf 89' lang='lat' dir='ltr'>omnes</span> <span class='ocrx_word' id='word_1_422' title='bbox 2012 2461 2080 2499; x_wconf 92' lang='lat' dir='ltr'>de-</span> 
     </span>
     <span class='ocr_line' id='line_1_75' title="bbox 1112 2527 2080 2581; baseline -0.008 -12"><span class='ocrx_word' id='word_1_423' title='bbox 1112 2532 1231 2581; x_wconf 88' lang='lat' dir='ltr'>nique</span> <span class='ocrx_word' id='word_1_424' title='bbox 1261 2536 1431 2569; x_wconf 85' lang='lat' dir='ltr'>caveant</span> <span class='ocrx_word' id='word_1_425' title='bbox 1454 2530 1757 2580; x_wconf 81' lang='lat' dir='ltr'>intempestiva,</span> <span class='ocrx_word' id='word_1_426' title='bbox 1785 2527 1938 2572; x_wconf 86' lang='lat' dir='ltr'>odiosa,</span> <span class='ocrx_word' id='word_1_427' title='bbox 1961 2530 2080 2574; x_wconf 88' lang='lat' dir='ltr'>atque</span> 
     </span>
     <span class='ocr_line' id='line_1_76' title="bbox 1112 2586 2082 2641; baseline -0.007 -12"><span class='ocrx_word' id='word_1_428' title='bbox 1112 2593 1328 2630; x_wconf 76' lang='lat' dir='ltr'>inefficacia</span> <span class='ocrx_word' id='word_1_429' title='bbox 1360 2592 1600 2641; x_wconf 86' lang='lat' dir='ltr'>praecipere.</span> <span class='ocrx_word' id='word_1_430' title='bbox 1632 2589 1688 2628; x_wconf 76' lang='lat' dir='ltr'>Aa</span> <span class='ocrx_word' id='word_1_431' title='bbox 1724 2589 1758 2627; x_wconf 87' lang='lat' dir='ltr'>id</span> <span class='ocrx_word' id='word_1_432' title='bbox 1792 2588 1960 2626; x_wconf 80' lang='lat' dir='ltr'>filiorum</span> <span class='ocrx_word' id='word_1_433' title='bbox 1999 2586 2082 2623; x_wconf 93' lang='lat' dir='ltr'>loco</span> 
     </span>
     <span class='ocr_line' id='line_1_77' title="bbox 1112 2649 2080 2704; baseline -0.007 -12"><span class='ocrx_word' id='word_1_434' title='bbox 1112 2654 1283 2692; x_wconf 83' lang='lat' dir='ltr'>habeant</span> <span class='ocrx_word' id='word_1_435' title='bbox 1315 2654 1552 2704; x_wconf 84' lang='lat' dir='ltr'>discipulos,</span> <span class='ocrx_word' id='word_1_436' title='bbox 1587 2664 1657 2690; x_wconf 87' lang='lat' dir='ltr'>nec</span> <span class='ocrx_word' id='word_1_437' title='bbox 1689 2652 1880 2700; x_wconf 79' lang='lat' dir='ltr'>pecuniae</span> <span class='ocrx_word' id='word_1_438' title='bbox 1913 2649 2080 2686; x_wconf 87' lang='lat' dir='ltr'>nimium</span> 
     </span>
     <span class='ocr_line' id='line_1_78' title="bbox 1111 2710 2082 2766; baseline -0.006 -12"><span class='ocrx_word' id='word_1_439' title='bbox 1111 2718 1189 2755; x_wconf 88' lang='lat' dir='ltr'>sint</span> <span class='ocrx_word' id='word_1_440' title='bbox 1220 2715 1350 2764; x_wconf 80' lang='lat' dir='ltr'>avidi3</span> <span class='ocrx_word' id='word_1_441' title='bbox 1387 2727 1590 2766; x_wconf 87' lang='lat' dir='ltr'>nunquam</span> <span class='ocrx_word' id='word_1_442' title='bbox 1624 2715 1728 2752; x_wconf 84' lang='lat' dir='ltr'>enim</span> <span class='ocrx_word' id='word_1_443' title='bbox 1769 2714 1867 2750; x_wconf 88' lang='lat' dir='ltr'>bene</span> <span class='ocrx_word' id='word_1_444' title='bbox 1913 2710 2082 2749; x_wconf 80' lang='lat' dir='ltr'>traditur</span> 
     </span>
     <span class='ocr_line' id='line_1_79' title="bbox 1111 2773 2082 2828; baseline -0.007 -12"><span class='ocrx_word' id='word_1_445' title='bbox 1111 2778 1340 2828; x_wconf 86' lang='lat' dir='ltr'>disciplina,</span> <span class='ocrx_word' id='word_1_446' title='bbox 1372 2789 1472 2827; x_wconf 86' lang='lat' dir='ltr'>quae</span> <span class='ocrx_word' id='word_1_447' title='bbox 1504 2776 1711 2819; x_wconf 81' lang='lat' dir='ltr'>venditur,</span> <span class='ocrx_word' id='word_1_448' title='bbox 1738 2775 1840 2825; x_wconf 86' lang='lat' dir='ltr'>qnod</span> <span class='ocrx_word' id='word_1_449' title='bbox 1876 2776 1911 2811; x_wconf 91' lang='lat' dir='ltr'>in</span> <span class='ocrx_word' id='word_1_450' title='bbox 1945 2773 2082 2823; x_wconf 86' lang='lat' dir='ltr'>primis</span> 
     </span>
     <span class='ocr_line' id='line_1_80' title="bbox 1112 2835 2080 2885; baseline -0.008 -6"><span class='ocrx_word' id='word_1_451' title='bbox 1112 2841 1304 2879; x_wconf 83' lang='lat' dir='ltr'>vitavisse</span> <span class='ocrx_word' id='word_1_452' title='bbox 1334 2840 1535 2877; x_wconf 75' lang='lat' dir='ltr'>Socratem</span> <span class='ocrx_word' id='word_1_453' title='bbox 1576 2843 1713 2877; x_wconf 74' lang='lat' dir='ltr'>auctor</span> <span class='ocrx_word' id='word_1_454' title='bbox 1756 2843 1817 2874; x_wconf 84' lang='lat' dir='ltr'>est</span> <span class='ocrx_word' id='word_1_455' title='bbox 1861 2835 2080 2885; x_wconf 81' lang='lat' dir='ltr'>Xenophon</span> 
     </span>
     <span class='ocr_line' id='line_1_81' title="bbox 1113 2897 2083 2950; baseline -0.004 -11"><span class='ocrx_word' id='word_1_456' title='bbox 1113 2903 1149 2939; x_wconf 91' lang='lat' dir='ltr'>in</span> <span class='ocrx_word' id='word_1_457' title='bbox 1182 2902 1502 2941; x_wconf 84' lang='lat' dir='ltr'>Commentariis.</span> <span class='ocrx_word' id='word_1_458' title='bbox 1535 2900 1720 2938; x_wconf 75' lang='lat' dir='ltr'>Gratulor</span> <span class='ocrx_word' id='word_1_459' title='bbox 1752 2900 1818 2938; x_wconf 87' lang='lat' dir='ltr'>tibi</span> <span class='ocrx_word' id='word_1_460' title='bbox 1864 2898 1966 2950; x_wconf 88' lang='lat' dir='ltr'>quod</span> <span class='ocrx_word' id='word_1_461' title='bbox 2011 2897 2083 2936; x_wconf 73' lang='lat' dir='ltr'>liu-</span> 
     </span>
     <span class='ocr_line' id='line_1_82' title="bbox 1109 2961 2081 3013; baseline -0.004 -11"><span class='ocrx_word' id='word_1_462' title='bbox 1109 2962 1284 3013; x_wconf 85' lang='lat' dir='ltr'>jusmodi</span> <span class='ocrx_word' id='word_1_463' title='bbox 1317 2964 1448 3013; x_wconf 86' lang='lat' dir='ltr'>plures</span> <span class='ocrx_word' id='word_1_464' title='bbox 1481 2963 1626 3001; x_wconf 75' lang='lat' dir='ltr'>liabens</span> <span class='ocrx_word' id='word_1_465' title='bbox 1658 2961 1881 3013; x_wconf 69' lang='lat' dir='ltr'>adjutores,</span> <span class='ocrx_word' id='word_1_466' title='bbox 1911 2962 1976 3011; x_wconf 79' lang='lat' dir='ltr'>qui</span> <span class='ocrx_word' id='word_1_467' title='bbox 2005 2971 2081 2998; x_wconf 91' lang='lat' dir='ltr'>non</span> 
     </span>
     <span class='ocr_line' id='line_1_83' title="bbox 1113 3024 2082 3075; baseline -0.002 -12"><span class='ocrx_word' id='word_1_468' title='bbox 1113 3026 1316 3075; x_wconf 88' lang='lat' dir='ltr'>patientur</span> <span class='ocrx_word' id='word_1_469' title='bbox 1346 3024 1506 3074; x_wconf 83' lang='lat' dir='ltr'>quidem</span> <span class='ocrx_word' id='word_1_470' title='bbox 1538 3026 1686 3074; x_wconf 84' lang='lat' dir='ltr'>optima</span> <span class='ocrx_word' id='word_1_471' title='bbox 1718 3024 1849 3063; x_wconf 84' lang='lat' dir='ltr'>studia</span> <span class='ocrx_word' id='word_1_472' title='bbox 1872 3035 1892 3062; x_wconf 89' lang='lat' dir='ltr'>a</span> <span class='ocrx_word' id='word_1_473' title='bbox 1914 3025 2082 3073; x_wconf 80' lang='lat' dir='ltr'>Mansio,</span> 
     </span>
     <span class='ocr_line' id='line_1_84' title="bbox 1113 3087 1751 3126; baseline 0.002 -1"><span class='ocrx_word' id='word_1_474' title='bbox 1113 3092 1154 3125; x_wconf 86' lang='lat' dir='ltr'>et</span> <span class='ocrx_word' id='word_1_475' title='bbox 1183 3098 1202 3125; x_wconf 88' lang='lat' dir='ltr'>a</span> <span class='ocrx_word' id='word_1_476' title='bbox 1235 3091 1272 3125; x_wconf 89' lang='lat' dir='ltr'>te</span> <span class='ocrx_word' id='word_1_477' title='bbox 1304 3087 1475 3125; x_wconf 89' lang='lat' dir='ltr'>summis</span> <span class='ocrx_word' id='word_1_478' title='bbox 1504 3089 1614 3126; x_wconf 85' lang='lat' dir='ltr'>curis</span> <span class='ocrx_word' id='word_1_479' title='bbox 1645 3087 1751 3126; x_wconf 81' lang='lat' dir='ltr'>culta</span> 
     </span>
    </p>
   </div>
   <div class='ocr_carea' id='block_1_6' title="bbox 1176 3156 2058 3197">
    <p class='ocr_par' dir='ltr' id='par_1_7' title="bbox 1176 3156 2058 3197">
     <span class='ocr_line' id='line_1_85' title="bbox 1176 3156 2058 3197; baseline 0.002 -11"><span class='ocrx_word' id='word_1_480' title='bbox 1176 3177 1184 3186; x_wconf 92' lang='lat'>.</span> <span class='ocrx_word' id='word_1_481' title='bbox 1209 3178 1217 3186; x_wconf 90' lang='lat'>.</span> <span class='ocrx_word' id='word_1_482' title='bbox 1245 3156 1275 3185; x_wconf 89' lang='lat' dir='ltr'>in</span> <span class='ocrx_word' id='word_1_483' title='bbox 1303 3157 1400 3197; x_wconf 71' lang='lat' dir='ltr'>pejus</span> <span class='ocrx_word' id='word_1_484' title='bbox 1425 3165 1528 3187; x_wconf 78' lang='lat' dir='ltr'>ruere</span> <span class='ocrx_word' id='word_1_485' title='bbox 1545 3180 1553 3190; x_wconf 72' lang='grc'>,</span> <span class='ocrx_word' id='word_1_486' title='bbox 1579 3160 1612 3187; x_wconf 88' lang='lat' dir='ltr'>et</span> <span class='ocrx_word' id='word_1_487' title='bbox 1637 3162 1730 3188; x_wconf 76' lang='lat' dir='ltr'>retro</span> <span class='ocrx_word' id='word_1_488' title='bbox 1754 3157 1911 3195; x_wconf 78' lang='lat' dir='ltr'>sublapsa</span> <span class='ocrx_word' id='word_1_489' title='bbox 1937 3156 2058 3188; x_wconf 84' lang='lat' dir='ltr'>referri</span> 
     </span>
    </p>
   </div>
   <div class='ocr_carea' id='block_1_7' title="bbox 1114 3217 2083 3449">
    <p class='ocr_par' dir='ltr' id='par_1_8' title="bbox 1114 3217 2083 3381">
     <span class='ocr_line' id='line_1_86' title="bbox 1114 3217 2083 3269; baseline 0.003 -14"><span class='ocrx_word' id='word_1_490' title='bbox 1114 3221 1154 3255; x_wconf 89' lang='lat' dir='ltr'>et</span> <span class='ocrx_word' id='word_1_491' title='bbox 1184 3217 1359 3257; x_wconf 73' lang='lat' dir='ltr'>subsidia</span> <span class='ocrx_word' id='word_1_492' title='bbox 1393 3218 1611 3258; x_wconf 84' lang='lat' dir='ltr'>industriae</span> <span class='ocrx_word' id='word_1_493' title='bbox 1652 3224 1772 3269; x_wconf 88' lang='lat' dir='ltr'>atque</span> <span class='ocrx_word' id='word_1_494' title='bbox 1817 3220 2083 3258; x_wconf 87' lang='lat' dir='ltr'>instrumenta</span> 
     </span>
     <span class='ocr_line' id='line_1_87' title="bbox 1116 3281 2081 3333; baseline 0.004 -18"><span class='ocrx_word' id='word_1_495' title='bbox 1116 3281 1277 3319; x_wconf 89' lang='lat' dir='ltr'>virtutis</span> <span class='ocrx_word' id='word_1_496' title='bbox 1314 3282 1350 3319; x_wconf 93' lang='lat' dir='ltr'>in</span> <span class='ocrx_word' id='word_1_497' title='bbox 1397 3282 1555 3321; x_wconf 88' lang='lat' dir='ltr'>libidine</span> <span class='ocrx_word' id='word_1_498' title='bbox 1601 3282 1844 3333; x_wconf 85' lang='lat' dir='ltr'>audaciaque</span> <span class='ocrx_word' id='word_1_499' title='bbox 1888 3283 2081 3323; x_wconf 87' lang='lat' dir='ltr'>consumi.</span> 
     </span>
     <span class='ocr_line' id='line_1_88' title="bbox 1117 3342 1225 3381; baseline 0 0"><span class='ocrx_word' id='word_1_500' title='bbox 1117 3342 1225 3381; x_wconf 74' lang='lat' dir='ltr'>Vale.</span> 
     </span>
    </p>

    <p class='ocr_par' dir='ltr' id='par_1_9' title="bbox 1303 3405 2004 3449">
     <span class='ocr_line' id='line_1_89' title="bbox 1303 3405 2004 3449; baseline 0.001 -5"><span class='ocrx_word' id='word_1_501' title='bbox 1303 3405 1524 3448; x_wconf 86' lang='lat' dir='ltr'>Florentiae</span> <span class='ocrx_word' id='word_1_502' title='bbox 1553 3408 1650 3447; x_wconf 79' lang='lat' dir='ltr'>Non.</span> <span class='ocrx_word' id='word_1_503' title='bbox 1682 3408 1770 3448; x_wconf 87' lang='lat' dir='ltr'>Oct.</span> <span class='ocrx_word' id='word_1_504' title='bbox 1800 3408 2004 3449; x_wconf 83' lang='lat' dir='ltr'>MDCCCI.</span> 
     </span>
    </p>
   </div>
   <div class='ocr_carea' id='block_1_8' title="bbox 1694 3489 1744 3512">
    <p class='ocr_par' dir='ltr' id='par_1_10' title="bbox 1694 3489 1744 3512">
     <span class='ocr_line' id='line_1_90' title="bbox 1694 3489 1744 3512; baseline 0 0"><span class='ocrx_word' id='word_1_505' title='bbox 1694 3489 1744 3512; x_wconf 50' lang='grc' dir='ltr'>*ᾗ</span> 
     </span>
    </p>
   </div>
  </div>
 </body>
</html>
