2500 3841
920 221 953 259 D
972 220 1007 259 O
1030 220 1062 259 T
1084 220 1115 258 T
1137 221 1172 259 A
1191 220 1223 258 N
1249 220 1279 259 U
1299 220 1324 258 S

133 309 206 336 rus
229 296 282 336 sit
300 293 484 347 quisquis
502 304 577 331 non
597 293 753 332 omnino
773 291 973 332 bonarum
996 291 1095 331 litte-

132 371 280 398 rarum
296 357 413 397 rudis
433 355 598 408 proprie
622 355 722 394 hanc
747 369 831 395 rem
852 355 1086 407 vesciqarit,

128 421 175 461 de
205 433 287 474 qua
314 420 491 459 libellum
523 419 748 469 composui,
778 431 894 470 quem
925 418 1089 458 Lovctnii

125 484 166 522 in
189 482 326 523 schola
340 480 505 534 publicu
523 480 748 532 Theoloqiae
768 481 955 520 studiosis
965 492 1086 532 prae-

125 545 225 597 leqi:
250 549 289 584 et
314 556 427 584 eram
452 544 618 594 insuper
640 543 680 582 in
714 544 1054 595 disputationibus
1075 574 1082 594 ,

123 619 226 660 quas
249 610 394 646 vocant
419 607 744 655 Quodlibeticas,
769 606 824 644 ad
852 606 990 645 eadem
1020 618 1084 645 re-

121 680 362 721 sponsurus,
380 668 429 708 id
440 668 545 720 quod
560 668 782 720 complures
801 668 951 707 eruditi
958 667 1083 721 probe

121 734 292 780 norunt,
318 742 366 769 ac
389 731 533 770 testari
552 734 701 782 queant
715 762 724 778 ,
746 731 790 769 ni
808 731 964 770 veritus
981 730 1083 783 suis-

121 805 204 833 sem
226 805 274 832 ne
293 793 547 845 quorundam
577 805 700 832 aures
730 793 887 833 novitas
914 792 1081 843 offende-

120 859 207 905 ret,
233 868 260 895 a
279 868 339 895 me
357 856 603 907 praesertim
622 854 821 908 profecta⁷
847 855 1000 894 homine
1023 856 1084 903 (ut

121 919 219 971 ipsis
257 918 372 958 visus
411 921 512 968 sum)
548 930 660 958 novO.
685 919 853 969 Scripsit
877 921 1082 967 praeterea

120 982 293 1032 Dorpius
315 1010 323 1028 ‚
349 982 596 1032 prooemium
633 984 673 1019 et
698 980 818 1018 finem
841 977 1082 1017 Aululariae

120 1041 638 1092 Plautinaeetprologumin
657 1042 1012 1092 Pyrgopolinicem,
1029 1041 1082 1078 si-

117 1117 168 1144 ve
183 1103 349 1144 Militem
364 1105 491 1142 Plauti
509 1103 751 1154 yloriosum:
777 1103 1007 1142 Orationem
1033 1103 1081 1140 de

119 1165 307 1207 laudzbus
341 1165 567 1205 Aristotelis
596 1166 794 1205 adversus
820 1166 1078 1204 Laurentium

117 1229 285 1275 Vallam,
296 1228 553 1267 habitamAn.
568 1229 670 1267 1510
681 1228 910 1278 ed.tamque
921 1228 1081 1265 Lovanii

121 1292 239 1339 4544,
264 1289 301 1329 lia.
332 1289 462 1329 Aliam
487 1289 533 1328 de
558 1288 748 1328 laudibus
773 1289 946 1328 omnium
962 1288 1080 1327 disci-

115 1351 326 1405 plinarum
363 1354 401 1390 et
435 1351 712 1390 amoenissimi
742 1349 1082 1390 LovaniiAcade-

117 1414 298 1466 miaeque
307 1412 578 1453 Lovaniensis.
590 1413 747 1452 ibidem.
764 1415 820 1452 De
836 1412 1079 1452 assumtione

123 1476 296 1528 Viryinis
333 1475 558 1527 Dez‘parae:
598 1474 808 1526 Dz'aloqum
850 1474 1010 1514 Veneris
1046 1477 1083 1513 et

123 1536 358 1591 Cupidinis,
389 1539 601 1577 Herculem
631 1540 753 1577 animi
783 1540 999 1588 ancipitem
1041 1539 1080 1576 in

126 1612 242 1640 suam
279 1601 476 1648 militiam,
505 1601 631 1639 invita
665 1601 822 1639 Virtute
860 1600 1084 1650 propellen-

123 1666 238 1702 tium.
262 1660 486 1714 Epistolam
505 1661 552 1700 de
573 1660 865 1701 Hellandorum
885 1661 1081 1711 moribus,

119 1725 297 1775 aliasque
310 1725 523 1776 Epistolas.
541 1724 639 1763 Vide
654 1725 857 1764 Valerium
872 1724 1076 1763 Andream

119 1798 207 1838 pag.
232 1785 310 1824 618
333 1817 341 1836 ,
366 1797 449 1837 seq.
473 1786 742 1825 Bibliothecae
772 1787 964 1837 Belgicae.
996 1789 1070 1826 Re-

120 1849 307 1900 cognovit
332 1849 452 1887 etiam
473 1848 704 1887 Orationem
728 1849 914 1888 Isocratis
936 1850 984 1888 ad
1013 1853 1080 1891 Ni-

121 1910 273 1949 coclem
293 1939 302 1958 ,
331 1910 567 1948 translatam
592 1922 615 1949 a
638 1910 846 1961 Rudolpho
869 1911 1050 1962 Agricola
1070 1947 1080 1964 ,

122 1977 163 2011 et
195 1984 288 2012 cum
328 1973 491 2012 Catonis
516 1971 698 2011 distichis
723 1973 871 2022 edidit,
899 1986 1081 2016 recusam

122 2035 278 2086 Lipsiae
303 2033 407 2074 1517
422 2065 432 2083 ,
457 2035 490 2072 4.
516 2034 682 2085 Argent.
704 2036 806 2075 1520
826 2066 834 2085 ,
856 2038 890 2075 8.

180 2095 375 2147 Georyius
411 2097 711 2145 DOTTANUS,
736 2097 1055 2140 Ostro—Francus
1074 2133 1083 2151 ,

124 2159 330 2198 Professor
352 2158 587 2209 Theologiae
603 2159 640 2197 in
665 2159 881 2199 Academia
907 2163 1087 2213 Lipsien-

126 2222 182 2270 si,
219 2225 427 2272 superstes
460 2221 591 2261 adhuc
610 2217 686 2260 An.
716 2223 832 2262 1511.
850 2223 966 2274 cujus
990 2225 1088 2264 haec

127 2285 275 2335 scripta
298 2283 529 2323 referuntur
559 2285 596 2322 10
634 2285 824 2324 Centuria
862 2286 1088 2327 Maderiana

131 2357 216 2396 cap.
242 2346 382 2384 XLIX.
415 2347 588 2385 Carmen
612 2345 658 2384 de
682 2350 860 2397 quatuor
876 2348 1090 2400 Evunyeli-

127 2407 213 2447 stis.
255 2408 394 2446 Sermo
429 2407 617 2446 versibus
651 2410 915 2448 concinnatus
956 2410 1003 2449 de
1047 2413 1088 2451 S.

130 2469 253 2509 Pauli
273 2467 477 2508 laudibus.
503 2472 647 2509 Po‘ema
667 2470 715 2509 ad
748 2472 1013 2511 juventutem
1045 2472 1091 2511 (le

127 2543 253 2570 cursu
277 2535 313 2570 et
337 2530 529 2571 brevitate
567 2531 764 2584 temporis.
803 2532 920 2571 Aliud
953 2537 1090 2572 contra

123 2604 268 2633 -osores
303 2597 528 2645 poetarum.
568 2594 785 2646 Epitaphia
815 2598 853 2633 et
881 2595 1093 2646 Epiyram-

138 2659 262 2695 mata.
292 2655 508 2707 Epistolae.
538 2656 788 2707 Opusculum
818 2656 865 2695 de
895 2656 1093 2697 coloribus

132 2717 368 2759 Rhetoricis.

190 2779 374 2818 Gavinus
389 2779 732 2827 DOUGLAS,sive
751 2779 944 2819 Galvinus
960 2781 1091 2832 Βοαρ-

132 2840 302 2890 lassius,
348 2841 512 2888 Scotus,
555 2842 778 2891 Episcopus
815 2842 1090 2881 Douchelden-

134 2905 203 2952 sis,
228 2905 314 2941 sive
338 2902 633 2941 Dunkeldensis
652 2904 688 2939 in
714 2903 856 2948 Scotia,
874 2904 1089 2943 defunctus

133 2965 300 3004 Londini
326 2964 401 3004 An.
424 2965 520 3004 1521
559 2965 719 3016 scripsit
753 2965 1090 3005 Commentarium

134 3026 182 3066 de
204 3025 329 3066 rebus
362 3026 529 3066 Scoticis
561 3027 751 3076 misitque
779 3027 824 3066 ad
852 3028 1088 3078 Polydorum

129 3089 359 3141 Virgilium,
380 3090 447 3139 qui
472 3088 608 3127 laudat
631 3088 728 3126 libro
754 3091 871 3127 tertio
896 3091 1089 3129 llistoriae

130 3150 374 3202 Anglicanae
416 3161 505 3202 pag.
543 3150 584 3190 71
632 3150 817 3189 editionis
846 3151 1089 3202 Thysianae,

133 3213 203 3253 sed
228 3225 326 3252 num
352 3214 491 3252 Latine
516 3224 565 3252 an
589 3214 743 3252 Scotice
768 3214 989 3264 scripserit,
1011 3226 1088 3254 000

135 3279 330 3314 testatum
352 3275 515 3326 reliquit
535 3289 543 3313 :
570 3276 673 3314 inter
696 3276 854 3314 Latinos
879 3280 1011 3315 tamen
1028 3278 1091 3315 lli-

135 3337 302 3376 storicos
326 3337 457 3377 locum
481 3340 514 3376 ei
540 3337 649 3376 dedit
683 3339 850 3377 Vossius
887 3349 962 3388 pag
1001 3339 1087 3377 686.

2036 213 2113 253 477

1152 292 1319 331 Caetera
1347 294 1496 338 autem,
1522 299 1627 340 quae
1656 289 1803 328 Baleus
1827 287 1932 335 XIV,
1959 287 2008 325 58
2031 296 2114 324 me-

1161 357 1301 401 morat,
1320 353 1474 392 Scotico
1496 356 1625 390 metro
1645 355 1809 390 exarata
1832 353 1940 397 sunt,
1965 352 2010 387 ut
2035 357 2117 385 me-

1160 416 1361 466 taphrasis
1403 414 1595 453 AEneidos
1632 413 1883 463 Virgilianae,
1920 411 2115 450 Palatium

1159 479 1319 517 honoris
1339 477 1386 517 ad
1411 478 1602 516 Jacobum
1628 477 1690 515 IV.
1717 476 1927 515 Scotorum
1950 474 2114 524 Regem,

1157 546 1198 580 et
1217 540 1453 580 Comoediae
1479 540 1655 589 aliquot,
1677 543 1722 577 ut
1756 548 1900 577 aureas
1923 536 2118 575 narratio-

1158 614 1253 650 nes,
1279 603 1433 642 Scotice
1458 603 1629 651 scriptas
1654 604 1915 651 praeteream.

1208 663 1534 703 DRACONTIUS
1543 662 1758 711 Presbyter
1767 662 1912 711 Hispan
1921 671 1967 700 us
1980 660 2116 699 clarus

1156 726 1316 765 saeculo
1340 726 1505 774 quinto,
1530 728 1711 773 tempore
1745 722 1954 760 Theodosii
1982 723 2120 773 junio-

1156 789 1235 836 ris,
1260 798 1382 837 quem
1406 785 1480 823 An.
1514 786 1668 824 Cllristi
1708 785 1782 823 450
1808 789 1967 823 constat
1997 784 2118 822 rebus

1155 849 1343 887 humanis
1357 847 1611 886 valedixisse.
1632 848 1799 896 Scripsit
1816 846 2018 885 heroicum
2034 857 2120 885 car-

1156 922 1247 949 men
1270 909 1316 948 de
1334 907 1497 961 fabrica
1520 907 1670 956 Mundi,
1703 910 1789 946 sive
1819 909 2116 956 Heaeaemeron,

1154 974 1272 1023 eique
1297 971 1559 1021 subjunctum
1584 981 1750 1008 carmen
1774 968 1995 1020 eleqiacum
2029 982 2120 1009 ver-

1157 1046 1277 1073 suum
1313 1034 1389 1073 198
1413 1032 1468 1071 ad
1491 1031 1747 1071 Theodosium
1757 1031 1964 1083 juniorem
1984 1031 2120 1082 Auqu-

1155 1100 1284 1136 stum:
1310 1098 1347 1134 in
1374 1108 1420 1134 eo
1445 1096 1662 1135 satisfactio
1686 1096 1942 1142 continetur,
1968 1106 2047 1144 qua
2071 1094 2119 1132 ab

1155 1159 1440 1210 Omnipotente
1464 1159 1563 1198 DEO
1580 1159 1741 1196 veniam
1767 1158 1869 1209 petit
1889 1169 1938 1195 ne
1959 1167 2121 1207 praece-

1157 1221 1265 1260 denti
1297 1222 1474 1260 carmine
1509 1221 1657 1271 aliquid
1691 1222 1878 1259 incautus
1915 1222 2117 1258 errasset:

1157 1284 1248 1322 dein
1262 1283 1482 1322 Theodosio
1500 1294 1658 1334 precem
1676 1283 1817 1330 defert,
1833 1294 1905 1321 cur
1919 1281 1966 1320 de
1978 1283 2122 1320 trium-

1155 1346 1246 1397 phis
1276 1346 1382 1384 illius
1411 1345 1550 1384 eodem
1568 1357 1685 1396 opere
1717 1346 1922 1384 tacuisset.
1958 1345 2121 1382 Heoeae-

1157 1419 1293 1446 meron
1308 1406 1448 1458 prodiit
1471 1408 1642 1457 primum
1661 1408 1820 1446 Parisiis
1841 1404 2120 1455 4560,8.‘cum

1156 1471 1302 1508 Genesi
1328 1469 1483 1508 Claudii
1508 1471 1617 1508 Marii
1642 1470 1835 1518 Victoris,
1861 1475 1901 1508 et
1930 1471 1969 1507 in
1993 1470 2122 1520 poetis

1159 1533 1403 1572 Christianis
1419 1532 1578 1582 Georgii
1603 1532 1766 1570 Fabricii
1792 1543 1878 1582 pag.
1902 1532 1991 1571 354.
2016 1532 2125 1570 Basi-

1160 1597 1245 1635 leae
1283 1595 1387 1634 1562
1407 1626 1418 1644 ,
1453 1595 1488 1632 4.
1518 1599 1559 1633 et
1584 1596 1623 1632 in
1648 1594 1905 1632 Bibliothecis
1930 1596 2092 1633 Patrum
2111 1623 2120 1641 ,

1161 1663 1206 1698 ut
1225 1658 1462 1697 parisiensis
1491 1657 1592 1696 1624
1619 1657 1832 1695 tom.VlIl.
1860 1668 1948 1708 pag.
1975 1656 2052 1695 837
2083 1661 2123 1695 et

1160 1731 1251 1760 eum
1286 1720 1453 1758 Jocmm's
1482 1719 1644 1760 Weitzii
1677 1721 1782 1757 notis
1812 1723 1933 1769 atque
1967 1718 2123 1758 erudito

1161 1783 1290 1822 indice
1315 1783 1532 1833 glossario,
1563 1783 1741 1820 Francos.
1779 1781 1914 1830 1610,
1947 1782 1982 1819 8.
2013 1793 2125 1833 prae-

1169 1848 1293 1884 missa
1324 1845 1502 1883 Goldasti
1526 1844 1575 1884 de
1607 1845 1820 1883 Dracontio
1844 1844 2034 1894 Epistola.
2058 1844 2127 1882 Al-

1170 1914 1294 1948 teram
1309 1904 1461 1946 ’ἔκδοσιν
1482 1907 1716 1946 Hexaemeri
1732 1907 1984 1944 Dracontiani
2004 1908 2126 1944 inter-

1163 1972 1337 2023 polatam
1358 1971 1407 2010 ab
1426 1969 1655 2009 EUGEMO
1666 1969 1857 2008 Toletano
1874 1968 1992 2007 edere
2013 1969 2125 2006 insti-

1158 2035 1238 2072 tuit
1261 2031 1433 2073 Mz'chael
1453 2032 1556 2071 Ruiz
1585 2031 1632 2069 de
1668 2030 1860 2082 Azassra,
1896 2032 2122 2081 Hispanus.

1160 2099 1265 2134 teste
1288 2096 1372 2146 ipso
1397 2094 1445 2133 ad
1471 2095 1686 2145 Corippum
1713 2105 1801 2144 pag.
1824 2094 1874 2132 62
1900 2097 1940 2131 et
1964 2093 2124 2132 Barthio

1160 2170 1197 2209 p.
1215 2158 1332 2196 2615.
1351 2156 1566 2195 Adversar.
1583 2157 1676 2194 licet
1702 2166 1776 2194 nec
1798 2155 1958 2193 Barthio
1980 2156 2122 2193 visam.

1162 2231 1236 2258 nec
1272 2219 1429 2259 Nicolao
1463 2218 1636 2257 Antonio
1670 2221 1767 2255 tom.
1790 2218 1825 2256 1.
1857 2217 2124 2255 Bibliothecae

1162 2283 1313 2321 veteris
1335 2282 1529 2332 Hispanae
1547 2292 1631 2331 pag.
1656 2281 1744 2320 192.
1766 2281 1923 2319 Primus
1941 2279 2064 2317 edidit
2087 2281 2124 2316 in

1162 2346 1288 2385 Gallia
1308 2342 1546 2385 Sirmondus
1570 2354 1664 2382 cum
1694 2343 1862 2392 Eugenii
1889 2342 2123 2393 opusculis,

1163 2409 1324 2447 Parisiis
1349 2409 1478 2455 1619,
1504 2408 1540 2445 8.
1563 2411 1604 2445 et
1637 2410 1731 2444 tom.
1759 2406 1801 2444 2.
1829 2405 2007 2456 Operum
2045 2406 2125 2443 Sir-

1167 2470 1300 2508 mondi
1330 2481 1418 2520 pag.
1448 2470 1523 2507 890
1555 2479 1777 2519 praemissa
1820 2469 1988 2518 Eugenii
2030 2468 2125 2517 Epi--

1167 2534 1268 2572 stola
1297 2532 1346 2571 ad
1371 2531 1711 2571 Chindasvintum
1732 2531 1892 2580 Regem,
1915 2541 1993 2578 qua
2019 2529 2124 2567 illius

1164 2595 1281 2646 jussu
1306 2598 1480 2632 testatur
1499 2605 1658 2643 operam
1681 2592 1783 2630 hanc
1801 2594 1837 2630 in
1857 2603 1899 2630 se
1922 2593 2125 2641 suscepis—

1168 2670 1236 2707 se,
1261 2662 1301 2696 et
1322 2655 1500 2705 subjecta
1524 2667 1560 2706 p.
1588 2655 1678 2692 903.
1708 2655 1906 2692 Dracontii
1927 2654 2052 2704 elegia
2073 2654 2122 2692 ad

1166 2718 1448 2758 Theodosium.
1472 2721 1512 2755 et
1533 2728 1619 2767 pag.
1647 2717 1724 2754 906
1749 2715 1974 2754 succedunt
1994 2715 2125 2766 Euge-

1165 2783 1217 2820 nii
1243 2778 1491 2819 monosticha
1514 2778 1562 2816 de
1587 2789 1657 2817 sex
1682 2778 1823 2817 diebus
1846 2782 1886 2816 et
1909 2777 1958 2815 de
1979 2777 2042 2816 die
2063 2788 2125 2816 se-

1164 2842 1639 2894 ptimosupplcmentum,
1659 2840 1844 2878 versibus
1862 2840 2121 2888 hexametris,

1163 2906 1373 2945 Dracontio
1397 2902 1703 2955 subjiciendum.
1729 2903 1772 2940 In
1812 2901 2009 2941 Sirinondi
2041 2901 2122 2939 edi-

1164 2970 1270 3007 tione
1291 2968 1557 3005 hexailmeron
1590 2965 1813 3004 absolvitur
1840 2964 2024 3003 versibus
2045 2965 2120 3003 634

1166 3032 1203 3068 in
1237 3030 1434 3080 prioribus
1473 3031 1636 3066 exstant
1670 3028 1760 3065 575.
1799 3025 2120 3065 Sirmondianam

1165 3091 1378 3131 editionem
1411 3091 1538 3128 secuti
1570 3093 1665 3127 sunt
1694 3087 1878 3126 Andreas
1916 3087 2119 3138 Rivi'nus,

1166 3155 1232 3204 qui
1257 3157 1373 3191 notas
1397 3153 1517 3190 etiam
1546 3151 1698 3189 addidit
1730 3152 1885 3201 Lipsiae
1920 3151 2014 3189 1651
2039 3179 2047 3198 ,
2082 3151 2117 3187 8.

1165 3221 1204 3254 vt
1223 3214 1485 3254 Bibliothecae
1496 3215 1657 3252 Patrum
1675 3212 1847 3251 editores
1864 3211 2121 3263 Lugdunens.

1164 3279 1274 3316 Tom.
1308 3278 1394 3316 Xll.
1424 3288 1510 3327 pag.
1542 3275 1633 3313 724.
1670 3275 1786 3314 Plura
1809 3276 2007 3314 llracontii
2033 3275 2120 3314 loca

1168 3342 1376 3380 illustravit
1429 3339 1619 3378 Boi-thius
1649 3339 1686 3376 in
1722 3337 1986 3376 Adversariis.
2020 3341 2118 3379 Vide
