2500 3841
922 218 1321 260 ANSELMUS

144 312 154 346 ,·’
185 295 449 337 ANSELMUS
468 293 677 344 BadagiuS,
694 294 934 334 Mantuanus
950 295 1087 346 patria,

131 371 181 399 ex
203 357 393 398 Monacho
415 355 574 395 Ordinis
597 355 853 405 Benedictini,
868 357 1088 408 Episcopus

129 422 178 460 ab
197 421 311 461 Anno
333 418 427 460 4074
458 418 508 457 ad
531 419 632 457 4086
656 417 864 466 Lucensis,
893 417 1008 469 cujus
1031 419 1090 456 vi-

132 489 216 522 tam
233 495 283 522 ex
297 482 518 522 Sebastiam
528 481 750 531 Tegnagelii
761 481 935 531 antiquis
950 492 1089 518 monu-

133 546 281 584 mentis
309 555 394 595 pag.
426 544 476 581 83
513 554 596 593 seq.
627 544 783 593 repetiit
818 545 859 581 B.
898 542 1088 593 Georgius

135 607 327 658 Serpilius
349 606 398 645 de
422 605 685 656 Scriptoribus
699 605 856 644 Biblicis
874 606 987 644 Parte
1002 605 1089 643 VIII

131 681 216 720 pag.
255 670 317 707 86.
353 668 451 708 Vide
480 669 600 707 etiam
637 667 737 706 Acta
775 669 1010 706 Sanctorum
1041 668 1089 706 48

133 732 258 771 Martii
283 736 377 770 tom.
402 731 436 770 II
458 742 544 782 pag.
571 729 659 768 647.
684 735 724 768 et
746 730 886 770 Octavi
915 730 1088 774 Caetani,

134 794 254 833 Siculi
278 793 644 832 animadversiones
664 794 701 831 in
727 794 854 831 vitam
871 791 991 843 hujus
1010 791 1092 830 An-

132 856 246 894 selmi
260 856 362 894 inter
376 859 635 894 monumenta
652 859 789 894 contra
807 854 1088 893 Schismaticos

133 918 238 957 edita
261 929 284 957 a
303 917 508 965 Gretsero,
533 916 744 968 lngolstad.
768 917 888 965 4643,
921 917 955 954 4.
984 917 1088 954 Eum

129 980 170 1018 in
197 979 376 1020 Psalmos
399 985 439 1019 et
462 980 502 1018 in
543 980 574 1018 T
572 979 714 1018 hrenos
747 978 943 1018 Jeremiae
966 979 1087 1028 scrip-

130 1044 230 1081 sisse
250 1047 422 1082 testatur
457 1042 606 1082 Auctor
629 1044 753 1091 vitae,
778 1046 818 1081 et
842 1040 1085 1082 Trithemius

132 1116 215 1156 cap.
242 1105 330 1144 344.
354 1106 400 1144 In
419 1106 595 1145 Psalmos
625 1108 817 1143 memorat
840 1114 997 1153 quoque
1028 1103 1087 1141 Si-

130 1167 317 1214 gebertus
342 1178 424 1218 cap.
454 1168 520 1206 464
546 1197 554 1216 ,
580 1166 649 1205 sed
678 1169 814 1205 auctor
843 1165 947 1203 vitae
977 1168 1086 1202 notat

129 1241 222 1268 eum
244 1228 410 1268 desiisse
434 1231 474 1267 in
497 1229 640 1268 Psalmi
656 1229 822 1268 CXXIX
839 1227 971 1265 verbis
994 1227 1086 1265 ulti-

129 1293 222 1331 mis:
247 1291 530 1331 Benedioeimus
552 1289 664 1329 vobis
698 1289 738 1328 in
758 1288 912 1327 nomine
936 1288 1087 1328 DOMI-

129 1354 198 1393 NI.
222 1355 279 1393 De
303 1353 532 1393 Collectione
556 1354 775 1403 Canonum,
801 1364 903 1402 quae
942 1352 990 1390 ab
1019 1363 1088 1390 au-

127 1419 234 1455 ctore
256 1416 368 1455 Vitae
387 1415 534 1454 diserte
557 1419 817 1462 memoratur,
842 1418 882 1453 et
911 1413 986 1452 sub
1015 1413 1088 1452 hu-

130 1476 198 1528 jus
210 1476 390 1516 Anselmi
410 1479 568 1516 nomine
589 1477 698 1515 libris
719 1477 810 1516 XIII
827 1477 936 1515 MSta
954 1480 1087 1515 exstat

132 1541 170 1578 in
191 1541 316 1579 Variis
340 1540 610 1589 Bibliothecis,
631 1544 671 1578 et
694 1551 744 1578 ex
759 1551 838 1590 qua
852 1539 1085 1578 Gratianum

132 1602 345 1653 profecisse
370 1603 522 1641 notavit
542 1602 706 1640 Latinus
736 1602 913 1642 Latinius
957 1602 996 1639 in
1025 1602 1088 1639 Bi-

127 1663 320 1704 bliotheca
342 1664 633 1715 sacro-profana
656 1675 742 1715 pag.
768 1665 809 1703 84
841 1664 877 1702 b.
902 1663 998 1702 Vide
1014 1665 1087 1702 Ba-

128 1727 277 1766 quium
292 1727 533 1765 Praelatione
554 1726 602 1765 de
617 1725 894 1765 emendatione
910 1726 1085 1764 Gratiani

132 1789 168 1839 ἓ.
191 1789 236 1826 49
255 1793 294 1826 et
318 1789 356 1825 in
381 1789 484 1826 notis
507 1799 592 1839 pag.
618 1789 707 1837 644,
733 1789 800 1838 qui
824 1787 982 1826 decreta
997 1791 1085 1838 post

129 1850 307 1889 Anselmi
325 1848 446 1899 hujus
469 1855 638 1889 mortem
652 1851 901 1901 promulgata
921 1853 1032 1888 notat
1048 1851 1086 1888 in

132 1913 196 1951 illa
221 1913 400 1963 reperiri,
426 1912 494 1951 sed
515 1924 616 1963 quae
636 1914 675 1951 in
698 1912 986 1962 antiquioribus
1015 1913 1089 1951 Co-

129 1974 281 2014 dieibus
304 1974 468 2023 desunt,
494 1980 538 2014 ut
558 1976 692 2013 notavi
729 1980 836 2014 tomo
860 1976 913 2014 XI
949 1975 1090 2013 Biblio-

130 2037 268 2076 thecae
292 2037 464 2076 Graecae
488 2048 572 2088 pag.
599 2036 649 2075 87
674 2039 878 2088 speciatim
914 2039 953 2075 in
984 2039 1090 2076 Vati-

131 2110 246 2148 cano,
270 2098 319 2137 de
339 2110 417 2149 quo
440 2099 531 2138 vide
546 2100 600 2138 sis
623 2101 743 2138 etiam
767 2100 927 2151 Pagium
948 2099 996 2138 ad
1014 2099 1086 2139 An.

132 2162 234 2201 4086
255 2173 364 2201 num.
383 2163 418 2210 4,
429 2162 650 2213 Philippum
666 2163 897 2202 Picinellum
913 2163 951 2200 in
967 2161 1089 2201 Athe-

136 2236 234 2264 naeo
255 2225 512 2264 Eruditorum
532 2225 882 2264 Mediolanensium
903 2237 989 2277 pag.
1021 2227 1087 2276 39,

139 2288 187 2326 40
208 2292 248 2326 et
271 2287 320 2326 de
357 2288 443 2326 aliis
470 2287 671 2327 Oudinum
695 2293 789 2326 tom.
819 2289 852 2327 II
883 2300 967 2340 pag.
998 2288 1086 2328 724.

134 2347 360 2388 Hildeberto
397 2354 532 2389 autem
576 2350 681 2389 illam
719 2351 988 2390 collectionem
1004 2383 1014 2401 ,
1045 2356 1090 2390 ut

136 2411 358 2460 tribueret,
382 2416 586 2463 permotus
622 2412 781 2451 videtur
819 2414 940 2452 fulsse
969 2413 1092 2452 Anto—

137 2475 228 2512 nius
256 2473 523 2524 Augustinus,
547 2477 732 2525 quoniam
762 2477 864 2515 inter
891 2477 1091 2528 Epistolas

138 2533 352 2573 Hildeberti
367 2548 437 2586 per
455 2548 628 2575 errorem
650 2538 793 2589 legitur
807 2539 994 2589 praefat-io
1007 2540 1093 2577 lvo-

141 2596 214 2633 nis.
249 2597 454 2636 Praeterea
476 2596 589 2636 Libri
609 2599 655 2636 II
685 2603 823 2638 contra
857 2598 1091 2639 Guibertum

134 2655 398 2709 Anti-Papam
415 2669 491 2709 pro
508 2660 698 2710 Greyorio
714 2662 736 2699 I
741 2662 771 2699 V
780 2667 820 2700 et
842 2661 1090 2703 Collectanea

137 2731 192 2758 ea:
213 2719 341 2758 variis
365 2719 620 2767 Auctoribus,
643 2723 844 2762 Ecclesiae
880 2723 1090 2776 facultates

135 2794 212 2821 non
231 2793 314 2821 esse
330 2781 370 2820 in
379 2786 569 2833 potestate
585 2785 700 2834 Reyis
714 2789 786 2823 aut
801 2785 1002 2834 Caesaris,
1023 2798 1092 2824 ex-

133 2849 242 2883 stant
277 2846 316 2882 in
339 2845 486 2884 Canisii
510 2848 684 2896 antiquis
710 2848 960 2886 Lectionibus
983 2853 1090 2887 tomo

132 2907 185 2947 VI
199 2918 284 2958 pag.
307 2907 403 2957 202,
419 2908 496 2947 235
520 2912 559 2946 et
583 2920 708 2947 novae
725 2908 907 2948 editionis
927 2914 1020 2949 tom.
1039 2913 1089 2951 III

134 2981 220 3021 pag.
247 2970 342 3019 369,
368 2970 442 3009 389
464 2974 504 3009 et
524 2971 561 3008 in
583 2970 822 3010 Bibliotheca
842 2973 1001 3011 Patrum
1019 2974 1093 3011 Co-

136 3032 302 3071 loniensi
326 3034 365 3071 in
389 3033 466 3071 fine
505 3035 599 3072 tomi
619 3035 656 3072 X
679 3037 719 3072 et
758 3034 796 3072 in
827 3034 1091 3084 supplementi

139 3095 283 3133 tomol
317 3107 402 3146 pag.
443 3096 519 3136 725
556 3096 833 3148 Lugdunensis
870 3107 964 3134 vero
995 3101 1086 3135 tom.

134 3156 260 3195 XVIII
279 3168 365 3208 pag.
392 3158 478 3197 402.
496 3159 674 3208 Denique
692 3160 815 3197 Lucas
833 3158 1090 3209 Waddingus,

136 3218 221 3268 (qui
243 3219 363 3257 etiam
385 3221 509 3260 vitam
535 3222 573 3260 S.
598 3220 775 3260 Anselmi
803 3232 894 3259 cum
919 3222 1021 3259 notis
1050 3226 1089 3259 et

137 3283 430 3320 commentariis
453 3282 652 3323 editurum
683 3295 725 3323 se
755 3285 932 3335 promisit
963 3284 999 3321 in
1031 3285 1093 3321 Bi-

138 3339 329 3381 bliotheca
357 3344 514 3384 Ordinis
541 3347 734 3385 Minorum
774 3358 858 3396 pag.
895 3346 990 3394 240)
1017 3346 1091 3393 sub

2043 212 2118 252 109

1159 292 1339 333 Anselmi
1376 291 1568 330 Lucensis
1601 290 1759 328 nomine
1791 287 1913 327 edidit
1950 291 2120 337 quatuor

1160 356 1257 395 haec
1280 354 1492 406 Opuscula,
1509 363 1648 392 recusa
1671 351 1805 390 itidem
1825 351 1862 388 in
1877 348 2120 389 Bibliotheca

1160 420 1320 457 Patrum
1344 416 1598 467 Lugdunens.
1629 419 1724 453 tom.
1749 413 1927 453 XXVIII.
1956 410 2123 451 Medita-

1161 480 1301 519 tionem
1329 479 1369 518 in
1394 477 1621 518 Orationem
1650 475 1898 515 Dominicam
1925 485 2011 526 pag.
2045 472 2122 511 437

1161 543 1201 582 in
1222 542 1303 582 Ave
1325 540 1459 581 Maria
1481 552 1567 591 pag.
1599 540 1672 578 439
1698 549 1820 590 super
1845 536 1955 577 salve
1972 535 2122 588 Reyina

1161 617 1247 657 pag.
1275 605 1342 644 444
1388 608 1428 642 et
1451 601 1721 642 Meditate'ones
1745 600 1791 639 (le
1811 599 1932 652 yestis
1969 598 2124 637 Domini

1162 666 1291 706 nostri
1309 665 1438 704 JESU
1454 664 1681 712 CHRISTI,
1712 663 1897 702 versibus
1927 662 2122 709 leoninis,

1163 740 1332 780 quorum
1357 728 1530 766 initium:

1189 793 1337 830 Desere
1353 789 1444 841 jam
1466 787 1602 826 anima
1623 787 1808 826 lectulum
1832 787 2000 840 soporis,

1189 854 1385 902 Latmum,
1397 855 1545 902 torpor,
1554 849 1712 889 vanitas
1728 848 1998 888 eoecluclantur
2011 848 2125 901 foris.

1160 926 1247 966 pag.
1275 913 1470 953 444-408.
1492 913 1671 959 Quatuor
1691 912 1787 950 haec
1805 912 1952 961 scripta
1967 911 2126 960 indigna

1160 977 1352 1016 Anselmo
1377 987 1466 1014 esse
1481 975 1661 1026 disputat
1683 973 1882 1017 Oudinus,
1900 984 2019 1022 quem
2037 972 2128 1010 vide

1159 1044 1253 1078 tom.
1279 1040 1312 1078 ΙΙ
1337 1050 1423 1090 pag.
1451 1037 1528 1077 722
1550 1049 1636 1088 sqq.

1185 1102 1206 1126 ³*
1233 1101 1455 1151 Wadingus
1494 1102 1561 1151 qui
1594 1101 1668 1137 viri
1703 1099 1822 1138 huius
1846 1098 1980 1137 Sancti
2004 1098 2129 1135 vit-am

1159 1176 1251 1204 cum
1268 1164 1372 1202 notis
1389 1162 1590 1202 editurum
1615 1173 1657 1201 se
1683 1160 1842 1213 spondit
1866 1162 1904 1198 in
1919 1158 2131 1198 Bibliothe-

1159 1238 1228 1273 ca,
1261 1226 1379 1264 sidem
1410 1225 1617 1276 implevit,
1642 1223 1844 1274 ediditque
1882 1223 2029 1260 Romae
2067 1232 2130 1259 an.

1161 1287 1262 1328 4657
1288 1289 1325 1325 in
1353 1289 1373 1326 4
1394 1288 1545 1337 junctis
1565 1298 1645 1326 una
1662 1286 1780 1325 slmul
1799 1285 1965 1336 epistola
2001 1283 2048 1323 ad
2067 1284 2133 1322 Yi-

1159 1351 1343 1398 bertum,
1368 1361 1487 1400 quam
1511 1353 1551 1387 et
1575 1349 1761 1387 Canisius
1800 1347 1963 1387 dederat
1987 1346 2062 1385 sub
2084 1347 2133 1383 ti-

1159 1413 1243 1451 tulo
1268 1413 1353 1450 libri
1392 1413 1505 1463 primi
1546 1416 1683 1450 contra
1705 1411 1924 1449 Vibertum.
1957 1409 2132 1449 Subiecit

1161 1475 1305 1513 librum
1336 1474 1635 1525 Apologeticum
1673 1473 1851 1511 eiusdem
1890 1472 2039 1511 Contra
2068 1481 2132 1509 eos

1160 1536 1232 1588 qui
1252 1535 1389 1575 dicunt
1407 1534 1538 1586 reyali
1551 1535 1742 1587 potestati
1757 1534 1909 1574 Christi
1926 1533 2132 1573 ecclesiam

1159 1598 1378 1647 subiacere,
1391 1610 1494 1649 quae
1511 1599 1676 1648 scriptio
1700 1599 1738 1635 in
1759 1598 1915 1637 Canisio
1940 1597 2132 1647 superiori

1159 1663 1256 1701 libro
1272 1662 1547 1703 continuatur:
1562 1660 1882 1711 Wadingusvero
1895 1660 2010 1711 plane
2027 1670 2049 1697 a
2069 1670 2134 1697 su-

1159 1726 1300 1775 periori
1340 1736 1457 1774 opere.
1495 1724 1696 1762 diversam
1731 1724 1884 1762 statuit.
1921 1722 2133 1761 Subiunxit

1161 1788 1251 1826 huic
1281 1787 1546 1837 opusculum,
1580 1798 1652 1825 seu
1682 1787 1815 1836 potius
1845 1785 2059 1836 superioris
2090 1784 2133 1821 li-

1160 1849 1277 1887 brum
1294 1847 1515 1886 secundum
1536 1848 1714 1898 (ambigit
1729 1849 1834 1886 enim
1852 1858 1946 1885 num
1963 1857 2133 1897 opuscu—

1162 1912 1244 1949 lum
1260 1913 1312 1949 sit
1343 1910 1563 1961 singulare,
1586 1921 1658 1947 seu
1683 1911 1813 1960 potius
1836 1909 1999 1948 alterius
2022 1912 2129 1958 pars)

1164 1976 1302 2011 contra
1340 1983 1403 2011 eos
1437 1971 1508 2023 qui
1547 1971 1685 2009 dicunt
1711 1970 1922 2024 facultates
1946 1968 2132 2008 ecclesiae

1163 2034 1237 2074 sub
1265 2035 1379 2086 reyia
1403 2038 1593 2086 potestate
1616 2046 1788 2073 nictnere.
1814 2036 1906 2072 Post
1930 2033 2025 2072 haec
2050 2044 2132 2070 om-

1163 2099 1226 2137 nia
1247 2098 1408 2137 exhibet
1431 2103 1601 2148 quatuor
1629 2098 1693 2135 illa
1716 2097 1905 2148 opuscula
1928 2096 1989 2134 hic
2015 2108 2034 2134 a
2060 2097 2131 2134 Fa-

1161 2160 1281 2199 bricio
1310 2160 1491 2199 indicata.
1514 2161 1630 2198 Porro
1648 2159 1744 2198 illud
1774 2170 1895 2212 super
1917 2157 2034 2198 Salve
2058 2160 2130 2197 Re-

1158 2222 1254 2274 9ina
1283 2222 1435 2273 jamdiu
1473 2222 1696 2273 prodierat,
1723 2222 1793 2261 sed
1833 2223 1908 2260 isto
1943 2221 2128 2270 Wadingi

1162 2286 1287 2324 multo
1311 2287 1570 2334 contractius,
1596 2287 1699 2323 inter
1722 2296 1840 2335 opera
1865 2285 1904 2323 S.
1928 2283 2129 2324 Bernardi.

1162 2350 1225 2387 cui
1249 2348 1497 2387 adscribitur.
1540 2347 1617 2386 Sed
1658 2359 1730 2385 nec
1753 2347 1790 2385 S.
1813 2345 2026 2387 Bernardi,
2057 2357 2130 2383 nec

1163 2410 1342 2450 Anselmi
1362 2415 1470 2450 esset
1490 2415 1629 2450 censet
1652 2410 1834 2448 Oudinus
1855 2409 1916 2447 hic
1935 2407 2038 2458 apud
2060 2409 2132 2445 Fa-

1167 2473 1349 2511 bricium.

1216 2541 1483 2582 ANSELMUS
1504 2543 1758 2582 Mantuanus.
1782 2540 1872 2578 vide
1891 2551 2023 2590 supra,
2048 2540 2125 2577 Lu-

1166 2603 1307 2642 censis.

1218 2665 1486 2704 ANSELMUS
1510 2665 1768 2705 Marsicanus
1788 2665 2009 2713 Episcopus
2039 2668 2129 2713 post

1164 2726 1327 2765 Annum
1353 2728 1454 2766 4240
1480 2727 1570 2765 vide
1598 2726 1807 2777 Ughellum
1831 2730 1924 2762 tom.
1947 2725 2012 2762 Vll
2038 2736 2124 2775 pag.

1166 2789 1240 2827 506
1261 2788 1443 2826 editionis
1464 2799 1602 2826 novae.
1621 2788 1785 2837 Scripsit
1813 2784 2006 2825 Vaticinia
2028 2787 2127 2824 Pon-

1166 2850 1311 2901 tificum
1334 2852 1440 2888 Rom.
1468 2850 1551 2887 sive
1581 2849 1629 2887 de
1655 2848 1927 2895 Pontificibus,
1958 2860 2058 2898 quae
2083 2850 2128 2887 il-

1167 2912 1373 2951 lustranda
1395 2911 1465 2949 sibi
1489 2912 1634 2950 sumsit
1658 2911 1803 2950 Paulus
1826 2911 2010 2961 Scaliger.
2036 2912 2128 2949 Pro-

1165 2974 1271 3012 diere
1301 2974 1485 3013 Coloniae
1509 2973 1622 3012 4570.

1218 3035 1484 3075 ANSELMUS
1518 3034 1821 3074 Mediolanenses
1854 3028 2127 3086 Art-hiepisco-

1165 3109 1240 3147 pus
1256 3099 1357 3136 circa
1373 3096 1534 3136 Annum
1554 3100 1567 3137 4
1580 3099 1593 3137 4
1607 3100 1666 3137 40.
1685 3097 1788 3136 Vide
1806 3097 2012 3135 Baluziuni
2028 3102 2122 3137 tom.

1166 3160 1226 3198 VI.
1247 3160 1584 3199 Miscellaneorum
1610 3173 1695 3211 pag.
1730 3160 1808 3198 483
1835 3160 1899 3198 ubi
1924 3159 2122 3211 diploma,

1166 3232 1242 3271 quo
1266 3222 1484 3260 Ecclesiam
1502 3224 1539 3261 S.
1558 3223 1698 3261 Mariae
1717 3221 1765 3259 de
1786 3222 2011 3261 Cavalzana
2029 3234 2124 3261 con-

1165 3282 1269 3321 cedit
1291 3284 1490 3323 Ecclesiae
1514 3285 1775 3323 Cluui-acensi.

1220 3343 1488 3386 ANSELMUS
1502 3346 1660 3386 Ordinis
1675 3346 1871 3387 Minoi-um
1888 3348 2121 3396 Monachus,
