2500 4009
395 203 472 242 264

1139 201 1652 245 BRUGMANNUS

386 273 523 323 gli-am,
552 285 678 322 usque
702 273 749 311 ad
791 277 957 309 mortem
996 270 1231 309 aichardi-1.
1266 272 1353 311 sive
1431 274 1525 313 1451
1550 274 1599 313 de
1619 288 1695 326 qua
1712 277 1752 315 B.
1770 279 1945 317 loannes
1960 276 2141 320 Andreas
2163 281 2394 323 Schmidius

387 336 462 373 An.
487 336 527 373 C.
561 336 670 373 1198.
697 334 735 380 a)
763 333 844 371 Sub
883 331 971 381 ejus
999 344 1158 382 quoque
1192 333 1352 372 nomine
1428 335 1466 373 in
1484 335 1647 376 historia
1661 337 1926 378 Conciliorum
1951 341 2271 391 Moguntinorum
2288 346 2309 396 ξ
2328 346 2389 385 39.

385 397 527 448 prodiit
557 409 605 434 ex
631 396 785 433 duobus
809 395 915 433 MSS.
947 395 1183 433 Cottoniano
1207 399 1248 433 et
1280 396 1353 434 Be-

387 460 584 497 nedictino
614 456 835 507 Cantabrig.
866 457 970 494 inter
999 456 1214 506 scriptores
1233 458 1270 496 X
1294 457 1353 495 hi-

386 522 528 558 storiae
551 518 803 568 „anglicanae
841 517 1007 556 Londini
1035 518 1137 557 4652
1172 519 1236 557 fol.
1261 530 1348 570 pag.

386 581 594 620 725-12283
619 584 785 618 curante
807 580 959 629 Rogreo
981 579 1238 629 Twysdenio.
1276 581 1351 619 Ve-

386 654 472 682 rum
497 643 669 680 Joannes
699 640 897 680 Seldenus
922 642 958 678 in
980 640 1128 690 judicio
1149 641 1198 680 de
1228 642 1351 681 histo-

383 707 473 743 ricis
491 705 577 742 istis
594 704 787 742 volumini
804 704 1023 753 praemisso
1039 714 1125 754 pag.
1141 705 1348 743 XXXVIII

382 779 464 817 seq.
492 769 549 816 (et
574 771 680 804 tomo
705 766 768 804 IV.
788 765 886 815 Opp.
914 764 1074 804 Seldeni
1099 777 1185 817 pag.
1215 766 1343 815 1165)

380 829 567 867 observat
591 832 794 866 auctorem
812 838 861 864 ne
876 828 942 864 Jor
951 827 1165 865 vallensem
1183 827 1345 877 quidem

378 890 641 937 Monachum,
664 888 812 927 nedum
837 887 1032 926 Abbatom
1073 889 1178 927 hunc
1207 891 1344 927 Brom-

378 958 545 1003 ptouum
571 951 694 989 fuisse
716 980 723 998 ,
749 949 819 988 sed
842 949 1090 1001 :Inonymum
1113 949 1341 1000 quendam,

378 1017 446 1065 qui
465 1013 540 1052 sub
555 1012 742 1051 Eduardo
759 1012 810 1050 111
833 1012 1014 1062 scripsit,
1036 1016 1075 1050 et
1097 1010 1214 1062 cujus
1231 1011 1342 1062 Opus

378 1079 616 1115 Bromtonus
655 1074 817 1112 donavit
855 1073 1050 1112 Coenobio
1088 1073 1339 1112 Jorvallensi.

377 1140 552 1177 Pretium
571 1136 689 1186 hujus
712 1135 897 1174 Chronici
921 1139 1066 1184 auget,
1089 1134 1193 1185 quod
1212 1135 1250 1172 in
1276 1134 1340 1172 illo

375 1205 508 1239 exstat
533 1202 691 1237 servata
716 1202 835 1236 vetus
860 1197 998 1235 Latina
1033 1197 1165 1234 versio
1191 1198 1340 1247 Legum

375 1262 815 1312 Anglo—Saxonicarum
833 1288 843 1303 ,
864 1258 965 1297 13⁷AE
995 1259 1113 1308 Regis
1134 1259 1342 1297 West—Sa-

375 1325 460 1362 xiae
485 1335 569 1374 pag.
596 1322 671 1360 759
697 1320 917 1359 ALVREDI
941 1321 1059 1371 Regis
1083 1319 1340 1359 West-Saxo-

375 1396 468 1423 num
486 1396 571 1435 pag.
590 1384 665 1422 819
680 1388 720 1421 et
736 1382 941 1422 GODRICI
958 1382 1178 1432 DaciRegis
1197 1381 1339 1419 Estanu

371 1447 470 1498 gliae
487 1458 573 1497 pag.
588 1445 665 1485 828
681 1443 904 1483 EDUARDI
921 1456 1008 1495 pag.
1023 1444 1100 1482 835
1121 1447 1162 1481 ct
1181 1442 1338 1482 ADEL-

371 1508 516 1548 STANI
540 1519 630 1557 pag.
653 1507 749 1556 839,
772 1506 865 1554 8477
890 1507 984 1553 849,
1007 1507 1076 1544 851
1108 1506 1335 1545 EDMUNDI

369 1580 456 1622 pag.
481 1569 558 1608 858
595 1569 784 1609 EDGARI
821 1580 907 1619 pag.
934 1568 1010 1606 870
1047 1567 1334 1607 ETIIELREDI

368 1644 454 1684 pag.
481 1633 556 1670 893
573 1631 621 1671 ad
643 1632 732 1670 903.
751 1630 949 1670 KANUTIv
965 1631 1083 1681 Regis
1099 1629 1333 1679 Anglorum,

371 1696 569 1733 Dauorum
607 1698 647 1732 et
678 1695 1019 1743 Norxxeganorum
1056 1703 1143 1742 pag.
1175 1692 1251 1730 914
1282 1690 1331 1729 ad

367 1757 456 1796 932.
499 1756 722 1795 WILELMI
764 1755 1074 1804 Conquaestoris
1116 1764 1200 1804 pag.
1241 1754 1330 1792 982.

363 1819 566 1858 IIENRICI
594 1819 736 1868 1,pag.
761 1817 848 1856 101.
867 1817 922 1854 De
952 1815 1134 1853 Hibernia
1167 1814 1327 1853 uberius

365 1879 485 1918 tradit
513 1891 598 1929 pag.
635 1878 737 1918 1072
772 1889 857 1927 seq.
884 1889 934 1915 ex
971 1876 1176 1929 GlnALDl
1211 1877 1311 1916 Cam

362 1941 519 1980 brenffls
542 1940 809 1992 topographia.

414 2004 591 2042 Joannes
628 2000 967 2042 BRUGMANNUS
990 2002 1111 2052 Belga
1142 2001 1235 2040 Ord.
1261 2002 1329 2039 Mi-

363 2077 446 2103 nor.
473 2066 510 2102 in
547 2069 751 2108 conventu
788 2063 1189 2114 Audomaropolitano
1226 2064 1329 2101 circa

363 2125 524 2165 Annum
566 2127 679 2165 1456.
716 2127 892 2176 Scriptor
916 2124 1021 2163 vitae
1041 2125 1084 2162 B.
1110 2124 1330 2163 Liduvinae

363 2187 531 2238 viryim's
548 2186 888 2234 Schiedamensis,
905 2186 1116 2225 defunctae
1131 2185 1206 2224 An.
1226 2187 1327 2226 1433

364 2260 466 2300 quae
491 2253 624 2288 exstat
642 2249 745 2300 apud
767 2249 953 2297 Surium,
979 2253 1019 2286 et·
1040 2249 1076 2286 in
1102 2247 1213 2286 Actis
1230 2249 1330 2287 San-

364 2316 460 2349 ctor.
503 2311 548 2350 14
586 2310 732 2362 Aprilis
758 2313 861 2360 (non
901 2311 922 2348 4
961 2315 1006 2349 ut
1043 2310 1104 2348 bis
1128 2321 1324 2349 excusum

363 2373 468 2424 apud
492 2373 635 2412 Oudin.
657 2377 752 2412 tom.
779 2373 829 2411 111
848 2402 855 2421 ,
873 2383 960 2424 pag.
982 2372 1099 2411 2563.
1117 2372 1125 2419 )
1141 2372 1325 2423 Epitome

363 2436 483 2473 etiam
508 2434 612 2485 apud
637 2436 893 2473 Franciscum
918 2436 1112 2473 Ilaraeum
1134 2434 1180 2472 14
1200 2433 1323 2485 April.

365 2501 408 2535 ut
431 2497 568 2534 Vossio
589 2497 671 2546 jam
698 2501 891 2535 notatum.

417 2557 640 2609 Stephanus
658 2559 920 2608 BRULIFER,
938 2559 1096 2598 Ordinis
1111 2560 1323 2605 Minoi-um,

364 2623 507 2660 Doctor
539 2622 660 2660 Paris.
684 2622 788 2660 circa
811 2620 858 2660 Α.
893 2622 994 2661 1460
1018 2620 1067 2659 de
1091 2619 1207 2671 cujus
1230 2620 1327 2659 scri-

364 2685 442 2734 ptis
463 2683 645 2722 Oudinus
669 2688 762 2722 tom.
789 2685 860 2733 III,
884 2695 971 2736 pag.
994 2684 1097 2723 2629
1119 2695 1168 2722 ex
1187 2684 1327 2722 Posse-

364 2747 455 2783 vino
475 2750 516 2783 et
550 2745 761 2797 Waddingi
785 2746 882 2785 Bibl.
907 2745 1041 2784 Ordin.
1076 2746 1210 2785 Minor.
1236 2756 1322 2796 pag.

363 2807 451 2846 320.
476 2808 703 2858 Moguntina
721 2807 906 2858 Synodus
927 2809 965 2846 in
990 2819 1069 2859 qua
1090 2807 1324 2848 Concionem

363 2868 409 2907 de
428 2868 563 2908 valore
575 2869 795 2908 Missarum
814 2870 952 2909 habuit
967 2900 975 2920 ,
991 2870 1152 2910 videtur
1167 2870 1231 2909 illa
1244 2868 1319 2908 An.

416 3028 450 3066 a)
472 3030 556 3067 Pag.
575 3028 637 3058 725
660 3031 692 3059 in
716 3031 865 3068 proemio
884 3035 1002 3062 auctor
1015 3031 1132 3063 scribit
1148 3030 1323 3061 historiam

360 3084 392 3106 se
417 3080 631 3109 constituisse
665 3078 829 3110 deducere
867 3089 972 3119 usque
1006 3080 1047 3110 ad
1082 3080 1276 3112 Eduardum
1300 3087 1319 3111 a

360 3131 559 3164 conquestus
600 3133 748 3168 tempore
784 3131 950 3169 primurn,
987 3139 1087 3170 quem
1123 3133 1322 3162 coronatum

358 3182 426 3204 osse
448 3181 575 3207 constat
602 3181 661 3210 An.
690 3178 780 3210 1272.
806 3180 894 3211 Idem
918 3186 1034 3212 auctor
1050 3189 1125 3221 pag.
1146 3181 1209 3212 967
1230 3180 1323 3212 Edu-

360 3223 430 3252 ardi
452 3227 538 3255 tertii
565 3229 738 3266 meminit,
761 3230 818 3268 qui
842 3232 954 3268 coepit
975 3239 1114 3270 regnare
1136 3234 1196 3263 An.
1227 3230 1320 3263 1526.

361 3272 549 3302 Laudamur
571 3275 612 3306 ab
638 3285 675 3307 eo
699 3281 861 3311 nenricus
886 3282 1205 3320 fluntingtoniensis
1221 3306 1230 3320 ,
1254 3282 1322 3314 Wi-

365 3318 502 3351 lhtlmus
527 3323 734 3366 malmesbur,
762 3332 827 3360 etc.

1426 397 1470 435 In
1497 396 1597 437 libro
1617 397 1663 438 de
1680 401 1750 440 SS.
1774 401 1963 441 Trz‘m'tate
1978 435 1989 453 ,
2008 405 2176 444 Brulifer
2200 412 2306 446 recte
2330 419 2392 447 re-

1425 459 1636 510 prehendit
1655 464 1828 513 pictores
1845 494 1852 513 ,
1868 466 1989 503 variis
2009 470 2049 504 et
2071 467 2242 519 indignis
2265 469 2392 509 modis

1425 525 2391 583 mysteriumsanctissimumdeformantes.Apud

1423 583 1686 625 Possevinum
1716 589 1858 628 vitiose
1881 589 2160 630 Mactoviensis
2179 622 2186 641 ,
2207 604 2278 643 pro
2306 594 2392 632 Ma-

1423 643 1650 697 cloviensis,
1667 652 1794 699 patria
1813 653 1920 689 enim
1943 651 2128 690 Bruliferi
2150 652 2390 694 maclovium

1423 707 1588 747 minoris
1611 711 1838 750 Britanniae
1858 741 1866 760 ,
1890 712 2011 762 vulgo
2035 713 2152 752 Saz'nt
2168 713 2286 753 Malo.

1475 771 1773 811 BRUNELLUS
1813 772 1972 824 Viqelli,
2010 774 2020 823 (
2029 775 2116 812 sive
2151 776 2285 825 potius
2320 777 2389 816 NI—

1420 830 1570 870 GELLI
1607 831 1824 881 W'irelreri,
1845 834 1962 886 Angli
2000 835 2178 874 Monaehi
2209 837 2388 887 ,Cantua-

1417 894 1580 942 riensis,
1605 896 1672 944 qui
1701 896 1805 933 circa
1838 893 1916 934 An.
1954 897 2057 936 1200
2096 898 2220 948 vixit)
2243 899 2387 939 asinus

1417 957 1503 994 sive
1524 955 1727 1007 speculum
1760 955 1996 1007 stultorum,
2018 958 2067 997 de
2087 959 2199 998 asino
2222 962 2291 1012 qui
2315 973 2386 1000 vo-

1417 1017 1521 1056 lebat
1545 1018 1713 1057 caudam
1738 1020 1883 1058 auferri
1908 1024 1949 1059 et
1972 1032 2119 1060 novam
2139 1022 2292 1072 creari,
2316 1023 2385 1062 Sa-

1415 1080 1489 1118 tira
1528 1081 1674 1130 scripta
1698 1081 1883 1120 versibus
1920 1082 2128 1133 elegiacis,
2157 1085 2379 1133 praemissa

1415 1142 1580 1190 epistola
1601 1142 1649 1180 ad
1673 1142 1942 1191 Guilelmum‚
1972 1147 2112 1194 postea
2137 1144 2381 1196 Episcopum

1411 1202 1616 1242 Eliensem
1635 1235 1643 1254 ,
1663 1216 1784 1254 quern
1805 1209 1943 1243 auctor
1965 1216 2122 1256 semper
2140 1204 2383 1257 diliqendum

1410 1263 1584 1315 fratrem
1608 1266 1803 1317 appellat,
1828 1267 1964 1316 aitque
1992 1267 2203 1317 speculum
2233 1268 2381 1306 stulto—

1413 1338 1502 1365 rum
1520 1339 1563 1365 se
1580 1327 1616 1365 id
1635 1329 1829 1378 scriptum
1849 1328 2092 1379 appellasse,
2108 1331 2156 1367 ut
2169 1327 2380 1380 inspicien-

1413 1392 1468 1428 tes
1499 1387 1633 1428 aliena
1661 1389 1836 1442 inspecta
1857 1388 2047 1441 stultitia,
2071 1393 2263 1443 tanquam
2290 1401 2377 1442 spe-

1412 1450 1546 1489 culum
1565 1464 1653 1492 eam
1670 1450 1858 1501 habeant,
1878 1463 1955 1504 quo
1976 1451 2149 1503 inspecto
2166 1453 2380 1505 propriam

1410 1518 1626 1565 corrzyant.
1664 1514 1810 1554 Prodiit
1851 1515 2035 1555 Coloniae
2070 1526 2141 1566 per
2181 1515 2376 1553 Joannem

1409 1575 1578 1615 Koelhof
1593 1576 1642 1615 de
1675 1576 1857 1624 Lubeck‚
1883 1575 1979 1616 1471
2012 1576 2076 1615 sol.
2100 1581 2142 1615 et
2181 1577 2267 1615 sine
2290 1576 2376 1615 loco

1408 1642 1448 1675 et
1464 1649 1568 1676 anno
1585 1639 1608 1676 8
1629 1637 1895 1687 Οο]οη.1499,
1914 1638 1950 1676 4.
1965 1642 2005 1677 et
2026 1639 2065 1676 in
2086 1639 2198 1689 praxi
2214 1635 2373 1688 jocandi

1405 1700 1483 1738 Frr.
1505 1700 1606 1740 1602
1631 1702 1667 1738 8.
1693 1712 1779 1751 pag.
1798 1701 1875 1739 352
1899 1704 1940 1739 et
1958 1699 2078 1750 jussu
2101 1700 2374 1751 gloriosissimi

1405 1761 1525 1799 Ducis
1541 1763 1867 1813 Luneburgensis
1882 1761 2104 1802 AUGUSTI
2121 1791 2130 1811 ,
2151 1760 2374 1812 Gvelpher-

1400 1822 1487 1873 byti
1526 1825 1628 1864 1662
1658 1826 1694 1862 8.
1737 1836 1831 1864 cum
1860 1824 2001 1863 Ovidio
2042 1823 2091 1863 de
2128 1823 2277 1863 vetula.
2314 1823 2372 1862 De

1403 1885 1614 1926 Codicibus
1637 1887 1747 1926 MSS.
1769 1886 1862 1925 vide
1876 1887 2082 1937 Polycarpi
2096 1884 2261 1937 Leyseri
2276 1885 2372 1925 hist.

1403 1948 1615 1988 Poetarum
1649 1948 1767 1988 medii
1798 1949 1888 1988 aevi
1915 1942 2002 2001 pag.
2029 1947 2097 1988 751
2129 1959 2213 1999 seq.
2238 1949 2305 1999 qui
2329 1951 2372 1987 et.

1402 2011 1608 2061 prologum
1639 2011 1952 2051 emendatiorem
1981 2011 2145 2050 exhibet
2172 2021 2259 2062 pag.
2290 2009 2368 2050 753

1403 2084 1487 2123 seq.
1512 2085 1562 2112 ex
1582 2074 1703 2113 MSto.
1727 2072 2050 2112 Helmstadiensi.

1448 2134 1666 2173 *Authoris
1682 2135 1803 2174 huius
1817 2145 1917 2186 opus
1932 2134 2136 2173 aFabricio
2147 2133 2365 2173 indicatum

1403 2208 1475 2246 ego
1493 2197 1638 2247 pariter
1652 2197 1692 2234 in
1700 2197 1778 2236 MS.
1788 2197 1897 2236 Saec.
1907 2197 1980 2235 XV
1994 2207 2124 2246 servo3
2135 2196 2206 2235 sed
2221 2203 2364 2236 carens

1403 2258 1508 2297 edito
1523 2259 1702 2297 conterre
1718 2259 1834 2298 ambo
1849 2258 1968 2298 simul
1985 2270 2064 2297 non
2079 2258 2206 2298 valeo.
2217 2259 2364 2298 P.Mar-

1402 2324 1494 2358 tene
1510 2320 1597 2359 Vet.
1612 2322 1714 2359 Mon.
1738 2322 1833 2370 VI,l
1864 2320 1988 2360 edidit
2010 2320 2242 2361 sententiam
2258 2321 2362 2360 Bru-

1399 2381 1495 2421 nellz'
1507 2382 1553 2421 de
1568 2382 1652 2421 ord.
1660 2382 2014 2435 Reliyz'osis:quem
2033 2384 2196 2423 titulum
2211 2394 2259 2423 an
2277 2385 2361 2436 ipse

1399 2446 1591 2496 repererit
1612 2447 1650 2484 in
1665 2447 1742 2485 MS.
1760 2446 1854 2486 Cod.
1870 2446 1935 2485 vel
1952 2445 2001 2484 de
2021 2457 2093 2486 suo
2111 2446 2361 2497 proposuerit

1397 2507 1593 2547 incertum
1610 2512 1684 2547 est.
1702 2509 1891 2548 Testatur
1910 2508 1974 2547 ille
1990 2509 2094 2547 inter
2113 2508 2241 2547 multa
2256 2519 2359 2559 quae

1397 2569 1561 2608 offendit
1576 2571 1616 2608 in
1631 2570 1726 2610 Cod.
1742 2570 1918 2610 Brunelli
1932 2571 2109 2610 carmina
2123 2574 2359 2622 excerptum

1398 2631 1472 2670 hoc
1495 2643 1538 2671 se
1571 2633 1739 2684 legisse,
1763 2632 1869 2684 quod
1892 2628 2053 2684 aliquod
2085 2632 2183 2673 utile
2211 2632 2358 2671 referre

1398 2694 1471 2732 sibi
1495 2694 1700 2734 videretur
1713 2707 1806 2735 cum
1822 2695 1989 2747 reliquia
2011 2695 2158 2746 inania,
2173 2698 2214 2734 et
2231 2693 2358 2734 futilia

1398 2760 1439 2795 et
1462 2757 1546 2808 ipse
1564 2756 1829 2808 judicaverit,
1859 2762 1900 2798 et
1934 2757 2183 2797 Mabillonius
2209 2757 2357 2808 pariter

1396 2819 1666 2860 arbitraretur.
1704 2823 1822 2860 Porro
1851 2821 1889 2860 in
1919 2818 2078 2873 speculo
2119 2817 2355 2868 stultorum,

1395 2883 1500 2934 quod
1521 2895 1654 2933 servo,
1679 2884 1848 2925 Carmen
1870 2883 1978 2923 istud
2002 2882 2051 2921 de
2073 2881 2166 2921 Ord.
2189 2880 2357 2934 Religio-

1393 2946 1449 2984 sts
1470 2957 1548 2984 non
1571 2947 1742 2998 legitur,
1765 2945 1870 2986 unde
1884 2956 1958 2984 nec
1978 2946 2018 2984 in
2041 2944 2147 2984 edito
2169 2944 2245 2996 legi
2263 2955 2357 2983 cen—

1393 3019 1472 3046 seo.
1498 3010 1729 3048 Postremus
1762 3008 2050 3058 Religiosorum
2087 3006 2207 3056 ordo,
2236 3004 2355 3056 cujus

1392 3071 1605 3109 Brunellus
1629 3071 1680 3109 ibi
1699 3070 1882 3108 meminit
1910 3073 1974 3107 est
2000 3068 2095 3108 ordo
2130 3065 2354 3120 Symphim'-

1387 3142 1506 3183 yram
1530 3134 1569 3171 in
1593 3131 1735 3183 Anglia
1758 3143 1781 3170 a
1800 3131 1840 3171 S.
1857 3126 2033 3169 Gilbe'rto
2047 3129 2175 3180 Anglo
2194 3129 2353 3168 institu-

1391 3198 1475 3233 tore
1495 3195 1611 3246 paulo
1626 3197 1717 3244 post
1733 3192 1908 3231 medium
1931 3192 2040 3231 Saec.
2055 3191 2129 3230 XII
2147 3190 2349 3231 fundatus.

1443 3254 1709 3295 BRUNETUS
1730 3252 1955 3302 LATINUS,
1970 3252 2236 3304 Florentinus,
2248 3253 2352 3293 Dan-

1393 3320 1445 3357 tis
1474 3322 1515 3358 et
1537 3317 1728 3358 Guidonis
1756 3315 1984 3359 Cavalcanti
2013 3318 2262 3367 praeceptor,
2288 3317 2350 3355 vir
