2500 4009
435 243 512 280 586

437 322 577 354 iterum
607 316 791 362 xnlgatus
811 314 1025 349 extitisset.
1049 314 1212 361 Singula
1245 314 1381 352 Fortu-

439 380 519 414 nati
539 386 710 413 carmina
732 404 739 419 ‚
760 375 861 410 intvi-
881 384 982 422 quae
1000 374 1137 411 multis
1157 374 1382 426 Epitapkiis

441 439 619 475 I'e'rorum
652 434 867 472 illustrium
903 434 1033 472 locum
1054 435 1163 473 dedit
1181 467 1191 482 ‚
1217 448 1382 475 enume-

436 510 520 536 rare
546 498 704 541 longum
726 501 854 534 esset.
877 501 913 533 et
934 497 1080 536 Iactum
1104 497 1176 535 hoc
1202 509 1250 536 ex
1271 503 1381 549 parte

434 574 454 596 a
480 551 649 606 Le‘ysero
675 559 710 594 in
734 558 941 596 Poetarum
964 558 1082 596 medii
1108 561 1195 597 aevi
1219 560 1382 598 historia

434 630 516 670 pag.
548 619 631 656 ¹52.
663 630 745 668 seq.

491 679 572 717 l'i'ca
596 681 634 718 S.
673 681 841 719 Martini
878 682 1153 722 Turonensis,
1180 694 1298 733 quam
1340 684 1382 721 li-

432 743 522 779 bros
545 742 755 781 SULl‘lCIl
780 745 916 781 Severi
938 755 1051 794 prosa
1074 746 1243 795 scriptos
1268 757 1383 785 secu-

433 810 523 840 tus.
555 805 692 854 panxit
723 806 966 844 Fortunatus
1009 806 1241 846 hexametro
1273 808 1382 846 libris

431 871 623 914 quatuor.
652 868 868 916 praemissa
910 869 1082 918 Epistola
1119 881 1195 919 qna
1221 881 1288 907 eos
1309 871 1384 907 Do-

431 927 534 964 mino
563 932 699 966 sancto
736 933 854 979 (itque
884 930 1104 980 „ipostolico
1139 931 1320 982 piissimo
1345 932 1383 970 in

434 989 629 1037 CHre'seor.
666 994 703 1027 ec
731 990 934 1041 peculiari
964 992 1081 1042 patri
1117 993 1384 1032 GREGORIO

431 1052 566 1101 Papae
595 1054 816 1090 Turonensi
842 1054 1010 1092 dedicat.
1055 1056 1095 1092 ln
1133 1055 1266 1093 limine
1296 1056 1382 1093 libri

432 1115 544 1163 primi
567 1115 664 1152 alios
689 1116 807 1153 etiam
835 1122 927 1153 anic
949 1128 992 1153 sc
1018 1118 1156 1155 poetas
1193 1117 1385 1156 Christia-

433 1187 505 1213 nos
527 1176 695 1214 celebrat
722 1177 782 1214 liis
809 1179 958 1216 vorbis:

446 1248 576 1277 Primus
593 1248 683 1277 enim
700 1246 798 1279 docili
815 1249 1025 1288 distinguens
1041 1249 1158 1281 ordine
1177 1258 1312 1282 carmen

447 1297 625 1336 majestatis
641 1305 723 1335 opus
743 1300 838 1329 metri
858 1300 949 1329 canit
966 1303 1036 1330 arte
1054 1301 1248 1330 JUVENCUS
1261 1324 1271 1337 ,

445 1348 527 1376 llinc
546 1354 679 1385 quoque
698 1349 870 1386 conspicui
888 1348 1032 1379 radiavit
1050 1349 1164 1388 lingua
1183 1351 1319 1379 SEDULI
1335 1374 1344 1386 ‚

445 1397 620 1434 Paucaque
639 1399 831 1434 perstrinxit
851 1398 990 1429 florente
1007 1400 1216 1430 ORIENTIUS
1233 1407 1290 1430 ore
1305 1423 1315 1437 ,

445 1445 710 1483 martyribusque
729 1447 791 1485 piis
809 1455 904 1478 sacra
923 1447 1003 1479 llaec
1022 1447 1163 1479 donaria
1180 1449 1318 1479 mittens

445 1493 592 1524 Prudens
610 1494 791 1533 prudenter
806 1498 1059 1527 PRL‘DENTIUS
1078 1497 1227 1527 immolat
1245 1501 1338 1528 actus
1352 1521 1360 1533 ,

445 1546 623 1574 Stemmate
636 1568 645 1581 ,
662 1546 774 1582 corde,
794 1547 855 1578 sicle
876 1546 1002 1586 pollens
1020 1548 1208 1577 PAULINUS
1226 1545 1259 1581 a)
1273 1550 1303 1576 et
1318 1549 1388 1577 arte

445 1593 601 1624 Versibus
618 1594 774 1633 explicuit
790 1596 944 1626 Martini
959 1596 1079 1635 dogma
1099 1597 1265 1635 magistri.

446 1644 547 1674 sortis
566 1645 773 1682 Apostolicac
791 1654 876 1684 quac
895 1651 985 1683 gesta
1004 1650 1168 1677 vocantur
1186 1650 1217 1676 ct
1233 1649 1327 1676 actus

446 1692 603 1724 Facundo
621 1693 754 1733 cloquio
773 1700 863 1726 vates
879 1695 1021 1727 sulcavit
1039 1697 1207 1726 Annon.

446 1743 539 1778 Quod
559 1750 653 1773 sacra
669 1743 828 1782 explicuit
847 1746 932 1775 serie
951 1744 1152 1783 genealogus
1167 1745 1246 1775 olim
1264 1769 1272 1782 ,

445 1792 611 1822 Amnius
628 1795 762 1832 egregio
781 1794 918 1831 digessit
936 1794 1089 1824 acumine
1107 1793 1251 1832 praesul.

432 1842 575 1880 Exstat
611 1843 707 1880 llaec
744 1844 824 1881 vlta
866 1845 902 1880 in
942 1843 1112 1881 editione
1154 1847 1382 1892 poematum

432 1905 634 1942 Fortunati
667 1905 816 1942 Veneta
837 1910 877 1942 et
901 1906 1139 1953 Mogontinis
1159 1936 1166 1953 ,
1188 1909 1228 1943 ct
1260 1906 1296 1942 in
1323 1906 1384 1943 Bi-

432 1965 638 2004 bliothecis
658 1967 817 2004 l'atrum
834 1967 1057 2005 Coloniensi
1077 1968 1188 2005 1648.
1208 1971 1302 2004 tom.
1322 1967 1385 2004 VI.

433 2027 641 2064 Parisiensi
665 2028 778 2066 4624.
805 2033 900 2066 tom.
923 2029 1007 2066 VIII
1025 2060 1034 2075 ,
1054 2040 1139 2079 pag.
1167 2028 1255 2066 752.
1283 2032 1322 2065 et
1346 2030 1382 2064 in

434 2089 687 2137 Lugdunensi
710 2094 806 2128 tom.
838 2093 888 2128 X.
919 2103 1005 2141 pag.
1033 2090 1121 2129 5597.

488 2151 656 2188 Carmen
672 2152 889 2200 elegiacum
907 2151 952 2189 (Ic
967 2151 1124 2189 excidio
1147 2150 1384 2201 leurinffl'ae

436 2223 483 2249 ex
510 2222 675 2260 persona
695 2213 992 2258 Rliadegundis.
1019 2213 1125 2262 quod
1154 2214 1312 2262 incipit:

450 2273 605 2303 Conditio
618 2273 692 2304 belli
708 2275 812 2305 tristis
827 2299 835 2310 ,
853 2283 924 2305 sors
944 2275 1056 2305 invida
1076 2282 1203 2305 rerum.

439 2328 532 2360 torn.
557 2325 606 2361 Χ.
632 2324 893 2362 Bibliothecae
921 2326 1077 2362 l‘atruin
1106 2323 1385 2369 Lugdunensis

438 2397 522 2435 pag.
544 2387 631 2424 0¹3.
658 2387 802 2424 Confer
821 2388 1006 2436 (jasparis
1045 2387 1243 2436 Sagittarii
1275 2386 1387 2423 Anti-

438 2448 612 2496 quitates
634 2448 755 2493 Regni
777 2448 1001 2497 Thuringici
1021 2460 1104 2497 pag.
1128 2450 1218 2486 2323.

490 2508 782 2560 Ilocloeporicon
797 2511 972 2547 carmine
995 2510 1166 2559 elegiaco
1190 2508 1244 2546 acl
1261 2509 1387 2547 Jusn'-

439 2582 530 2608 num
553 2571 783 2622 juniorem,
819 2572 1101 2623 Imperatorem
1139 2574 1175 2609 et
1203 2570 1387 2622 Sophiam

439 2634 684 2682 Aussustam.
710 2634 812 2683 quod
842 2635 973 2683 incipit
994 2648 1000 2670 :

453 2694 561 2725 Gloria
580 2703 709 2726 summa
728 2696 852 2732 Patris,
871 2696 1011 2734 Natique
1027 2703 1066 2726 ac
1084 2697 1229 2734 Spiritus
1248 2694 1339 2726 almi.

441 2750 534 2782 tom.
555 2747 602 2783 Χ.
629 2746 892 2783 Bibliothecae
922 2747 1082 2784 Patrum
1113 2745 1390 2795 Lugdunensis

442 2818 526 2857 pag.
549 2808 637 2844 Gli.

494 2870 661 2907 Carmen
687 2870 906 2920 elegiacum
941 2868 995 2906 ad
1031 2867 1250 2916 Artaclzin,
1287 2867 1390 2917 quod

444 2931 576 2979 incipit
596 2944 602 2967 1

459 2994 535 3022 Post
554 2994 683 3030 patriae
702 2994 834 3023 cineres
851 2998 883 3023 et
901 2991 1049 3023 culmIna
1065 2991 1153 3031 lapsa
1176 2995 1366 3030 parentum.

444 3041 583 3078 ibidem
611 3054 694 3092 pag.
723 3043 811 3081 615.

495 3104 774 3143 FOIITIJNATI
801 3105 911 3142 Vitae,
937 3106 1187 3143 Sanctorum.

495 3167 535 3201 S.
551 3164 698 3204 Albini.
716 3166 1020 3211 malvernensis
1036 3167 1238 3217 Episcopi.
1254 3166 1394 3205 (loson-

442 3227 491 3260 in
510 3228 778 3266 vir-caminum
799 3230 885 3265 33:30,
905 3229 1007 3278 apud
1029 3231 1187 3267 Sui-inm
1209 3231 1242 3267 4.
1266 3230 1389 3267 Martii

499 3352 527 3380 a,
556 3347 709 3377 innuimus
736 3351 954 3381 P‹rir‹›‹‚·‹u·in,-.

1151 241 1640 290 ⁴rouruxATI

1456 318 1495 352 et
1519 314 1623 365 apud
1657 316 1922 358 mabillonium
1964 323 2049 359 Sec.
2093 324 2126 360 4.
2165 323 2406 364 BenedIctin.

1455 386 1541 426 pag.
1568 377 1655 415 408.
1686 381 1726 415 et
1751 379 1787 416 in
1826 379 1937 419 Actis
1966 383 2206 422 Sanctorum
2248 388 2342 424 tom.
2370 388 2405 426 4.

1455 438 1579 477 Martii
1605 450 1691 490 pag.
1714 438 1777 478 57.
1800 451 1893 479 cum
1919 444 2038 482 notis.

1509 500 1548 538 S.
1568 499 1767 549 .›1mantii,
1788 502 1971 553 Episcopi
1986 505 2275 556 Ruthenensis,
2301 509 2408 559 apud

1459 562 1617 600 Surium
1647 563 1680 600 4.
1702 564 1956 612 Novembris,
1982 570 2022 603 et
2038 568 2229 608 sincerior
2250 571 2288 608 in
2310 570 2409 610 Lab-

1457 622 1518 661 bei
1556 623 1796 663 Bibliotheca
1832 637 1934 664 nova
1970 627 2076 666 MSS.
2109 632 2202 669 tom.
2236 631 2286 680 2,
2321 643 2408 683 pag.

1459 685 1644 725 474-481.

1510 748 1549 786 S.
1574 748 1785 798 Germani,
1804 750 2039 789 Parisiensis
2056 751 2252 804 Episcopi,
2266 754 2408 796 defun-

1456 810 1509 847 cti
1533 808 1606 848 An.
1634 809 1722 848 576.
1758 810 1862 861 apud
1887 811 2049 851 Surium
2077 813 2140 851 28.
2164 815 2252 864 Maji
2269 820 2344 862 ,et
2367 817 2406 855 in

1456 872 1665 911 Mabillonii
1688 873 1774 911 Sec.
1801 874 1828 911 Ι.
1852 873 2099 912 Benedictin.
2127 884 2214 925 pag.
2236 876 2325 916 349.
2349 881 2408 916 at-

1458 946 1536 983 quc
1551 935 1587 971 In
1605 933 1715 972 Actis
1732 935 1968 974 Sanctorum
1987 939 2081 973 tom.
2100 937 2123 974 6
2139 936 2229 987 Maji
2243 937 2407 978 XXVIII

1458 1008 1544 1047 pag.
1573 996 1663 1035 778.
1688 1006 1781 1034 cum
1807 997 1910 1035 notis
1935 997 2186 1037 Henschenii.

1511 1061 1550 1098 S.
1581 1057 1754 1108 Hilarii,
1792 1059 2054 1098 pictaviensis
2090 1060 2298 1112 Episcopi,
2340 1063 2409 1113 qui

1459 1121 1535 1160 An.
1571 1122 1660 1159 369.
1696 1121 1815 1170 obiit,
1849 1122 1959 1160 libris
1992 1122 2147 1164 duobus
2171 1123 2220 1163 ad
2241 1125 2409 1164 Pascen-

1460 1185 1558 1223 tium
1583 1185 1754 1234 Papam,
1790 1185 1875 1223 sive
1909 1186 2152 1236 Episcopum
2190 1187 2411 1226 Pictavien-

1460 1258 1561 1294 sem,
1584 1247 1730 1296 scripta
1754 1250 1847 1284 ante
1864 1244 2027 1286 Annum
2045 1248 2136 1286 559.
2161 1247 2195 1296 a)
2213 1248 2318 1300 apud
2335 1249 2409 1288 Su-

1459 1310 1560 1347 rium
1582 1309 1641 1347 43.
1667 1309 1825 1347 Januar.
1850 1313 1890 1346 et
1904 1313 1996 1347 ante
2017 1310 2148 1348 Hilarii
2169 1311 2298 1361 Opera
2321 1323 2410 1362 pag.

1459 1371 1670 1409 CXXVIII.
1695 1381 1787 1409 cum
1826 1371 1930 1408 notis
1967 1371 2347 1423 Benedictinorum,
2369 1378 2409 1412 et

1459 1435 1496 1471 in
1522 1433 1632 1472 Actis
1662 1434 1841 1472 Sanctor.
1871 1437 1965 1472 tom.
1994 1435 2026 1472 4.
2052 1435 2227 1475 Januarii
2251 1448 2277 1488 p
2313 1435 2404 1476 790.

1459 1495 1571 1533 Liber
1591 1495 1794 1534 sccundus
1810 1527 1820 1543 ,
1838 1497 1905 1546 qui
1930 1500 1994 1534 est
2012 1496 2060 1535 de
2081 1498 2217 1537 Hilarii
2240 1499 2411 1538 miracu-

1458 1558 1505 1596 lis
1524 1587 1531 1606 ,
1552 1569 1600 1595 an
1628 1559 1831 1596 Fortunati
1870 1557 1991 1609 bujus
2015 1560 2093 1608 sit,
2116 1559 2281 1600 dubium
2302 1560 2413 1599 vide-

1457 1625 1522 1659 tur
1548 1619 1645 1657 viris
1669 1620 1908 1670 quibusdam
1932 1620 2078 1660 doctis.

1511 1682 1551 1720 S.
1571 1680 1773 1728 Marcelli,
1812 1683 2044 1721 Parisiensis
2076 1684 2281 1734 Episcopi,
2307 1684 2412 1735 apud

1459 1745 1619 1782 Surium
1651 1744 1885 1782 Novembris
1923 1747 1957 1784 4.
1998 1745 2145 1784 Confer
2175 1745 2411 1797 Gregorium

1457 1806 1729 1844 Turonensem
1747 1805 1794 1844 de
1811 1806 1931 1855 gloria
1947 1807 2233 1847 Confessorum
2250 1819 2335 1860 cap.
2349 1809 2412 1847 89.

1511 1876 1551 1913 S.
1570 1874 1767 1923 Maur-ilii,
1788 1877 1973 1927 Episcopi
1999 1876 2324 1928 Andegavensis,
2346 1880 2412 1930 qui

1458 1937 1561 1976 circa
1585 1937 1747 1976 Annum
1770 1939 1860 1978 434.
1886 1938 2010 1988 obiit,
2035 1939 2139 1990 apud
2167 1939 2329 1980 Surium
2351 1940 2413 1980 43.

1460 2000 1719 2050 Septembris.

1511 2062 1550 2100 S.
1576 2060 1762 2100 Medarcli
1775 2093 1785 2109 ,
1811 2063 1995 2113 Episcopi
2020 2061 2325 2113 Noviomensis,
2349 2062 2418 2102 de-

1459 2125 1582 2162 functi
1603 2125 1708 2162 circa
1743 2123 1904 2162 Annum
1931 2124 2010 2163 556
2035 2125 2271 2175 interpolata
2308 2124 2414 2175 apud

1460 2189 1619 2226 Surium
1645 2188 1668 2224 8
1706 2188 1834 2225 Junii:
1862 2188 2052 2225 sincerior
2072 2189 2108 2225 In
2134 2187 2315 2227 Dacherii
2332 2189 2412 2239 spi-

1458 2249 1596 2295 cilegio
1636 2253 1731 2286 tom.
1764 2250 1877 2297 vni,
1905 2260 1991 2299 pag.
2031 2250 2123 2288 394.
2152 2253 2193 2288 et
2229 2249 2418 2288 editionis

1461 2321 1585 2348 novae
1611 2314 1703 2348 tom.
1729 2311 1752 2348 2
1772 2340 1779 2357 ,
1803 2321 1887 2361 pag.
1914 2310 2051 2350 70-74.
2069 2315 2192 2361 atque
2213 2310 2318 2362 apud
2339 2313 2418 2351 Ma-

1459 2372 1662 2410 billonium
1690 2372 1776 2410 Sec.
1803 2373 1831 2409 Ι.
1866 2372 2114 2411 Benedictio.
2143 2369 2345 2423 pag.'234.
2376 2377 2416 2411 et

1463 2435 1499 2470 in
1526 2432 1637 2471 Actis
1664 2434 1902 2472 Sanctorum
1929 2437 2024 2472 tom.
2047 2433 2083 2473 2.
2111 2434 2218 2473 Junii
2243 2445 2332 2486 pag.
2353 2435 2417 2472 79.

1461 2506 1552 2533 cnm
1580 2496 1682 2533 notis
1707 2495 2220 2546 Papebrochii,praemisso
2243 2506 2331 2546 pag.
2352 2495 2415 2535 78.

1462 2559 1637 2595 carmine
1666 2558 1838 2607 elegiaco
1863 2556 2119 2607 deejusdem
2149 2557 2321 2597 Medardi
2347 2559 2421 2596 mi-

1465 2619 1634 2664 raculis,
1658 2617 1763 2668 quod
1790 2620 1928 2669 incipit
1948 2632 1955 2656 :
1976 2618 2086 2656 Inter
2112 2616 2389 2658 Christicolas.

1516 2682 1556 2719 S.
1580 2679 1769 2728 Paterni,
1794 2681 1978 2730 Episcopi
2005 2678 2266 2719 Abrincensis
2285 2709 2294 2728 ,
2313 2680 2418 2719 circa

1464 2742 1625 2781 Annum
1653 2742 1742 2780 565.
1778 2742 1816 2779 in
1841 2741 2052 2780 Mabillonii
2079 2741 2164 2780 Scc.
2184 2742 2223 2783 2.
2242 2740 2421 2785 ,Benedi-

1465 2806 1558 2842 ctin.
1584 2815 1670 2854 pag.
1698 2804 1811 2842 4400.
1837 2807 1878 2842 et
1911 2814 2004 2842 cum
2043 2802 2285 2842 Henschenii
2315 2804 2420 2841 notis

1468 2867 1555 2904 Act.
1580 2866 1759 2904 Sanctor.
1783 2869 1882 2903 tom.
1908 2865 1945 2904 2.
1975 2863 2122 2915 Aprilis
2145 2864 2249 2903 XVI.
2271 2875 2307 2915 p.
2331 2862 2418 2903 427.

1520 2929 1561 2967 S.
1595 2926 1847 2977 Radequndis
1870 2927 2041 2977 Reginae
2061 2957 2069 2974 ,
2091 2937 2194 2976 quae
2217 2926 2291 2964 An.
2330 2924 2418 2964 587.

1469 2989 1592 3038 obiit,
1617 2988 1720 3038 apud
1760 2988 1919 3027 Surium
1947 2989 2009 3027 43.
2035 2987 2219 3038 Augusti.
2245 2986 2375 3026 Vitam
2398 2997 2420 3025 a

1467 3052 1681 3089 Fortunato
1692 3051 1879 3100 scriptam
1889 3049 2094 3101 supplevit
2108 3047 2421 3089 BAUDONIVIA

1468 3112 1800 3151 Sanctimonialis.
1838 3111 1936 3151 Vide
1965 3113 2126 3162 Pagium
2170 3109 2219 3150 ad
2256 3109 2419 3150 Annum
2484 3111 2486 3114 ’

1468 3174 1556 3213 527.
1579 3185 1688 3213 num.
1717 3174 1818 3212 XVI.
2235 3184 2239 3189 ·

1525 3358 1553 3385 a,
1585 3347 1731 3379 [abbe-ns
1756 3352 1836 3378 toni.
1862 3349 1879 3376 ²
1902 3347 1941 3376 «lu
1964 3349 1993 3376 S.
2023 3347 2057 3376 Ε.
2085 3352 2157 3384 pag.
2185 3344 2270 3385 4439.>
