2500 4009
457 188 507 224 68

459 261 473 298 l
484 259 558 298 527
584 261 704 298 forma
728 262 892 305 minore,
915 259 1096 296 Coloniae
1127 258 1228 297 4483
1252 259 1399 298 Norini-

457 321 595 371 bergae
624 322 722 360 4498
752 320 923 358 Venetiis
948 321 1068 368 4548,
1093 320 1117 358 8
1140 325 1180 358 et
1205 320 1332 371 4592,
1363 322 1396 360 4.

455 394 546 422 cum
562 385 660 421 Petri
685 381 731 420 de
755 382 1000 431 Cavalleriis,
1015 383 1080 432 qui
1097 381 1142 421 A.
1161 383 1259 421 4450
1281 385 1401 434 scrip-

457 446 506 481 sit
532 445 617 481 Zelo
641 443 787 481 Christi
811 443 1005 483 adversus
1026 444 1215 491 Judaeos,
1240 448 1280 482 et
1298 445 1398 483 4592

460 506 579 558 4646.
602 506 720 553 4655,
739 505 813 553 8,ω
837 505 1016 545 Coloniae
1040 506 1159 552 4536,
1184 506 1218 543 8.
1244 506 1400 543 Parisiis

459 568 496 602 in
522 562 592 604 43⁰
629 571 669 604 et
706 567 827 605 forma
863 567 1029 614 minore,
1065 568 1302 616 Macerataffi
1330 566 1402 604 Ar-

456 628 645 676 gentorati
670 633 743 666 etc.
767 632 853 666 tum
879 628 917 666 in
956 628 1314 679 Micropresbytico,
1344 631 1402 665 at-

459 699 535 736 que
560 689 598 725 in
623 688 1022 740 Orthodoxographis,
1047 690 1138 727 etin
1155 688 1402 727 Bibliothecis

460 750 617 789 l'atrum
659 752 775 789 etiam
800 752 1069 789 recentissima
1094 750 1270 800 Lugdun.
1308 754 1399 788 tom.

460 811 582 849 xvm
607 822 690 862 pag.
716 813 791 851 549
815 817 854 850 et
877 812 923 850 ad
945 812 1091 850 calcem
1112 813 1234 862 partis
1263 822 1403 849 secun-

459 871 530 911 dae
554 873 807 912 ilistoriarum
825 873 1009 912 Antonini
1030 875 1055 912 F
1061 874 1251 912 lorentini.
1268 873 1404 912 Novis-

460 935 558 973 sime
568 936 730 973 seorsim
742 964 752 982 ,
768 935 1040 986 Antwerpiae,
1057 940 1102 974 ut
1118 935 1234 974 habet
1253 935 1403 983 titulus,

463 997 548 1034 sive
571 997 718 1047 Lipsiae
742 998 871 1047 potius
889 998 1005 1045 4744,
1026 997 1100 1040 83⁰
1125 997 1214 1036 vide
1234 998 1406 1035 Diarium

462 1058 737 1108 Theologicum
766 1059 1002 1107 Dresdense,
1047 1058 1302 1109 L'nschuldiye
1329 1059 1409 1097 Na-

463 1119 660 1158 chrichten
681 1120 794 1159 Anuo
820 1121 912 1160 4744
939 1132 1024 1171 pag.
1050 1121 1125 1159 959
1151 1125 1190 1159 et
1204 1122 1408 1160 Memorias

466 1183 689 1225 Litterarias
713 1183 959 1221 Trevoltinas
981 1182 1054 1220 An.
1094 1181 1195 1222 4742
1224 1195 1259 1234 p.
1291 1183 1405 1222 2404.

462 1243 605 1281 Prodiit
627 1245 743 1281 etiam
769 1244 900 1282 ltalice
923 1244 1097 1282 Venetiis
1129 1245 1251 1294 4535,
1282 1245 1408 1293 4544,

465 1299 535 1341 82⁰
559 1303 821 1355 Requisitioni
840 1303 886 1343 de
909 1304 948 1342 la
966 1317 1064 1343 vera
1080 1305 1192 1352 Fede,
1210 1306 1412 1344 Germani-

460 1377 504 1403 ce
527 1366 730 1404 Valentino
774 1367 891 1405 Linck
930 1369 1142 1418 interprete
1179 1368 1411 1418 Altenburgi

465 1427 578 1470 4524,
591 1428 623 1465 4.
641 1428 743 1466 Datz
762 1428 915 1468 JESL‘S
937 1429 1173 1468 Nazarenus
1187 1427 1258 1467 der
1272 1428 1408 1467 mahre

460 1488 627 1527 Messias
671 1500 736 1529 sev
756 1522 767 1539 ,
801 1489 1037 1529 derohalben
1074 1490 1134 1529 die
1177 1489 1303 1529 Juden
1342 1488 1422 1542 auf

470 1550 594 1589 teinen
615 1550 766 1590 andern
792 1556 947 1591 marten
977 1552 1143 1603 durffen.
1183 1554 1412 1603 Hispanicae

464 1613 656 1650 versionis
678 1613 791 1652 Anno
815 1614 915 1653 4448
954 1615 1077 1653 sactae
1106 1615 1153 1652 ab
1177 1613 1320 1652 Alvaro
1363 1613 1411 1651 de

466 1674 703 1722 l'illascusa,
721 1676 817 1714 JCto
841 1676 1163 1723 Salmantivensi,
1185 1675 1253 1713 sed
1282 1675 1409 1714 adhuc

468 1735 634 1773 ineditae
656 1737 832 1774 meminit
855 1737 1034 1775 Nicolaus
1053 1736 1249 1775 Antonius
1282 1737 1320 1773 in
1350 1737 1412 1774 Bi-

472 1796 663 1836 bliotheca
685 1799 891 1848 Hispanica
912 1800 1053 1846 veteri,
1078 1803 1183 1835 tomo
1207 1799 1240 1836 ΙΙ
1264 1808 1349 1848 pag.
1377 1798 1412 1836 2.

517 1857 805 1899 ALPHONSUS
826 1859 1053 1911 Buryensz's.
1076 1860 1173 1898 infra
1189 1889 1197 1909 ,
1216 1857 1413 1899 Vallisole-

469 1922 595 1958 tanus.

517 1980 808 2022 ALPHONSUS
816 1995 842 2021 a
851 1983 1111 2034 Carthayena.
1123 1984 1233 2031 infra,
1244 1982 1412 2034 Alphon-

470 2053 539 2081 sus
563 2042 608 2082 de
628 2045 667 2083 S.
687 2044 832 2083 Maria.

520 2104 759 2145 ALPHONSI
789 2108 855 2146 IX.
881 2107 1071 2146 Castellae
1105 2108 1245 2157 Regis,
1268 2109 1334 2157 qui
1363 2108 1411 2146 de

466 2167 608 2204 Mauris
630 2166 702 2205 An.
726 2168 826 2207 4242
842 2170 1043 2207 victoriam
1061 2170 1257 2219 ingentem
1282 2181 1412 2220 repor-

468 2229 589 2277 tavit,
614 2233 706 2268 sunt
729 2229 829 2268 duae
866 2229 1085 2280 Epistolae,
1112 2232 1283 2269 Basileae
1309 2232 1408 2270 4553

468 2290 613 2337 editae,
638 2302 714 2329 una
736 2290 781 2330 de
804 2291 1015 2331 Saracenis
1034 2292 1273 2343 presumitis,
1294 2297 1333 2329 et
1356 2293 1411 2330 al-

467 2358 550 2391 tera
573 2352 619 2390 de
641 2351 934 2404 Albinssensium
956 2353 1111 2393 haeresi
1129 2353 1319 2402 eoetincta,
1335 2359 1411 2391 ter-

469 2416 600 2465 tiaque
629 2414 682 2453 ad
710 2413 931 2466 Philippum
957 2414 1199 2465 Auyustum,
1229 2417 1411 2454 Franciae

468 2477 638 2526 Regem,
667 2488 786 2526 quam
809 2476 928 2515 edidit
947 2478 1131 2516 Baluzius
1150 2481 1254 2515 tomo
1271 2478 1302 2516 ΙΙ
1326 2479 1414 2516 Mis-

468 2537 603 2576 cellan.
627 2549 711 2588 pag.
736 2539 824 2577 251.

521 2599 808 2638 ALPHONSUS
831 2601 878 2638 X.
902 2597 1094 2639 Castellae
1114 2604 1154 2637 et
1175 2599 1350 2650 Leqz'onis
1365 2600 1412 2638 ab

469 2660 582 2699 Anno
607 2661 706 2699 4252
728 2662 829 2709 Rex,
853 2662 1007 2700 electus
1033 2662 1151 2700 etiam
1174 2661 1287 2700 Anno
1311 2660 1411 2701 4257

472 2724 698 2773 Imperator,
716 2723 879 2773 Imperio
892 2724 1137 2761 renunciavit.
1156 2722 1201 2762 A.
1215 2723 1326 2771 4273,
1343 2723 1410 2761 sed

470 2790 509 2822 et
525 2796 642 2834 regno
658 2785 845 2835 spoliatus
861 2796 882 2823 a
900 2784 976 2822 silio
992 2785 1166 2832 Sanctio,
1183 2784 1296 2823 Anno
1312 2785 1412 2824 4282

470 2858 545 2884 non
569 2847 635 2885 diu
656 2851 758 2897 post,
792 2858 893 2884 anno
919 2846 1018 2886 4284
1040 2846 1142 2884 diem
1157 2847 1260 2884 obiit.
1280 2846 1413 2886 Maaei-

471 2920 559 2947 mus
581 2912 618 2946 et
647 2907 974 2959 prudentissimus
992 2910 1098 2957 Reae,
1119 2907 1157 2947 si
1176 2906 1255 2946 sibi
1274 2919 1413 2959 sapere

473 2970 686 3019 didicisset,
710 2975 754 3008 ut
774 2971 826 3008 ait
850 2971 1017 3009 Mariana
1040 2971 1127 3009 XIV
1151 2970 1187 3008 7.
1215 2970 1411 3019 Exstant,

475 3033 597 3081 inquit
619 3032 718 3069 idem
739 3032 848 3079 xiii,
869 3032 890 3067 9
908 3031 953 3069 de
975 3035 1176 3070 astrorum
1196 3031 1413 3070 conversio-

474 3091 604 3140 nibus,
633 3092 678 3130 de
711 3093 925 3144 Hispanico
960 3093 1137 3132 Historia
1172 3092 1223 3131 ab
1252 3092 1410 3145 Alfonso

474 3154 574 3191 edita
609 3154 806 3193 Volumina
838 3167 975 3206 maqno
1000 3155 1168 3206 inqenio,
1190 3154 1414 3194 incredibili

474 3215 611 3253 studio.
635 3222 673 3254 et
702 3218 787 3256 XlV
813 3217 846 3256 7.
871 3219 1014 3257 Sacros
1051 3215 1268 3256 Bibliorum
1291 3217 1410 3256 libros

476 3275 514 3313 in
539 3280 752 3315 maternam
781 3278 952 3330 linquam
975 3279 1178 3318 vertendos
1202 3280 1316 3319 etiam
1344 3291 1409 3319 cu-

1224 186 1659 227 ALPIIONSUS

1465 257 1581 297 ravit.
1605 258 1772 298 Tabulae
1795 256 2106 305 Astronomicae,
2129 265 2229 306 quae
2251 255 2299 294 ab
2328 256 2411 306 ipso

1470 318 1733 371 Alphonsinae
1753 319 2017 371 appellantur,
2039 328 2219 368 magnam
2241 317 2313 368 ipsi
2333 316 2417 356 lau-

1471 381 1560 420 dem
1583 393 1790 434 peperere,
1814 391 2040 432 quanquam
2059 383 2099 418 et
2122 380 2322 430 praeivere
2341 379 2418 417 illis

1472 443 1628 494 Graeci,
1652 443 1821 491 Arabes,
1851 443 2010 490 Persae,
2028 445 2068 480 et
2082 445 2170 492 post
2193 440 2297 479 illius
2320 443 2421 478 tem-

1472 515 1564 555 pora
1579 506 1746 544 multum
1765 505 1840 543 illis
1858 514 1881 542 a
1897 506 2076 554 posterae
2098 502 2239 540 aetatis
2253 501 2419 551 ingeniis

1478 571 1518 611 et
1541 567 1670 606 studio
1693 566 1878 614 accessit,
1898 568 1942 603 ut
1964 574 2014 601 ex
2033 562 2106 602 hoc
2127 562 2237 600 brevi
2259 561 2421 601 elencho

1480 628 1617 667 Lector
1640 628 1780 679 poterit
1803 635 2050 677 cognoscere.

1533 690 1701 729 Tabulae
1722 687 2017 727 Astronomicae
2038 683 2199 725 Claudii
2214 681 2426 723 Ptolomaei

1473 750 1734 802 Hipparchum
1761 749 1885 788 secuti
1908 752 1948 788 et
1984 747 2252 787 Timocharem
2273 756 2319 784 ac
2339 745 2417 784 Me*

1475 812 1646 862 nelaum,
1662 813 1700 850 in
1718 821 1857 861 magna
1875 810 2059 861 Syntaxi,
2080 808 2129 847 de
2147 819 2226 859 qua
2247 807 2327 846 dixi
2351 807 2417 846 lib.

1478 875 1538 913 IV.
1563 874 1823 913 Bibliothecae
1845 873 2015 911 Graecae
2037 881 2119 922 cap.
2149 870 2196 908 44
2221 869 2242 921 g
2269 869 2304 907 3.

1532 937 1587 975 De
1607 936 1750 976 tabulis
1765 933 2047 974 Astronomicis
2061 929 2243 970 Arabum
2256 931 2274 970 J
2279 930 2424 970 acobus

1480 997 1614 1037 Golius
1636 998 1684 1037 ad
1704 997 1958 1047 Alfraganum
1974 1005 2060 1045 pag.
2081 993 2130 1031 66
2150 1003 2232 1043 seq.
2252 993 2354 1031 sicut
2375 991 2424 1030 de

1485 1061 1702 1099 Persarum
1723 1058 1866 1097 tabulis
1889 1067 1973 1107 pag.
1996 1055 2057 1094 46.

1531 1121 1559 1160 Λ
1568 1120 1751 1172 lbateynz'i
1762 1120 1835 1159 An.
1852 1119 1927 1157 880
1942 1129 1992 1157 ex
2007 1117 2328 1168 interpretatione
2341 1115 2426 1154 Pla-

1484 1185 1585 1222 tonis
1607 1183 1798 1222 Tiburtini
1822 1185 1862 1220 et
1883 1180 2045 1219 Joannis
2062 1178 2366 1229 Regiomontani.

1534 1243 1716 1285 Arzaelis
1738 1243 1782 1283 Α.
1807 1242 1882 1282 970
1906 1242 2061 1281 tabulae
2083 1240 2303 1280 Toletanae.

1541 1305 1666 1346 Geber
1682 1306 1932 1345 Latinitatate
1946 1303 2114 1342 donatus
2128 1300 2328 1341 aGerardo
2337 1301 2428 1341 Cre-

1485 1370 1674 1408 monensi.

1542 1430 1637 1482 Uluq
1654 1431 1731 1481 Bey
1754 1429 1909 1468 tabulae
1929 1426 2198 1478 Longitudinis
2216 1429 2256 1465 et
2283 1425 2431 1465 Latitu—

1487 1493 1588 1532 dinis
1618 1492 1821 1531 stellarum
1859 1490 2025 1529 fixarum
2050 1489 2202 1527 Persice
2233 1491 2274 1526 et
2296 1487 2430 1526 Latine

1492 1555 1618 1593 editae
1639 1566 1659 1593 a
1683 1554 1829 1592 Thoma
1849 1551 1980 1602 Hyde,
2005 1551 2178 1590 Oxoniae
2201 1549 2303 1588 1665
2324 1544 2402 1587 4.‘⁰.

1535 1615 1795 1668 Alphonsinae
1810 1614 2039 1653 coelestium
2060 1615 2239 1651 motuum
2256 1610 2427 1659 tabulae,

1483 1678 1598 1727 Regis
1633 1676 1821 1728 Alphonsi
1855 1675 2038 1725 auspiciis
2073 1677 2114 1712 et
2148 1676 2284 1712 sumtu
2320 1673 2330 1722 (
2352 1684 2430 1711 non

1485 1742 1624 1788 quater
1643 1739 1707 1776 vel
1730 1736 1963 1788 quadragies
1986 1734 2033 1783 a)
2055 1738 2100 1773 ut
2119 1733 2312 1782 nonnulli,
2335 1734 2430 1783 sed)

1488 1799 1808 1851 quadringenties
1822 1798 1846 1836 b
1861 1798 1870 1847 )
1887 1797 1992 1835 mille
2007 1806 2235 1844 aureorum,
2254 1799 2344 1846 post
2357 1794 2430 1834 An.

1489 1861 1590 1901 4252
1610 1860 1658 1900 ad
1680 1859 1780 1900 4270
1794 1859 2032 1911 compositae
2047 1869 2069 1897 a
2088 1859 2132 1897 R.
2148 1858 2288 1897 Isaaeo
2299 1858 2431 1897 Hazan

1493 1924 1578 1962 sive
1611 1923 1778 1962 Cantore
1801 1922 1986 1960 Toletano
2009 1919 2181 1959 adhibita
2208 1930 2324 1970 opera
2351 1923 2431 1958 tam

1485 1985 1647 2023 aliorum
1685 1983 1919 2022 Judaeorum
1949 1992 2068 2031 quam
2097 1979 2290 2025 Arabum,
2311 1981 2433 2032 AEgy-

1485 2046 1672 2096 ptiorum,
1698 2046 1934 2094 Maurorum,
1959 2043 2310 2094 Hispanorumque.
2339 2044 2430 2082 Pro—

1484 2107 1591 2145 diere
1611 2105 1812 2158 Augustae
1837 2106 1954 2153 4488,
1981 2105 2016 2155 4,
2036 2115 2136 2154 quae
2159 2103 2276 2143 editio
2295 2104 2335 2142 in
2368 2105 2431 2143 Bi·-

1482 2168 1674 2207 bliotheca
1708 2168 1935 2206 Barberina:
1958 2170 2044 2205 tum
2080 2166 2256 2205 Venetiis
2279 2165 2380 2205 4492
2405 2166 2426 2204 4
2447 2164 2451 2167 ’

1488 2230 1599 2268 4534.
1624 2231 1742 2268 Paris.
1767 2230 1884 2278 4545,
1910 2228 2030 2276 4553,
2053 2228 2074 2265 4
2096 2238 2187 2266 cum
2207 2226 2429 2267 Canonibus

1483 2291 1643 2330 Joanm's
1659 2289 1928 2330 Samoniensis.
1942 2288 2207 2339 Beughemius
2216 2289 2334 2327 etiam
2349 2287 2430 2327 edi-

1484 2353 1609 2390 tiones
1625 2352 1789 2390 sineloci
1804 2353 1918 2390 notal
1932 2350 2005 2388 483
2015 2353 2055 2388 et
2071 2349 2171 2388 4490
2191 2350 2212 2387 4
2225 2352 2427 2388 memorat.

1536 2412 1690 2452 Nicolai
1711 2411 1862 2453 Casani
1893 2412 2079 2451 correctio
2110 2411 2334 2450 tabularum
2364 2409 2430 2449 Al-

1487 2476 1643 2526 phonsi,
1672 2476 1710 2512 in
1729 2475 1872 2514 Cusani
1888 2473 2082 2524 Operibus
2096 2483 2180 2523 pag.
2198 2470 2430 2512 4468-·4476

1484 2538 1551 2587 qui
1574 2537 1691 2575 etiam
1710 2536 1841 2575 laudat>
1855 2533 2069 2574 Henricum
2086 2533 2221 2572 Batem
2237 2534 2277 2572 in
2299 2532 2427 2572 libello

1484 2599 1624 2637 erroris
1658 2597 1878 2636 tabularum
1900 2594 2101 2646 Alphonsi.
2128 2595 2364 2634 Memoratur
2385 2597 2425 2633 et

1483 2658 1666 2698 Albertus
1681 2658 1729 2697 de
1744 2659 1920 2697 saxonia.
1936 2658 1989 2697 Et
2003 2657 2182 2697 Canones
2204 2655 2425 2696 tabularum

1484 2721 1632 2760 Alfonsi
1647 2722 1762 2771 Regis
1775 2720 1941 2759 ordinati
1960 2730 2029 2770 per
2049 2719 2235 2757 Joannem
2247 2716 2294 2756 de
2314 2716 2426 2756 Line-

1484 2783 1557 2822 riis
1577 2783 1674 2823 MSti
1714 2783 1753 2820 in
1776 2781 2014 2822 Bibliotheca
2047 2781 2164 2831 Regia
2185 2779 2300 2818 Paris.
2327 2777 2423 2819 Cod.

1485 2845 1597 2884 4349.
1622 2844 1717 2883 Inde
1742 2845 1779 2882 in
1804 2844 1878 2882 illis
1901 2843 2044 2882 tabulis
2071 2839 2316 2892 perficiendis
2338 2844 2422 2880 stu-

1485 2907 1593 2946 dium
1608 2911 1647 2945 et
1661 2916 1816 2957 operam
1832 2915 1996 2956 posuere
2011 2904 2031 2941 J
2035 2913 2068 2941 o.
2092 2901 2336 2953 VirdunduS,
2351 2902 2424 2943 No-

1486 2969 1597 3007 rimb.
1625 2968 1726 3007 4542
1751 2968 1784 3005 4.

1537 3031 1706 3069 Joannes
1739 3027 1984 3067 Schindelius
2015 3024 2310 3065 Mathematicus
2333 3027 2422 3066 Pra-

1537 3143 1580 3183 a)
1615 3143 1694 3175 Vide
1730 3141 1937 3174 celeberrimi
1965 3138 2069 3171 wolfii
2092 3138 2328 3173 Bibliothecam
2362 3143 2426 3172 ile-

1483 3194 1614 3226 braeam
1636 3197 1714 3224 tom.
1732 3193 1743 3221 1
1761 3198 1833 3231 pag.
1858 3188 1926 3220 19⁶2.
1949 3188 2118 3221 Nicolaum
2133 3191 2312 3224 Antonium
2332 3193 2423 3223 tomo

1478 3245 1506 3274 li
1529 3241 1748 3274 Bibliothecae
1767 3239 1887 3271 veteris
1910 3238 2072 3276 Hispanae
2094 3245 2169 3279 pag.
2193 3238 2244 3272 55.

1536 3290 1583 3331 b)
1603 3289 1705 3324 Baelii
1726 3289 1865 3321 Lexicon
1887 3288 1923 3319 in
1947 3285 2106 3320 Cascille.
