2500 3841
914 155 1385 201 EPIPHANlUS
2052 168 2130 207 513

133 230 280 269 Graece
304 230 448 280 scripta
472 233 652 279 utraque,
669 230 760 270 edit.
786 230 972 271 Harduin.
1000 244 1086 283 pag.

135 284 309 322 326-443
334 283 461 321 divisa
487 283 524 320 in
548 287 677 321 tomos
701 285 786 323 sive
810 288 1008 325 sectiones
1034 287 1096 325 VI.

184 344 482 385 EPIPHANIUS
516 343 783 386 scholasticus
800 379 810 396 ,
835 348 968 387 clarus
992 349 1097 388 circa

129 406 293 446 Annum
328 407 403 446 510
428 411 468 444 et
499 407 672 446 amicitia
697 409 945 458 Cassiodori,
973 411 1007 458 a)
1041 415 1099 449 at-

130 479 208 518 que
227 473 412 519 suscepta
430 467 518 519 ejus
540 470 728 520 precibus
745 473 928 510 versione
955 473 1098 510 Latina

132 531 348 581 insignium
371 530 611 570 Graecorum
641 535 881 584 scriptorum
904 565 912 584 ,
953 534 1097 573 famam

58 586 65 594 '
133 604 209 632 non
234 593 444 632 obscuram
463 599 721 634 consecutus.
746 597 814 635 Hic
838 602 913 645 est,
939 597 1007 647 qui
1027 596 1098 635 Ηί-

130 655 296 694 storiam
318 654 641 696 Ecclesz'astz'cam
677 657 855 697 Socratis
890 659 1101 698 Sozoment'

131 722 170 757 et
206 718 435 758 Theodoreti
471 722 580 759 misit
610 723 647 759 in
687 722 994 772 compendium,
1032 724 1094 761 cui

129 781 283 832 digesto
309 783 346 820 in
371 780 581 822 duodecim
604 783 724 822 libros
746 785 933 835 imposuit
951 796 1092 823 nomen

128 843 330 883 Historiae
353 844 591 897 tripartitae,
615 847 651 895 b)
678 847 745 897 qui
774 847 903 886 lucem
921 848 1092 898 primum

132 905 320 946 viderunt
342 907 547 958 Augustae
572 908 866 948 Vindelicorum
893 909 1091 958 14729101.

130 981 200 1020 per
221 969 442 1009 Johannem
469 971 683 1010 Schiissler
706 983 781 1009 non
803 970 961 1023 quidem
989 970 1094 1010 cliri-

129 1032 378 1083 royraphati,
402 1033 472 1072 sed
490 1033 577 1086 ipsa
592 1046 696 1086 quae
710 1036 903 1074 aSammo
920 1034 1092 1074 demissa

132 1096 192 1132 est
211 1097 300 1133 arte
321 1107 442 1146 quam
465 1095 671 1147 dilz'qenter
695 1096 888 1149 impressi.
910 1099 1008 1137 Hinc
1022 1099 1093 1136 Pa-

131 1157 235 1195 risiis
259 1158 345 1195 sine
369 1159 463 1196 anni
489 1163 580 1198 nota
606 1161 643 1197 in
668 1164 809 1198 octavo
838 1159 941 1211 apud
972 1161 1092 1198 Fran-

129 1220 280 1259 ciscum
295 1220 491 1270 Regnault
511 1226 551 1259 et
565 1227 704 1272 postea
724 1235 773 1262 ex
789 1223 899 1261 Beati
913 1222 1092 1260 Rhenani

129 1283 395 1333 recognitione
432 1283 608 1322 Basileae
641 1286 772 1334 1523,
801 1285 927 1332 1528,
962 1285 1089 1333 1533,

130 1346 260 1394 1539,
293 1345 407 1385 1568.
446 1349 486 1384 et
532 1347 691 1386 Parisiis
733 1347 837 1399 apud
878 1347 1090 1386 Nivellium

130 1408 245 1457 1562,
269 1407 331 1446 fol.
358 1407 473 1457 1566,
498 1409 533 1447 8.
559 1413 679 1459 atque
704 1410 950 1448 Francofurti
973 1410 1088 1458 1588,

129 1470 192 1508 fol.
216 1482 295 1509 una
332 1481 424 1510 cum
463 1471 625 1511 historia
651 1472 935 1511 Ecclesiastica
964 1473 1091 1511 Euse—

126 1532 254 1581 biana,
283 1543 404 1583 quam
430 1534 567 1572 Latine
589 1535 711 1572 vertit
740 1533 907 1573 Rufinus
932 1538 972 1572 et
995 1532 1091 1572 duo-

126 1595 202 1634 bus
225 1595 334 1633 libris
357 1594 506 1634 additis
529 1597 791 1635 continuavit.
817 1597 998 1646 Denique
1023 1597 1088 1633 Jo-

128 1656 280 1695 hannes
303 1656 512 1706 Garetius,
537 1658 755 1697 Monachus
778 1657 1086 1705 Benedictinus,

125 1720 164 1756 in
188 1730 292 1758 nova
315 1719 490 1770 Operum
514 1721 738 1759 Cassiodori
761 1720 931 1760 editione
958 1722 1087 1759 Histo-

125 1781 224 1819 riam
252 1782 492 1831 tripartitam
521 1781 569 1820 ad
599 1783 728 1821 MStos
758 1781 922 1821 Codices
952 1793 1089 1821 recen-

124 1845 229 1891 suit,
273 1849 314 1883 et
352 1845 527 1884 locorum
567 1846 768 1892 Socratis,
806 1845 1012 1883 Sozomeni
1043 1856 1088 1884 ac

122 1906 357 1945 Theodoreti
374 1937 383 1955 ,
401 1918 502 1957 quae
519 1907 769 1959 Epiphanius
791 1908 1086 1957 interpretatur,

123 1971 287 2020 paginas
310 1981 360 2008 ex
382 1970 592 2009 Valesiana
616 1970 788 2008 editione
803 2001 814 2019 ,
847 1970 933 2009 utili
976 1971 1085 2008 insti-

123 2035 209 2071 tuto
228 2033 446 2071 annotavit.
462 2032 696 2083 Rothomagi
719 2031 833 2080 1679,
852 2033 914 2070 fol.
935 2031 1088 2071 Gallica

123 2095 251 2133 versio
273 2095 407 2133 Jacobi
428 2095 528 2134 Billii
548 2124 556 2141 ,
580 2094 695 2145 cujus
732 2096 815 2146 ipse
847 2096 939 2134 facit
977 2107 1086 2134 men-

119 2158 266 2195 tionem
296 2157 393 2196 libro
436 2159 470 2196 1.
507 2157 845 2196 Observationum
884 2169 1088 2196 sacrarum

118 2230 202 2270 cap.
232 2219 282 2258 26
327 2220 461 2258 nescio
490 2231 538 2258 an
585 2220 716 2259 lucem
757 2220 915 2258 viderit.
957 2219 1086 2259 Aliam

121 2280 309 2320 Ludovici
335 2281 484 2331 Cyanei
507 2311 515 2329 ,
540 2283 700 2320 Parisiis
726 2283 827 2321 1568
844 2313 855 2331 ,
887 2283 949 2321 fol.
981 2283 1086 2334 apud

117 2342 319 2394 AEgidium
360 2343 596 2384 Gourlinum
651 2355 843 2384 excusam
892 2351 1087 2384 memorat

118 2405 350 2443 Franciscus
371 2416 392 2444 a
422 2405 553 2445 Cruce
587 2408 627 2444 in
665 2405 906 2446 Bibliotheca
937 2406 1086 2446 Gallica

179 2500 213 2539 a)
240 2500 321 2533 Vide
344 2501 538 2534 cassiodori
577 2504 721 2535 Divinas
755 2505 846 2535 Lect.
885 2512 958 2543 cap.
989 2503 1037 2536 17.
1061 2508 1092 2535 et

115 2551 254 2591 praefat.
278 2553 313 2583 in
336 2553 419 2584 Hist.
444 2554 684 2592 ’τι-1031111301.

171 2599 206 2638 b)
229 2602 371 2632 miraeus
392 2600 434 2632 ad
457 2601 620 2641 sigeberti
644 2609 718 2641 cap.
761 2600 812 2631 12.
837 2605 980 2632 annotat
1006 2603 1091 2642 Epi-

111 2649 285 2690 phaniam
310 2650 528 2683 cassiodoro
553 2650 762 2690 postulante
789 2650 1006 2689 Theodoreti,
1026 2653 1089 2684 So-

115 2700 228 2734 cratis
243 2725 257 2741 ,
272 2704 305 2732 et
317 2701 503 2733 sozomeni
523 2700 713 2731 historiam
728 2700 1027 2732 Ecclesiasticam
1043 2709 1089 2731 ex

113 2751 246 2784 Graeco
286 2751 456 2782 Latinam
490 2750 643 2789 secisse.-
682 2750 942 2782 cassiodorum
968 2755 1086 2782 autem

113 2810 159 2832 ea:
177 2801 420 2832 translatione
443 2800 642 2840 Epiphanii
660 2824 671 2839 ‚
713 2800 919 2831 Historiam
944 2800 1084 2840 tripar-

110 2850 216 2880 titam
242 2850 486 2881 contexuisse.
509 2851 554 2880 Ac
577 2850 603 2880 si
628 2849 818 2880 cassiodori
841 2850 1082 2889 praefationem

110 2901 145 2931 in
170 2897 259 2930 illam
277 2900 459 2931 Historiam
477 2897 629 2929 consulas
642 2921 652 2935 ,
680 2906 796 2929 verum
814 2898 937 2931 dixisse
960 2902 1082 2931 1111130-

109 2957 148 2980 us
176 2947 367 2979 videbitur:
395 2948 424 2978 sl
449 2954 528 2978 vero
551 2946 703 2978 attendas
737 2947 841 2978 verba
882 2950 1001 2988 capitis
1027 2948 1078 2981 17.

110 3000 259 3029 lustitut.
297 2999 448 3028 Divinar.
472 2998 562 3028 Lect.
583 2998 750 3028 veriorem
770 2998 1012 3036 pronunciabis
1030 3000 1082 3029 Si-

113 3047 240 3088 gebcrti
276 3048 498 3085 sententiam,
538 3048 596 3086 qui
634 3048 682 3078 ait
714 3048 945 3087 Epiphaniuin
980 3049 1080 3088 (non

114 3095 375 3136 cassiodorum)
393 3102 458 3128 tres
481 3097 638 3128 historias
658 3097 846 3136 (suadente
867 3097 1077 3137 Cassiodoro)

112 3148 146 3178 in
169 3154 270 3178 unam
305 3147 524 3185 compegisse.
561 3147 721 3178 versione
759 3146 821 3178 hac
846 3146 1079 3185 Epiphaniam

109 3197 178 3236 jam
200 3203 297 3227 usum
319 3204 353 3228 se
376 3203 447 3226 esse
471 3197 584 3227 innuit
607 3195 778 3227 Liberatus
803 3204 876 3234 cap.
899 3196 930 3225 2.
951 3195 1080 3228 brevia-

112 3245 168 3276 rii.
190 3246 234 3275 De
260 3253 326 3284 qua
351 3252 415 3275 non
440 3249 612 3284 repetam,
637 3253 722 3285 quae
759 3245 827 3277 dixi
864 3244 946 3276 libro
969 3246 1002 3277 5.
1027 3249 1079 3278 Bi-

112 3292 303 3325 bliothecae
327 3295 465 3326 Latinae
487 3302 559 3334 cup.
589 3294 632 3326 16.

1175 248 1261 286 pag.
1287 236 1375 275 293.
1401 234 1617 286 Hispam'ca
1640 234 1831 274 Johannis
1859 236 2016 285 Crucii,
2048 239 2133 276 sive

1172 309 1193 336 a
1223 298 1379 347 Cruce,
1417 297 1576 336 Ordinis
1610 297 1954 346 Praedicatorum,
1991 298 2135 350 prodiit

1175 361 1410 412 Ulyssiponc
1436 361 1530 400 1541
1563 366 1602 399 et
1627 361 1900 400 Conimbricae
1926 362 2042 409 1554,
2069 362 2130 400 fol.

1175 422 1406 461 Germanice
1427 434 1586 473 quoque
1610 433 1703 461 cum
1731 423 1905 462 Eusebio
1929 428 1970 462 et
1992 423 2133 463 Rufino

1173 485 1407 535 tripartitam
1423 485 1604 535 vulgavit
1628 485 1775 535 Caspar
1798 485 1918 524 Hedio
1942 485 2135 537 Argento-

1173 549 1244 585 rati
1273 548 1375 586 1545
1402 548 1439 584 in
1469 547 1568 585 folio.

1223 610 1285 647 Ex
1302 608 1524 648 Cassiodori
1544 611 1671 660 capite
1696 612 1748 648 xl
1790 611 1874 649 libri
1901 613 2132 652 Divinarum

1172 672 1402 709 Lectionum
1436 676 1593 710 constat
1630 674 1749 711 etiam
1787 674 2006 724 Epiphanio
2043 676 2134 715 huic

1169 732 1300 771 deberi
1333 734 1511 771 Latinam
1547 745 1770 775 versmnem
1811 734 1968 774 Codicis
2007 737 2135 790 Ency-

1167 793 1259 832 clici
1277 793 1406 843 (totius
1433 793 1551 833 Orbis
1576 795 1866 846 Epistolarium
1890 805 2005 838 vocat
2030 800 2133 839 idem

1167 857 1439 905 Cassiodorus)
1467 858 1552 895 sive
1582 858 1835 898 Collectionis
1863 862 2131 912 Epistolarum

1169 918 1430 968 Synodalium
1458 919 1532 958 An.
1559 919 1636 958 458
1661 932 1730 970 pro
1770 921 1999 962 defensione
2035 926 2136 964 Con-

1165 981 1242 1019 cilii
1267 981 1607 1020 Chalcedonensis
1631 982 1678 1021 ad
1711 985 1883 1022 Leonem
1918 986 2132 1036 Imperato—

1165 1054 1261 1080 rem.
1287 1044 1398 1094 Opus
1422 1045 1614 1083 eximium
1639 1046 1942 1086 Ecclesiasticae
1963 1050 2133 1098 antiqui—

1165 1106 1270 1153 tatis,
1286 1105 1391 1156 quod
1407 1106 1555 1145 Graece
1573 1118 1733 1157 quoque
1749 1112 1886 1147 extare
1902 1111 2133 1160 peroptabat

1164 1168 1366 1207 Valesium
1391 1180 1478 1219 pag.
1512 1169 1562 1208 72
1594 1169 1642 1208 ad
1681 1171 1911 1222 Evagrium.
1951 1173 2130 1211 Latinam

1164 1230 1374 1281 Epiphanii
1399 1233 1626 1270 versionem
1658 1234 1840 1283 primUS,
1878 1235 1947 1273 sed
1984 1237 2130 1274 omisso

1166 1293 1394 1343 interpretis
1419 1295 1579 1332 nomine
1604 1294 1784 1334 ediderat
1808 1297 1948 1335 Surius
1981 1298 2018 1335 in
2058 1309 2128 1337 sua

1165 1354 1426 1394 Conciliorum
1463 1356 1635 1394 editione
1662 1357 1738 1396 An.
1766 1358 1867 1397 1562
1892 1359 1964 1397 1100
1988 1360 2127 1398 11101οῑ

1166 1415 1364 1468 Epi-stolae
1389 1416 1607 1456 illustrium
1626 1430 1896 1469 personarum
1914 1433 1992 1472 pro
2029 1422 2128 1461 Con-

1163 1477 1250 1516 cilio
1277 1478 1598 1520 Chalcedonenst.
1622 1482 1781 1521 Surium
1818 1489 1981 1523 secutus
2017 1486 2127 1524 Nico-

1163 1542 1269 1580 linus
1299 1547 1362 1580 est
1391 1543 1466 1581 An.
1501 1544 1602 1582 1585
1632 1549 1672 1581 et
1702 1546 1738 1582 in
1770 1547 1894 1595 prima
1925 1558 1997 1585 sua
2027 1549 2127 1587 Con-

1161 1605 1340 1644 ciliorum
1366 1605 1536 1644 editione
1562 1606 1637 1644 An.
1663 1607 1778 1646 1606.
1803 1610 1966 1648 Binius:
1993 1610 2062 1649 sed
2086 1613 2124 1648 in

1162 1666 1337 1706 editione
1359 1668 1534 1707 Romana
1559 1668 1632 1707 An.
1661 1670 1762 1708 1608
1783 1671 1857 1709 3113
1872 1673 2020 1711 inserta
2035 1672 2126 1711 huic

1163 1728 1411 1776 collectioni,
1435 1742 1537 1780 quae
1574 1731 1622 1769 ad
1660 1743 1747 1770 eam
1786 1745 1862 1771 non
1900 1736 2125 1785 pertinent,

1162 1791 1237 1829 alia
1255 1792 1386 1842 magni
1409 1794 1598 1831 momenti
1615 1793 1791 1834 detracta
1806 1807 1850 1835 ac
1874 1799 2127 1847 praetermis-

1162 1865 1203 1892 sa
1226 1883 1234 1899 ,
1265 1859 1348 1892 tum
1374 1855 1643 1905 Epistolarum
1667 1856 1762 1895 ordo
1788 1864 1968 1897 mutatus
1987 1865 2124 1899 contra

1161 1921 1337 1954 mentem
1347 1917 1568 1956 collectoris
1587 1923 1627 1957 et
1645 1920 2117 1970 interpretis.Editionem

1160 1979 1376 2018 Romanam
1403 1982 1542 2019 imitati
1567 1982 1705 2020 Binius
1730 1984 1767 2020 in
1793 1983 2031 2023 editionibus
2047 1986 2119 2023 An.

1162 2042 1264 2080 1618
1289 2046 1328 2079 et
1350 2043 1452 2082 1638
1477 2047 1563 2081 tum
1592 2045 1710 2095 Regia
1740 2051 1833 2084 tom.
1861 2047 1914 2085 lx
1940 2052 1979 2085 et
2018 2048 2123 2085 Lab—

1161 2103 1259 2142 beus
1284 2108 1378 2142 tom.
1400 2105 1449 2143 IV
1466 2136 1477 2153 ,
1501 2107 1568 2155 qui
1593 2117 1678 2156 pag.
1712 2108 1787 2146 890
1819 2110 2000 2146 meminit
2038 2111 2124 2159 qui-

1162 2164 1253 2203 dem
1276 2166 1434 2205 Codicis
1463 2168 1782 2217 Bellovacensis,
1807 2171 1876 2209 sed
1903 2172 1954 2209 ita
1988 2176 2029 2210 ut
2067 2174 2123 2209 in-

1161 2229 1342 2278 spexisse
1367 2240 1410 2267 se
1435 2234 1582 2279 neget,
1612 2231 1702 2269 licet
1733 2233 1921 2272 collatum
1961 2234 2070 2272 illum
2100 2246 2119 2273 a

1161 2291 1314 2330 Labbeo
1338 2296 1503 2331 annotet
1526 2298 1621 2331 toni.
1645 2294 1681 2333 2.
1710 2306 1797 2345 pag.
1831 2296 1921 2334 689.
1958 2296 2122 2336 Hardui-

1162 2364 1250 2391 nus.
1276 2355 1423 2393 Verum
1463 2357 1617 2405 primus
1650 2357 1836 2397 Baluzius
1873 2359 2119 2399 habbeanain

1161 2416 1376 2454 editionem
1393 2418 1561 2456 contulit
1576 2430 1668 2457 curn
1686 2420 1957 2460 Bellovacensi
1973 2426 2012 2459 et
2029 2423 2121 2460 Cor-

1161 2476 1311 2527 beJ'ensi
1335 2509 1342 2527 ,
1371 2483 1540 2530 utroque
1569 2483 1886 2531 octingentorum
1923 2494 2119 2523 annorum

1161 2539 1327 2588 Codice,
1351 2545 1391 2578 et
1415 2546 1504 2591 post
1528 2543 1723 2582 eruditam
1748 2546 2030 2595 praefationem
2066 2547 2120 2584 le-

1158 2602 1310 2640 ctiones
1334 2604 1543 2653 utriusque
1566 2605 1722 2644 Codicis
1739 2606 1786 2644 ad
1804 2609 1966 2658 paginas
1982 2607 2118 2646 editio—

1158 2664 1219 2701 nis
1231 2664 1458 2702 Labbeanae
1476 2668 1684 2704 annotavit
1700 2668 1736 2705 in
1757 2679 1829 2707 sua
1853 2670 2116 2709 Conciliorum

1154 2725 1324 2764 editione
1349 2728 1467 2766 Paris.
1495 2728 1622 2776 1683,
1649 2729 1711 2767 fol.
1751 2743 1837 2782 pag.
1875 2733 2114 2772 1412-1446.

1151 2788 1210 2826 Ex
1236 2789 1382 2827 Baluzii
1401 2791 1650 2829 restitutione
1668 2791 1814 2831 deinde
1837 2793 2023 2833 Codicem
2047 2807 2115 2834 en-

1151 2851 1346 2900 cyclicum
1371 2851 1482 2890 Actis
1507 2853 1669 2892 Concilii
1687 2854 2024 2895 Chalcedonensis
2047 2868 2113 2897 su—

1149 2913 1360 2963 bjunctum
1386 2914 1576 2953 exhibent
1591 2920 1684 2954 tom.
1704 2917 1739 2954 2.
1761 2917 1986 2957 llarduinus
2009 2924 2049 2957 et
2073 2921 2110 2958 in

1148 2977 1366 3015 novissima
1385 2977 1533 3016 Veneta
1548 2978 1817 3018 Conciliorum
1836 2979 2108 3020 editionetom.

1148 3038 1210 3076 IV.
1234 3039 1420 3078 Nicolaus
1445 3039 1621 3080 Coletus.

1202 3100 1338 3138 Versio
1368 3106 1486 3139 vetus
1515 3100 1810 3154 Antiquitatum
1847 3102 2110 3144 Judaz'carum

1147 3160 1279 3200 Flavii
1295 3162 1455 3214 ⁴losepln'
1477 3163 1612 3203 itidem
1640 3166 1858 3215 Epiphanio
1882 3178 1903 3205 a
1926 3169 2022 3206 viris
2041 3168 2108 3207 do-

1146 3224 1221 3262 ctis
1250 3223 1458 3272 tribuitur,
1484 3231 1523 3263 et
1561 3226 1636 3265 sub
1673 3226 1761 3278 ejus
1803 3230 1960 3267 nomine
1985 3231 2102 3269 etiam

1148 3284 1209 3324 edi
1227 3287 1354 3337 coepit
1372 3287 1547 3327 Oxoniac
1576 3289 1682 3327 1700.
1707 3289 1767 3328 sol.
1787 3290 1862 3330 Sed
1881 3303 1929 3330 cx
1951 3293 2107 3332 Cassio-

1606 3369 1655 3406 155
