2500 3841
954 235 1282 278 FlNANUS

122 309 269 358 bitror,
293 310 380 348 eius
405 319 528 346 manu
551 309 698 359 scripta
723 309 762 346 in
785 308 938 360 pagella
951 319 1079 348 vacua

121 375 214 411 ante
235 371 413 419 titulum,
435 381 514 421 qua
530 381 630 422 opus
651 372 777 410 amico
800 371 944 423 dirigit.
967 372 1075 411 Illam

121 445 230 474 nunc
253 433 422 485 profero.

172 496 370 536 Marsilius
397 496 559 536 Ficinus
591 498 777 549 Magistro
800 498 953 536 Donato
978 498 1080 548 Ugo—

120 559 199 598 lino
223 559 368 610 insigni
392 559 588 611 Theologo
612 565 653 599 et
675 561 816 600 Vener.
838 559 936 599 Abb.
957 562 1080 602 Culti-

117 621 222 660 boni.
247 622 286 661 S.
316 623 361 660 D.

169 685 279 723 Dono
305 683 378 724 tibi
398 684 630 737 reli'yionem
653 697 802 734 meam,
829 685 1007 738 reliyiosi
1020 686 1083 739 pi-

113 757 219 798 9uus
241 748 420 788 amoris:
446 760 523 787 uon
560 752 606 787 ut
627 748 820 800 insiynem
847 749 996 800 pietate
1023 750 1082 789 vi-

114 821 206 849 rum
241 811 442 850 instruam
475 810 531 850 ad
551 810 766 862 pietatem,
787 811 858 851 sed
883 812 980 864 quia
1002 823 1080 850 uno

114 871 184 912 hoc
206 885 376 913 munere
411 877 509 927 puto
538 885 667 925 mayis
695 886 817 926 quam
844 874 996 913 cunctis
1024 874 1081 913 cli-

112 936 406 987 sputatzonibus
430 936 528 976 meis
562 937 643 988 ipsi
662 948 724 975 me
743 937 886 990 pietati
918 937 1081 990 satisfa-

113 1001 286 1039 cturum.
317 999 366 1040 Si
408 999 512 1052 sorte
553 1004 692 1039 nostra
721 999 815 1038 haec
843 999 982 1051 reliqio
1011 999 1085 1039 tabi

112 1059 314 1100 videbitur
331 1063 630 1114 pauperrima,
663 1066 851 1101 memento
887 1062 1082 1102 Christia-

106 1133 200 1161 nam
227 1123 461 1175 reliyionem
506 1124 547 1164 iu
578 1129 820 1176 paupertate
841 1123 966 1178 fuisse
987 1125 1079 1178 fun-

111 1184 258 1225 datam.
287 1188 481 1226 Memento
515 1191 734 1239 praeterea
772 1187 882 1240 apud
904 1200 974 1228 uos
1003 1200 1081 1227 uon

112 1260 376 1300 eoepressores
401 1249 603 1289 librorum
632 1262 743 1300 esse,
768 1250 838 1290 sed
873 1263 1079 1303 oppresso-

110 1323 190 1351 res.
237 1314 381 1352 Verum
421 1313 724 1366 qualiscumque
774 1314 858 1364 sit‚·
900 1314 1078 1366 quaudo-

114 1375 273 1427 quidem
292 1375 394 1415 uihil
412 1380 471 1415 est
493 1376 533 1415 in
553 1388 598 1415 re
622 1381 760 1416 amata
774 1409 785 1426 ,
810 1377 918 1430 quod
939 1390 1078 1416 aman-

113 1437 146 1477 ci
169 1450 248 1477 non
269 1438 458 1490 placeat,
483 1443 664 1478 amatore
694 1452 766 1479 suo
795 1441 947 1479 Donato
975 1441 1077 1480 satis

108 1499 289 1554 formosa
329 1502 517 1554 divesque
559 1501 774 1542 videbitur.
813 1503 1010 1542 Taddeum
1039 1507 1078 1541 et

111 1563 430 1604 Bartholomeum
457 1564 613 1618 fratres
643 1570 730 1604 tuos
775 1565 904 1605 literis
946 1578 1076 1605 (unoe-

111 1626 294 1667 nioribus
311 1640 360 1668 ac
379 1627 560 1668 moribus
572 1661 587 1678 ,
609 1629 886 1669 ornatissimos
900 1642 984 1669 meo
1009 1642 1074 1668 no-

112 1690 216 1731 mine
231 1691 394 1732 salvere
402 1690 555 1745 jubeto.
644 1744 646 1747 Ι

154 1754 263 1795 'Vale
283 1753 401 1808 selim.
421 1755 530 1794 XXV.
559 1753 661 1793 Julii
683 1755 797 1795 4477.
820 1755 1045 1795 Florentiae

165 1818 209 1856 ln
226 1818 418 1868 principio
434 1818 565 1868 operis
580 1817 719 1856 eadem
736 1830 859 1858 manu
875 1820 1075 1859 scribitur.

166 1881 212 1918 In
239 1878 421 1919 omuibus
435 1891 538 1932 quae
561 1883 636 1918 aut
656 1879 730 1929 hic,
751 1885 826 1919 auc
845 1881 948 1920 alibi
967 1895 992 1920 a
1014 1895 1074 1921 me

113 1946 369 1993 tractantur,
414 1945 568 1981 tantum
611 1949 816 1982 assertum
846 1956 932 1984 esse
969 1945 1080 1997 volo,

110 2008 304 2057 quantum
332 2003 384 2044 ab
414 2004 601 2044 Ecclesia
629 2004 925 2058 comprobatur.

163 2068 262 2107 Vide
290 2070 410 2108 etiam
435 2068 671 2120 catalogum
694 2069 962 2111 Bibliothecae
990 2075 1078 2112 Ric-

117 2132 326 2171 cardianae
352 2144 443 2184 pag.
473 2133 562 2172 488.

177 2193 395 2234 FINANUS
438 2195 507 2245 qui
549 2195 791 2243 Possevino,
822 2197 855 2234 is
886 2198 922 2235 in
952 2199 1082 2238 Bedae

119 2257 330 2297 Codicibus
359 2257 421 2305 llI,
453 2256 514 2297 47.
546 2258 645 2296 Hist.
675 2256 793 2309 Angl.
821 2263 884 2297 est
909 2261 1077 2311 SINAN,

117 2320 259 2359 Aidani
295 2321 334 2359 in
369 2320 613 2371 Episcopatu
653 2320 807 2359 Scotiae
842 2333 1076 2374 successor,

118 2395 237 2434 quem
258 2382 364 2421 idem
383 2382 489 2421 Beda
510 2381 557 2421 de
574 2382 784 2422 Paschatis
801 2383 1077 2426 observatione

118 2447 254 2485 minus
274 2449 381 2484 recte
399 2446 576 2483 sensisse
597 2457 644 2484 ac
660 2447 884 2496 scripsisse,
906 2447 1076 2499 ejusque

117 2509 359 2547 sententiam
380 2507 478 2546 libro
498 2507 548 2546 de
565 2509 812 2559 temporibus
836 2521 858 2548 a
879 2521 921 2548 se
941 2513 1079 2550 confu-

117 2575 240 2610 tatam
265 2574 452 2609 testatur.

169 2633 315 2672 FINUS
332 2631 551 2677 Adrianus,
567 2633 653 2670 sive
673 2632 897 2683 Adrieusis,
914 2637 948 2683 a)
972 2635 1078 2674 Scri-

116 2700 324 2746 pturarum
350 2695 512 2734 Ducalis
533 2695 634 2732 Fisci
668 2695 856 2733 Estensis
890 2698 1077 2748 Magister

115 2759 418 2810 septuagenario
436 2756 559 2807 major
576 2757 651 2795 An.
670 2757 773 2796 4503
789 2760 919 2810 coepit
936 2771 982 2798 ex
1006 2762 1075 2798 Pe-

113 2825 175 2859 tro
197 2819 494 2868 Bruto,.lacob0
519 2820 568 2858 de
593 2820 771 2858 Valentia
788 2821 955 2872 aliisque
982 2833 1074 2861 con-

115 2883 209 2923 dere
247 2882 448 2934 flayellum
484 2882 683 2922 adversus
724 2882 923 2933 Judaeos,
957 2885 1074 2936 cujus

115 2945 285 2985 necdum
310 2945 515 2984 absolutos
531 2956 668 2984 novem
691 2943 813 2984 libros
832 2947 990 2998 reliquit
1006 2949 1074 2987 dc-

116 3008 279 3047 functus
317 3007 394 3046 An.
431 3008 537 3048 4547
564 3009 706 3047 aetatis
732 3009 794 3046 86.
826 3010 949 3047 llosce
969 3011 1072 3049 lilius

116 3071 256 3109 Daniel
309 3072 428 3110 Finus
444 3102 454 3119 ,
499 3073 786 3122 scripturarum
821 3072 1070 3122 Reipublicae

168 3186 202 3226 a)
225 3185 342 3218 Daniel
364 3188 466 3218 Finus
491 3189 524 3219 in
552 3195 636 3227 opus
659 3189 810 3218 Parentis
835 3190 886 3219 sui
911 3202 918 3220 :

174 3236 303 3276 inclyta
325 3235 502 3276 navifrago
528 3244 650 3267 nomen
675 3235 766 3267 (ledit
788 3235 900 3267 Adria
924 3242 1045 3277 ponte.

209 3288 254 3317 Et
279 3286 403 3318 solium
431 3289 569 3318 summis
593 3287 736 3326 Regibus
761 3286 814 3317 illa
839 3286 912 3319 suit.

171 3339 258 3368 Haec
280 3335 344 3368 ruit
368 3339 516 3369 auctoris
539 3338 708 3376 genitrix:
734 3337 904 3368 Ferraria
927 3341 1065 3378 nutrix,

207 3388 249 3417 Et
273 3394 376 3426 genus
399 3390 432 3418 et
457 3395 579 3419 nomen
601 3387 691 3419 Fina
716 3395 862 3427 propago
885 3387 987 3420 dedit.

2031 240 2110 279 573

1151 310 1416 350 Ferrariensis
1439 312 1624 362 Magister
1644 313 1824 364 vulgavit
1844 312 1973 363 spisso
1998 312 2111 351 volu-

1154 375 1260 413 mine
1280 375 1457 414 Venetiis
1482 376 1610 424 4538,
1637 375 1673 414 [ι.
1700 386 1864 414 recusos
1889 373 1978 413 ibid.
2006 374 2109 414 4569

1154 441 1195 476 et
1224 439 1425 477 Ferrariae
1457 439 1589 490 4573,
1628 439 1664 477 4.
1702 438 1801 477 Vide
1837 439 1933 477 Rev.
1978 438 2109 477 Wolfii

1153 500 1437 539 Bibliothecam
1457 501 1673 540 Hebraeam
1693 505 1789 540 tom.
1812 501 1850 541 2.
1872 512 1958 553 pag.
1981 501 2084 541 4428
2102 531 2111 548 ,

1155 574 1238 613 seq.
1264 567 1305 601 et
1335 563 1597 614 Theophilum
1628 564 1838 603 Sincerum
1868 569 2114 604 commenta-

1155 627 1212 664 rio
1241 625 1290 663 de
1327 625 1437 664 libris
1475 626 1691 665 rarioribus
1728 626 1964 666 Germanice
2007 627 2113 666 edito

1155 691 1267 738 parte
1297 688 1334 727 2.
1363 699 1451 738 pag.
1472 688 1544 734 ·93‚
1575 699 1658 738 seq.
1691 690 1920 740 Hieronymi
1952 690 2115 741 Spirito-

1156 751 1243 799 nis‚
1267 750 1446 788 Monachi
1485 754 1526 788 et
1562 750 1728 790 Abbatis
1764 753 2007 801 Caelestini,
2033 754 2111 804 (qui

1153 811 1229 851 An.
1257 813 1359 851 4662
1383 812 1488 850 diem
1514 813 1620 862 obiit)
1647 813 1948 854 observationes
1962 816 2008 855 ad
2028 818 2113 855 Fini

1153 874 1274 913 libros
1298 874 1435 913 Italice
1459 874 1588 914 editas
1608 882 1804 915 memorat
1820 879 1989 929 Prosper
2006 880 2114 918 Man-

1153 936 1291 975 dosius
1314 941 1342 974 t.
1368 938 1404 975 2.
1429 938 1698 977 Bibliothecae
1727 940 1927 988 Romanae
1951 953 1987 991 p.
2019 942 2110 979 244..

1208 1000 1482 1040 FIRMIANUS
1503 1031 1511 1048 ,
1535 1001 1628 1040 vide
1648 1002 1760 1050 infra,
1780 1002 2111 1043 LACTANTIUS.

1206 1062 1339 1102 Julius
1363 1064 1599 1104 FIRMICUS
1627 1065 1860 1112 Maternus,
1897 1067 1964 1117 qui
1998 1066 2113 1105 Anno

1155 1125 1242 1165 337.
1268 1126 1533 1166 Constantino
1571 1129 1711 1179 Magno
1741 1128 1872 1167 adhuc
1897 1131 2114 1180 superstite

1153 1189 1313 1239 scripsit
1354 1188 1477 1228 libros
1510 1182 1628 1229 VIII.
1680 1190 1901 1230 Matlzeseos
1938 1193 2025 1230 sive
2063 1192 2112 1230 de

1152 1252 1364 1302 astrologia
1389 1253 1740 1304 apotelesmatica‚
1770 1258 1810 1292 et
1833 1254 1976 1293 deinde
2001 1255 2113 1294 Chri-

1153 1316 1310 1353 stianus
1332 1316 1488 1364 factus,
1509 1316 1654 1356 librum
1678 1316 1724 1355 cle
1748 1329 1888 1356 errore
1913 1316 2109 1370 profana-

1151 1389 1242 1415 rum
1258 1376 1497 1429 relzyionum
1515 1379 1562 1418 ad
1582 1379 1843 1419 Constantem
1857 1385 1897 1419 et
1916 1382 2112 1420 Constan-

1151 1442 1252 1479 tium
1279 1443 1599 1491 sacratissimos,
1621 1455 1722 1493 quos
1751 1445 1901 1494 passim
1939 1445 2112 1495 appellat

1150 1504 1428 1554 Imperatores.
1445 1505 1533 1544 Dixi
1550 1506 1614 1544 lib.
1634 1506 1670 1544 3.
1686 1507 1783 1545 Bibl.
1799 1508 1958 1546 Latinae
1976 1519 2061 1558 cap.
2074 1509 2110 1546 8.

1203 1567 1528 1607 FlRMlLIANUS
1566 1569 1790 1620 Episcopus
1829 1570 2112 1609 Caesareensis

1150 1631 1190 1667 in
1215 1629 1489 1681 Cappadocia,
1515 1632 1582 1681 qui
1608 1632 1769 1681 Synodo
1786 1634 1980 1672 Iconiensi
2007 1635 2113 1673 circa

1147 1692 1310 1731 Annum
1335 1693 1404 1732 ⁶234
1437 1697 1478 1732 et
1501 1693 1576 1732 An.
1600 1694 1691 1733 265.
1714 1695 1873 1745 synodo
1896 1695 2111 1735 Antioche-

1150 1768 1224 1795 nae
1250 1755 1448 1795 adversus
1473 1757 1638 1796 Paulum
1662 1758 1971 1797 Samosatenum
1991 1761 2112 1798 inter-

1151 1819 1249 1866 fuit,
1274 1818 1456 1868 Epistola
1479 1819 1535 1858 acl
1557 1821 1596 1859 S.
1625 1820 1875 1871 Cyprianum
1902 1823 2006 1861 circa
2031 1822 2114 1860 An-

1150 1893 1247 1920 num
1277 1881 1354 1919 256
1385 1886 1526 1920 contra
1556 1883 1808 1933 Stephanum
1832 1885 1975 1934 Papam
2009 1886 2113 1923 inter

1155 1944 1413 1994 Cyprianicas
1430 1943 1555 1983 Oxon.
1577 1945 1724 1983 Pamel.
1743 1949 1784 1984 et
1802 1947 1937 1985 Baluz.
1956 1948 2110 1986 LXXV.

1158 2008 1294 2046 Latine
1317 2007 1487 2057 legitur,
1512 2007 1581 2045 sed
1618 2012 1662 2046 ut
1683 2008 1843 2047 videtur
1863 2021 1941 2048 non
1973 2011 2111 2049 Latine

1155 2070 1303 2120 scripta
1327 2081 1347 2107 a
1369 2070 1608 2118 Firmilian0,
1634 2070 1704 2109 sed
1729 2083 1779 2109 cx
1803 2072 1953 2110 Graeco
1978 2084 2108 2117 versa,

1153 2132 1322 2170 fortasse
1351 2131 1400 2170 ab
1434 2133 1519 2181 ipso
1563 2132 1779 2183 Cypriane.
1822 2134 1920 2173 Vide
1964 2135 2113 2174 Baluzii

1153 2199 1269 2233 notas
1298 2205 1384 2245 pag.
1416 2194 1487 2233 344
1539 2200 1579 2233 ct
1625 2196 1701 2234 346
1732 2201 1772 2233 et
1803 2196 1851 2234 de
1887 2197 2114 2236 Firmiliano

1153 2257 1449 2296 Tillemontium
1494 2261 1589 2296 tom.
1635 2263 1779 2308 quarto
1826 2260 2112 2298 memoriarum

1150 2331 1239 2371 pag.
1270 2320 1374 2369 308,
1403 2320 1486 2358 sed.
1516 2321 1755 2372 Raymundo
1795 2327 1929 2361 autem
1977 2323 2113 2361 Misso—

1151 2383 1207 2420 rio
1227 2382 1491 2420 Franciscano
1509 2394 1658 2433 paucos
1676 2395 1792 2435 spero
1813 2385 2112 2434 suffragaturos,

1152 2445 1218 2494 qui
1250 2448 1464 2494 utramque
1483 2446 1706 2498 Epistolam
1728 2448 1944 2485 Firmiliani
1970 2452 2011 2485 et
2036 2448 2112 2496 Cy-

1151 2507 1304 2556 priani,
1344 2505 1503 2545 decreto
1531 2508 1722 2558 Stephani
1737 2540 1747 2556 ,
1778 2509 1964 2559 Episcopi
1990 2510 2109 2547 Roma

1152 2570 1192 2606 ni
1208 2599 1218 2616 ,
1243 2569 1479 2618 oppositam,
1500 2563 1708 2608 contendit
1724 2573 1884 2609 nomina
1900 2577 2109 2610 auctorum

1151 2630 1311 2668 mentiri
1335 2634 1375 2668 et
1398 2633 1647 2682 suppositam
1685 2633 1809 2671 fuisse
1839 2645 1860 2671 a
1889 2634 2111 2672 Donatistis

1149 2693 1291 2742 arguit,
1329 2693 1365 2729 in
1410 2692 1748 2744 disputationibus
1792 2695 1949 2733 Criticis
1991 2695 2109 2734 editis

1151 2755 1327 2793 Venetiis
1359 2754 1487 2803 4733,
1521 2757 1557 2794 4.

1202 2817 1409 2864 FIRMUS,
1437 2817 1572 2856 itidem
1597 2819 1815 2858 Caesareae
1836 2819 2108 2870 Cappadociae

1152 2879 1374 2930 Episcopus
1406 2879 1478 2918 An.
1511 2879 1588 2918 [439
1614 2880 1868 2930 defunctus,
1907 2881 1955 2919 ad
1985 2894 2106 2933 quem

1148 2942 1324 2992 Epistola
1359 2941 1553 2981 Johannis
1598 2943 1835 2982 Antiochcni
1881 2957 1928 2982 ex
1981 2948 2106 2984 veteri

1150 3005 1285 3042 Latina
1308 3005 1493 3042 versione
1519 3005 1663 3055 legitur
1686 3007 1722 3043 in
1747 3007 1944 3057 Synodico
1965 3007 2107 3046 adver-

1149 3077 1219 3105 sus
1260 3066 1503 3112 tragoediam
1536 3069 1716 3114 lranaei,
1747 3069 1896 3108 Graece
1927 3081 2003 3108 non
2035 3071 2106 3108 La-

1147 3130 1228 3167 tine
1251 3130 1422 3179 scripsit,
1454 3129 1502 3167 de
1527 3129 1644 3179 cujus
1669 3132 1858 3182 Epistolis
1883 3144 1904 3171 a
1930 3133 2105 3172 celeber-

1146 3192 1244 3229 rimo
1281 3192 1491 3230 Muratorio
1529 3191 1646 3229 editis
1679 3193 1758 3231 dixi
1787 3195 1823 3231 in
1858 3194 2097 3235 Bibliotheca

1145 3254 1293 3293 Graeca
1318 3258 1411 3290 tom.
1438 3253 1460 3290 7
1501 3265 1583 3303 pag.
1611 3255 1700 3294 44³2.

1201 3314 1527 3354 FISCANENSIS
1559 3317 1595 3353 in
1639 3318 1878 3358 Normannia
1914 3320 2098 3360 coenobii

1156 3376 1376 3417 Chronicon
1405 3389 1426 3417 a
1457 3383 1548 3416 nato
1577 3379 1741 3419 Cllristo
1771 3393 1898 3432 usquc
1929 3383 1977 3422 ad
2019 3385 2098 3423 An-
