<?xml version="1.0" encoding="UTF-8"?>
<!DOCTYPE html PUBLIC "-//W3C//DTD XHTML 1.0 Transitional//EN"
    "http://www.w3.org/TR/xhtml1/DTD/xhtml1-transitional.dtd">
<html xmlns="http://www.w3.org/1999/xhtml" xml:lang="en" lang="en">
 <head>
  <title>
</title>
<meta http-equiv="Content-Type" content="text/html;charset=utf-8" />
  <meta name='ocr-system' content='tesseract 3.04.00' />
  <meta name='ocr-capabilities' content='ocr_page ocr_carea ocr_par ocr_line ocrx_word'/>
</head>
<body>
  <div class='ocr_page' id='page_1' title='image "./bibliothecalatin01fabruoft_0065.png"; bbox 0 0 2500 3841; ppageno 0'>
   <div class='ocr_carea' id='block_1_1' title="bbox 956 253 2087 297">
    <p class='ocr_par' dir='ltr' id='par_1_1' title="bbox 956 253 2087 297">
     <span class='ocr_line' id='line_1_1' title="bbox 956 253 2087 297; baseline 0.006 -7"><span class='ocrx_word' id='word_1_1' title='bbox 956 254 1003 291; x_wconf 62' lang='lat' dir='ltr'>:ii</span> <span class='ocrx_word' id='word_1_2' title='bbox 1026 253 1054 292; x_wconf 68' lang='lat' dir='ltr'>N</span> <span class='ocrx_word' id='word_1_3' title='bbox 1078 254 1111 292; x_wconf 83' lang='lat' dir='ltr'>E</span> <span class='ocrx_word' id='word_1_4' title='bbox 1133 255 1165 293; x_wconf 68' lang='lat' dir='ltr'>A</span> <span class='ocrx_word' id='word_1_5' title='bbox 1187 254 1212 291; x_wconf 75' lang='lat' dir='ltr'>S</span> <span class='ocrx_word' id='word_1_6' title='bbox 2039 261 2087 297; x_wconf 79' lang='lat'>27</span> 
     </span>
    </p>
   </div>
   <div class='ocr_carea' id='block_1_2' title="bbox 14 321 1056 1533">
    <p class='ocr_par' dir='ltr' id='par_1_2' title="bbox 14 321 1056 1533">
     <span class='ocr_line' id='line_1_2' title="bbox 97 321 1053 374; baseline 0 -13"><span class='ocrx_word' id='word_1_7' title='bbox 97 322 227 374; x_wconf 82' lang='lat' dir='ltr'>Opera</span> <span class='ocrx_word' id='word_1_8' title='bbox 257 321 431 361; x_wconf 85' lang='lat' dir='ltr'>Basileae</span> <span class='ocrx_word' id='word_1_9' title='bbox 463 321 555 361; x_wconf 80' lang='grc'>4574</span> <span class='ocrx_word' id='word_1_10' title='bbox 589 321 650 359; x_wconf 83' lang='lat' dir='ltr'>iol.</span> <span class='ocrx_word' id='word_1_11' title='bbox 677 322 845 372; x_wconf 84' lang='lat' dir='ltr'>junctim</span> <span class='ocrx_word' id='word_1_12' title='bbox 868 322 969 361; x_wconf 82' lang='lat' dir='ltr'>edita</span> <span class='ocrx_word' id='word_1_13' title='bbox 996 335 1053 361; x_wconf 86' lang='lat' dir='ltr'>re-</span> 
     </span>
     <span class='ocr_line' id='line_1_3' title="bbox 93 381 1050 422; baseline 0 0"><span class='ocrx_word' id='word_1_14' title='bbox 93 388 310 422; x_wconf 80' lang='lat' dir='ltr'>censentur</span> <span class='ocrx_word' id='word_1_15' title='bbox 332 384 370 421; x_wconf 92' lang='lat' dir='ltr'>in</span> <span class='ocrx_word' id='word_1_16' title='bbox 391 381 512 420; x_wconf 91' lang='lat' dir='ltr'>diario</span> <span class='ocrx_word' id='word_1_17' title='bbox 535 381 777 421; x_wconf 83' lang='lat' dir='ltr'>eruditorum</span> <span class='ocrx_word' id='word_1_18' title='bbox 802 383 934 421; x_wconf 87' lang='lat' dir='ltr'>ltaliae</span> <span class='ocrx_word' id='word_1_19' title='bbox 959 388 1050 422; x_wconf 90' lang='lat' dir='ltr'>tom.</span> 
     </span>
     <span class='ocr_line' id='line_1_4' title="bbox 93 443 1050 494; baseline 0 -11"><span class='ocrx_word' id='word_1_20' title='bbox 93 444 182 483; x_wconf 92' lang='lat' dir='ltr'>XIV</span> <span class='ocrx_word' id='word_1_21' title='bbox 210 455 246 494; x_wconf 89' lang='lat' dir='ltr'>p.</span> <span class='ocrx_word' id='word_1_22' title='bbox 273 444 367 491; x_wconf 81' lang='lat'>359,</span> <span class='ocrx_word' id='word_1_23' title='bbox 389 453 471 492; x_wconf 81' lang='lat' dir='ltr'>ch.</span> <span class='ocrx_word' id='word_1_24' title='bbox 497 444 553 482; x_wconf 88' lang='lat' dir='ltr'>Dc</span> <span class='ocrx_word' id='word_1_25' title='bbox 581 444 667 481; x_wconf 79' lang='lat' dir='ltr'>aliis</span> <span class='ocrx_word' id='word_1_26' title='bbox 694 443 929 482; x_wconf 73' lang='lat' dir='ltr'>editionibus</span> <span class='ocrx_word' id='word_1_27' title='bbox 958 446 1050 483; x_wconf 87' lang='lat' dir='ltr'>Lud.</span> 
     </span>
     <span class='ocr_line' id='line_1_5' title="bbox 90 504 1050 555; baseline 0.002 -13"><span class='ocrx_word' id='word_1_28' title='bbox 90 505 260 544; x_wconf 89' lang='lat' dir='ltr'>Jacohus</span> <span class='ocrx_word' id='word_1_29' title='bbox 278 515 365 555; x_wconf 85' lang='lat' dir='ltr'>pag.</span> <span class='ocrx_word' id='word_1_30' title='bbox 391 504 484 552; x_wconf 98' lang='grc'>487,</span> <span class='ocrx_word' id='word_1_31' title='bbox 508 515 590 554; x_wconf 88' lang='lat' dir='ltr'>seq.</span> <span class='ocrx_word' id='word_1_32' title='bbox 615 505 794 543; x_wconf 83' lang='lat' dir='ltr'>Biblioth.</span> <span class='ocrx_word' id='word_1_33' title='bbox 817 507 1050 544; x_wconf 83' lang='lat' dir='ltr'>Pontiiiciae.</span> 
     </span>
     <span class='ocr_line' id='line_1_6' title="bbox 90 565 1052 616; baseline 0.003 -14"><span class='ocrx_word' id='word_1_34' title='bbox 90 565 293 616; x_wconf 81' lang='lat' dir='ltr'>Epistolae</span> <span class='ocrx_word' id='word_1_35' title='bbox 328 565 378 604; x_wconf 88' lang='lat' dir='ltr'>ad</span> <span class='ocrx_word' id='word_1_36' title='bbox 415 565 611 613; x_wconf 80' lang='lat' dir='ltr'>diversos,</span> <span class='ocrx_word' id='word_1_37' title='bbox 640 577 807 615; x_wconf 83' lang='lat' dir='ltr'>quarum</span> <span class='ocrx_word' id='word_1_38' title='bbox 842 566 1052 605; x_wconf 74' lang='lat' dir='ltr'>editionem</span> 
     </span>
     <span class='ocr_line' id='line_1_7' title="bbox 89 625 1052 678; baseline 0.001 -14"><span class='ocrx_word' id='word_1_39' title='bbox 89 626 138 664; x_wconf 90' lang='lat' dir='ltr'>ab</span> <span class='ocrx_word' id='word_1_40' title='bbox 157 627 300 665; x_wconf 83' lang='lat' dir='ltr'>illustri</span> <span class='ocrx_word' id='word_1_41' title='bbox 319 627 377 665; x_wconf 90' lang='lat' dir='ltr'>Jo.</span> <span class='ocrx_word' id='word_1_42' title='bbox 402 627 516 665; x_wconf 86' lang='lat' dir='ltr'>Petro</span> <span class='ocrx_word' id='word_1_43' title='bbox 540 625 730 677; x_wconf 82' lang='lat' dir='ltr'>Ludewig</span> <span class='ocrx_word' id='word_1_44' title='bbox 750 632 1052 678; x_wconf 75' lang='lat' dir='ltr'>exspectamus,</span> 
     </span>
     <span class='ocr_line' id='line_1_8' title="bbox 85 687 1052 738; baseline 0.002 -12"><span class='ocrx_word' id='word_1_45' title='bbox 85 687 312 738; x_wconf 82' lang='lat' dir='ltr'>prodierant</span> <span class='ocrx_word' id='word_1_46' title='bbox 323 688 468 726; x_wconf 89' lang='lat' dir='ltr'>Lovan.</span> <span class='ocrx_word' id='word_1_47' title='bbox 489 688 591 727; x_wconf 88' lang='grc'>4483</span> <span class='ocrx_word' id='word_1_48' title='bbox 607 688 778 727; x_wconf 72' lang='lat' dir='ltr'>Nor-imb.</span> <span class='ocrx_word' id='word_1_49' title='bbox 799 690 892 728; x_wconf 86' lang='grc'>4484</span> <span class='ocrx_word' id='word_1_50' title='bbox 911 719 918 737; x_wconf 83' lang='grc'>,</span> <span class='ocrx_word' id='word_1_51' title='bbox 938 692 952 728; x_wconf 90' lang='grc'>4</span> <span class='ocrx_word' id='word_1_52' title='bbox 965 691 1052 737; x_wconf 87' lang='grc'>486,</span> 
     </span>
     <span class='ocr_line' id='line_1_9' title="bbox 26 748 1055 797; baseline 0.002 -11"><span class='ocrx_word' id='word_1_53' title='bbox 26 757 36 763; x_wconf 87' lang='grc'><em>·</em></span> <span class='ocrx_word' id='word_1_54' title='bbox 87 749 211 797; x_wconf 88' lang='grc'>4496,</span> <span class='ocrx_word' id='word_1_55' title='bbox 227 749 249 786; x_wconf 97' lang='grc'>4</span> <span class='ocrx_word' id='word_1_56' title='bbox 273 759 365 787; x_wconf 91' lang='lat' dir='ltr'>cum</span> <span class='ocrx_word' id='word_1_57' title='bbox 391 748 580 787; x_wconf 79' lang='lat' dir='ltr'>Oratione</span> <span class='ocrx_word' id='word_1_58' title='bbox 604 749 825 788; x_wconf 75' lang='lat' dir='ltr'>llIantuana</span> <span class='ocrx_word' id='word_1_59' title='bbox 850 754 884 787; x_wconf 84' lang='lat' dir='ltr'>et</span> <span class='ocrx_word' id='word_1_60' title='bbox 907 749 1055 788; x_wconf 78' lang='lat' dir='ltr'>(leseri-</span> 
     </span>
     <span class='ocr_line' id='line_1_10' title="bbox 78 808 1055 862; baseline 0.002 -15"><span class='ocrx_word' id='word_1_61' title='bbox 78 808 210 860; x_wconf 82' lang='lat' dir='ltr'>ptione</span> <span class='ocrx_word' id='word_1_62' title='bbox 225 809 446 849; x_wconf 75' lang='lat' dir='ltr'>Viennensi.</span> <span class='ocrx_word' id='word_1_63' title='bbox 457 810 685 849; x_wconf 78' lang='lat' dir='ltr'>Orationem</span> <span class='ocrx_word' id='word_1_64' title='bbox 700 810 748 849; x_wconf 90' lang='lat' dir='ltr'>de</span> <span class='ocrx_word' id='word_1_65' title='bbox 762 812 867 850; x_wconf 85' lang='lat' dir='ltr'>obitu</span> <span class='ocrx_word' id='word_1_66' title='bbox 885 812 919 849; x_wconf 82' lang='lat' dir='ltr'><em>E</em></span> <span class='ocrx_word' id='word_1_67' title='bbox 921 812 1055 862; x_wconf 52' lang='lat' dir='ltr'>‘ussonia&#39;</span> 
     </span>
     <span class='ocr_line' id='line_1_11' title="bbox 81 870 1056 922; baseline 0.003 -14"><span class='ocrx_word' id='word_1_68' title='bbox 81 870 106 907; x_wconf 94' lang='grc' dir='ltr'><em>Ι</em></span> <span class='ocrx_word' id='word_1_69' title='bbox 109 871 140 909; x_wconf 93' lang='lat' dir='ltr'><em>V</em></span> <span class='ocrx_word' id='word_1_70' title='bbox 154 872 279 922; x_wconf 85' lang='lat' dir='ltr'>Papae</span> <span class='ocrx_word' id='word_1_71' title='bbox 299 870 372 910; x_wconf 88' lang='lat' dir='ltr'>An.</span> <span class='ocrx_word' id='word_1_72' title='bbox 398 872 500 911; x_wconf 79' lang='grc'>4447</span> <span class='ocrx_word' id='word_1_73' title='bbox 522 877 562 910; x_wconf 86' lang='lat' dir='ltr'>et</span> <span class='ocrx_word' id='word_1_74' title='bbox 582 874 831 911; x_wconf 82' lang='lat' dir='ltr'>coronatione</span> <span class='ocrx_word' id='word_1_75' title='bbox 850 871 1005 912; x_wconf 84' lang='lat' dir='ltr'>Nicolai</span> <span class='ocrx_word' id='word_1_76' title='bbox 1025 873 1056 911; x_wconf 89' lang='lat' dir='ltr'><em>V</em></span> 
     </span>
     <span class='ocr_line' id='line_1_12' title="bbox 80 931 1052 985; baseline 0.001 -15"><span class='ocrx_word' id='word_1_77' title='bbox 80 931 188 971; x_wconf 87' lang='lat' dir='ltr'>dedit</span> <span class='ocrx_word' id='word_1_78' title='bbox 202 933 389 973; x_wconf 91' lang='lat' dir='ltr'>Baluzius</span> <span class='ocrx_word' id='word_1_79' title='bbox 406 935 616 973; x_wconf 90' lang='lat' dir='ltr'>tom.Misc.</span> <span class='ocrx_word' id='word_1_80' title='bbox 635 946 721 985; x_wconf 89' lang='lat' dir='ltr'>pag.</span> <span class='ocrx_word' id='word_1_81' title='bbox 733 935 809 972; x_wconf 90' lang='lat'>334</span> <span class='ocrx_word' id='word_1_82' title='bbox 828 938 855 972; x_wconf 90' lang='lat' dir='ltr'>t.</span> <span class='ocrx_word' id='word_1_83' title='bbox 872 935 887 972; x_wconf 95' lang='grc' dir='ltr'>Ι</span> <span class='ocrx_word' id='word_1_84' title='bbox 904 934 964 972; x_wconf 91' lang='lat' dir='ltr'>ed.</span> <span class='ocrx_word' id='word_1_85' title='bbox 984 944 1052 971; x_wconf 91' lang='lat' dir='ltr'>no-</span> 
     </span>
     <span class='ocr_line' id='line_1_13' title="bbox 79 993 1048 1045; baseline -0.001 -14"><span class='ocrx_word' id='word_1_86' title='bbox 79 1004 154 1032; x_wconf 88' lang='lat' dir='ltr'>vae</span> <span class='ocrx_word' id='word_1_87' title='bbox 167 993 372 1034; x_wconf 78' lang='lat' dir='ltr'>Orationes</span> <span class='ocrx_word' id='word_1_88' title='bbox 387 994 489 1034; x_wconf 77' lang='lat' dir='ltr'>(luas</span> <span class='ocrx_word' id='word_1_89' title='bbox 503 996 773 1045; x_wconf 84' lang='lat' dir='ltr'>responsorias</span> <span class='ocrx_word' id='word_1_90' title='bbox 783 994 829 1032; x_wconf 87' lang='lat' dir='ltr'>ad</span> <span class='ocrx_word' id='word_1_91' title='bbox 841 995 1048 1034; x_wconf 74' lang='lat' dir='ltr'>Orationes</span> 
     </span>
     <span class='ocr_line' id='line_1_14' title="bbox 77 1055 1044 1107; baseline 0 -15"><span class='ocrx_word' id='word_1_92' title='bbox 77 1055 196 1107; x_wconf 82' lang='lat' dir='ltr'>Regis</span> <span class='ocrx_word' id='word_1_93' title='bbox 212 1056 478 1106; x_wconf 86' lang='lat' dir='ltr'>Francorum,</span> <span class='ocrx_word' id='word_1_94' title='bbox 507 1056 723 1095; x_wconf 84' lang='lat' dir='ltr'>Dacherius</span> <span class='ocrx_word' id='word_1_95' title='bbox 753 1056 925 1106; x_wconf 81' lang='lat' dir='ltr'>spicileg.</span> <span class='ocrx_word' id='word_1_96' title='bbox 951 1058 1044 1092; x_wconf 90' lang='lat' dir='ltr'>tom.</span> 
     </span>
     <span class='ocr_line' id='line_1_15' title="bbox 80 1115 1047 1167; baseline -0.002 -13"><span class='ocrx_word' id='word_1_97' title='bbox 80 1117 148 1165; x_wconf 80' lang='lat' dir='ltr'>IX,</span> <span class='ocrx_word' id='word_1_98' title='bbox 166 1128 252 1167; x_wconf 87' lang='lat' dir='ltr'>pag.</span> <span class='ocrx_word' id='word_1_99' title='bbox 277 1117 353 1156; x_wconf 90' lang='grc'>340</span> <span class='ocrx_word' id='word_1_100' title='bbox 377 1122 417 1156; x_wconf 85' lang='lat' dir='ltr'>et</span> <span class='ocrx_word' id='word_1_101' title='bbox 432 1122 526 1155; x_wconf 90' lang='lat' dir='ltr'>tom.</span> <span class='ocrx_word' id='word_1_102' title='bbox 542 1118 736 1166; x_wconf 79' lang='lat' dir='ltr'>Vlll,pag.</span> <span class='ocrx_word' id='word_1_103' title='bbox 754 1117 831 1155; x_wconf 71' lang='lat'>292</span> <span class='ocrx_word' id='word_1_104' title='bbox 850 1115 953 1164; x_wconf 89' lang='lat' dir='ltr'>(edit.</span> <span class='ocrx_word' id='word_1_105' title='bbox 979 1126 1047 1153; x_wconf 90' lang='lat' dir='ltr'>no-</span> 
     </span>
     <span class='ocr_line' id='line_1_16' title="bbox 74 1173 1045 1228; baseline 0 -14"><span class='ocrx_word' id='word_1_106' title='bbox 74 1187 148 1216; x_wconf 89' lang='lat' dir='ltr'>vae</span> <span class='ocrx_word' id='word_1_107' title='bbox 168 1181 261 1216; x_wconf 92' lang='lat' dir='ltr'>tom.</span> <span class='ocrx_word' id='word_1_108' title='bbox 284 1178 306 1215; x_wconf 93' lang='lat'>3</span> <span class='ocrx_word' id='word_1_109' title='bbox 325 1189 412 1228; x_wconf 91' lang='lat' dir='ltr'>pag.</span> <span class='ocrx_word' id='word_1_110' title='bbox 435 1178 529 1225; x_wconf 84' lang='lat'>807,</span> <span class='ocrx_word' id='word_1_111' title='bbox 555 1179 596 1216; x_wconf 92' lang='grc'>84</span> <span class='ocrx_word' id='word_1_112' title='bbox 609 1179 643 1216; x_wconf 93' lang='grc'>4.</span> <span class='ocrx_word' id='word_1_113' title='bbox 662 1178 671 1224; x_wconf 91' lang='grc'>)</span> <span class='ocrx_word' id='word_1_114' title='bbox 688 1173 890 1226; x_wconf 83' lang='lat' dir='ltr'>Epistolas</span> <span class='ocrx_word' id='word_1_115' title='bbox 906 1175 954 1214; x_wconf 89' lang='lat' dir='ltr'>ad</span> <span class='ocrx_word' id='word_1_116' title='bbox 972 1176 1045 1214; x_wconf 88' lang='lat' dir='ltr'>Ca-</span> 
     </span>
     <span class='ocr_line' id='line_1_17' title="bbox 74 1236 1039 1289; baseline 0.001 -14"><span class='ocrx_word' id='word_1_117' title='bbox 74 1238 200 1277; x_wconf 90' lang='lat' dir='ltr'>rolum</span> <span class='ocrx_word' id='word_1_118' title='bbox 223 1239 291 1278; x_wconf 90' lang='lat' dir='ltr'>VII</span> <span class='ocrx_word' id='word_1_119' title='bbox 315 1240 462 1289; x_wconf 86' lang='lat' dir='ltr'>Regem</span> <span class='ocrx_word' id='word_1_120' title='bbox 501 1240 743 1277; x_wconf 84' lang='lat' dir='ltr'>Francorum</span> <span class='ocrx_word' id='word_1_121' title='bbox 782 1241 875 1274; x_wconf 90' lang='lat' dir='ltr'>tom.</span> <span class='ocrx_word' id='word_1_122' title='bbox 902 1236 925 1274; x_wconf 90' lang='lat'><strong>7</strong></span> <span class='ocrx_word' id='word_1_123' title='bbox 954 1249 1039 1287; x_wconf 79' lang='lat' dir='ltr'>pag.</span> 
     </span>
     <span class='ocr_line' id='line_1_18' title="bbox 73 1297 1039 1350; baseline 0 -13"><span class='ocrx_word' id='word_1_124' title='bbox 73 1299 214 1342; x_wconf 79' lang='lat' dir='ltr'>3tt.et</span> <span class='ocrx_word' id='word_1_125' title='bbox 251 1304 344 1338; x_wconf 89' lang='lat' dir='ltr'>tom.</span> <span class='ocrx_word' id='word_1_126' title='bbox 373 1301 394 1338; x_wconf 87' lang='lat'><strong>4</strong></span> <span class='ocrx_word' id='word_1_127' title='bbox 418 1311 504 1350; x_wconf 89' lang='lat' dir='ltr'>pag.</span> <span class='ocrx_word' id='word_1_128' title='bbox 536 1299 610 1337; x_wconf 88' lang='grc'>460</span> <span class='ocrx_word' id='word_1_129' title='bbox 646 1309 728 1348; x_wconf 83' lang='lat' dir='ltr'>seq.</span> <span class='ocrx_word' id='word_1_130' title='bbox 761 1297 879 1347; x_wconf 86' lang='lat' dir='ltr'>(edit.</span> <span class='ocrx_word' id='word_1_131' title='bbox 914 1310 1039 1337; x_wconf 86' lang='lat' dir='ltr'>novae</span> 
     </span>
     <span class='ocr_line' id='line_1_19' title="bbox 72 1359 1037 1411; baseline 0.001 -14"><span class='ocrx_word' id='word_1_132' title='bbox 72 1364 165 1398; x_wconf 93' lang='lat' dir='ltr'>tom.</span> <span class='ocrx_word' id='word_1_133' title='bbox 186 1361 209 1398; x_wconf 88' lang='lat'><strong>3</strong></span> <span class='ocrx_word' id='word_1_134' title='bbox 225 1372 310 1411; x_wconf 91' lang='lat' dir='ltr'>pag.</span> <span class='ocrx_word' id='word_1_135' title='bbox 328 1360 405 1398; x_wconf 93' lang='grc'>806</span> <span class='ocrx_word' id='word_1_136' title='bbox 420 1360 535 1408; x_wconf 74' lang='lat'>822‚)</span> <span class='ocrx_word' id='word_1_137' title='bbox 551 1360 650 1398; x_wconf 88' lang='lat' dir='ltr'>alias</span> <span class='ocrx_word' id='word_1_138' title='bbox 665 1361 760 1397; x_wconf 90' lang='lat' dir='ltr'>item</span> <span class='ocrx_word' id='word_1_139' title='bbox 774 1359 823 1398; x_wconf 91' lang='lat' dir='ltr'>ad</span> <span class='ocrx_word' id='word_1_140' title='bbox 842 1360 927 1398; x_wconf 89' lang='lat' dir='ltr'>illos</span> <span class='ocrx_word' id='word_1_141' title='bbox 943 1365 1037 1398; x_wconf 91' lang='lat' dir='ltr'>tom.</span> 
     </span>
     <span class='ocr_line' id='line_1_20' title="bbox 14 1413 1037 1472; baseline 0.003 -15"><span class='ocrx_word' id='word_1_142' title='bbox 14 1413 27 1422; x_wconf 79' lang='lat'><strong><em>‘</em></strong></span> <span class='ocrx_word' id='word_1_143' title='bbox 70 1420 94 1457; x_wconf 92' lang='lat'>7</span> <span class='ocrx_word' id='word_1_144' title='bbox 109 1432 195 1472; x_wconf 84' lang='lat' dir='ltr'>pag.</span> <span class='ocrx_word' id='word_1_145' title='bbox 213 1421 290 1460; x_wconf 83' lang='lat'>305</span> <span class='ocrx_word' id='word_1_146' title='bbox 306 1426 346 1459; x_wconf 90' lang='lat' dir='ltr'>et</span> <span class='ocrx_word' id='word_1_147' title='bbox 361 1433 448 1471; x_wconf 89' lang='lat' dir='ltr'>pag.</span> <span class='ocrx_word' id='word_1_148' title='bbox 467 1421 561 1464; x_wconf 77' lang='grc'>342,</span> <span class='ocrx_word' id='word_1_149' title='bbox 578 1426 673 1458; x_wconf 86' lang='lat' dir='ltr'>tom.</span> <span class='ocrx_word' id='word_1_150' title='bbox 691 1421 715 1458; x_wconf 91' lang='grc'>8</span> <span class='ocrx_word' id='word_1_151' title='bbox 731 1431 818 1470; x_wconf 87' lang='lat' dir='ltr'>pag.</span> <span class='ocrx_word' id='word_1_152' title='bbox 837 1421 913 1459; x_wconf 65' lang='lat'>325</span> <span class='ocrx_word' id='word_1_153' title='bbox 932 1421 1037 1470; x_wconf 76' lang='lat' dir='ltr'>(edit.</span> 
     </span>
     <span class='ocr_line' id='line_1_21' title="bbox 71 1481 1040 1533; baseline 0.001 -15"><span class='ocrx_word' id='word_1_154' title='bbox 71 1491 196 1520; x_wconf 88' lang='lat' dir='ltr'>novae</span> <span class='ocrx_word' id='word_1_155' title='bbox 229 1486 324 1520; x_wconf 84' lang='lat' dir='ltr'>torn.</span> <span class='ocrx_word' id='word_1_156' title='bbox 351 1483 374 1520; x_wconf 93' lang='lat'>3</span> <span class='ocrx_word' id='word_1_157' title='bbox 397 1493 483 1533; x_wconf 87' lang='lat' dir='ltr'>pag.</span> <span class='ocrx_word' id='word_1_158' title='bbox 519 1481 614 1531; x_wconf 90' lang='grc'>788,</span> <span class='ocrx_word' id='word_1_159' title='bbox 644 1482 740 1531; x_wconf 74' lang='lat'>823,</span> <span class='ocrx_word' id='word_1_160' title='bbox 766 1482 886 1530; x_wconf 74' lang='grc'>824,)</span> <span class='ocrx_word' id='word_1_161' title='bbox 907 1482 1040 1522; x_wconf 86' lang='lat' dir='ltr'>Histo-</span> 
     </span>
    </p>
   </div>
   <div class='ocr_carea' id='block_1_3' title="bbox 71 1541 1104 1593">
    <p class='ocr_par' dir='ltr' id='par_1_3' title="bbox 71 1541 1104 1593">
     <span class='ocr_line' id='line_1_22' title="bbox 71 1541 1104 1593; baseline 0.003 -14"><span class='ocrx_word' id='word_1_162' title='bbox 71 1552 178 1580; x_wconf 73' lang='lat' dir='ltr'>riam</span> <span class='ocrx_word' id='word_1_163' title='bbox 214 1541 429 1580; x_wconf 80' lang='lat' dir='ltr'>Gothorum</span> <span class='ocrx_word' id='word_1_164' title='bbox 464 1543 550 1581; x_wconf 88' lang='lat' dir='ltr'>sive</span> <span class='ocrx_word' id='word_1_165' title='bbox 588 1544 788 1593; x_wconf 84' lang='lat' dir='ltr'>epitomen</span> <span class='ocrx_word' id='word_1_166' title='bbox 828 1544 1039 1582; x_wconf 87' lang='lat' dir='ltr'>Jornandis</span> <span class='ocrx_word' id='word_1_167' title='bbox 1099 1558 1104 1561; x_wconf 88' lang='lat'>·</span> 
     </span>
    </p>
   </div>
   <div class='ocr_carea' id='block_1_4' title="bbox 69 1603 1039 1840">
    <p class='ocr_par' dir='ltr' id='par_1_4' title="bbox 69 1603 1039 1840">
     <span class='ocr_line' id='line_1_23' title="bbox 71 1603 1039 1655; baseline 0.002 -15"><span class='ocrx_word' id='word_1_168' title='bbox 71 1606 163 1641; x_wconf 88' lang='lat' dir='ltr'>ante</span> <span class='ocrx_word' id='word_1_169' title='bbox 191 1604 250 1641; x_wconf 92' lang='lat' dir='ltr'>Jo.</span> <span class='ocrx_word' id='word_1_170' title='bbox 285 1603 470 1642; x_wconf 89' lang='lat' dir='ltr'>Carolum</span> <span class='ocrx_word' id='word_1_171' title='bbox 507 1605 731 1644; x_wconf 85' lang='lat' dir='ltr'>Newenum</span> <span class='ocrx_word' id='word_1_172' title='bbox 768 1605 1039 1655; x_wconf 83' lang='lat' dir='ltr'>publicaverat</span> 
     </span>
     <span class='ocr_line' id='line_1_24' title="bbox 69 1663 1037 1716; baseline 0.005 -16"><span class='ocrx_word' id='word_1_173' title='bbox 69 1663 132 1701; x_wconf 91' lang='lat' dir='ltr'>vir</span> <span class='ocrx_word' id='word_1_174' title='bbox 153 1664 494 1714; x_wconf 88' lang='lat' dir='ltr'>praeclarissimus</span> <span class='ocrx_word' id='word_1_175' title='bbox 514 1666 776 1716; x_wconf 85' lang='lat' dir='ltr'>Raymundus</span> <span class='ocrx_word' id='word_1_176' title='bbox 791 1666 968 1705; x_wconf 81' lang='lat' dir='ltr'>Duellius</span> <span class='ocrx_word' id='word_1_177' title='bbox 990 1668 1037 1715; x_wconf 86' lang='lat' dir='ltr'>a)</span> 
     </span>
     <span class='ocr_line' id='line_1_25' title="bbox 69 1725 1036 1778; baseline 0.004 -16"><span class='ocrx_word' id='word_1_178' title='bbox 69 1726 109 1762; x_wconf 89' lang='lat' dir='ltr'>in</span> <span class='ocrx_word' id='word_1_179' title='bbox 132 1725 221 1776; x_wconf 88' lang='lat' dir='ltr'>biga</span> <span class='ocrx_word' id='word_1_180' title='bbox 254 1725 441 1765; x_wconf 92' lang='lat' dir='ltr'>librorum</span> <span class='ocrx_word' id='word_1_181' title='bbox 465 1728 673 1776; x_wconf 82' lang='lat' dir='ltr'>rariorum,</span> <span class='ocrx_word' id='word_1_182' title='bbox 698 1729 805 1778; x_wconf 87' lang='lat' dir='ltr'>Lips.</span> <span class='ocrx_word' id='word_1_183' title='bbox 844 1727 944 1767; x_wconf 87' lang='grc'>4730</span> <span class='ocrx_word' id='word_1_184' title='bbox 976 1728 1036 1766; x_wconf 87' lang='lat' dir='ltr'>sol.</span> 
     </span>
     <span class='ocr_line' id='line_1_26' title="bbox 69 1787 1039 1840; baseline 0.003 -16"><span class='ocrx_word' id='word_1_185' title='bbox 69 1787 126 1825; x_wconf 87' lang='lat' dir='ltr'>De</span> <span class='ocrx_word' id='word_1_186' title='bbox 147 1797 370 1837; x_wconf 80' lang='lat' dir='ltr'>puerorum</span> <span class='ocrx_word' id='word_1_187' title='bbox 406 1787 635 1826; x_wconf 75' lang='lat' dir='ltr'>educatione</span> <span class='ocrx_word' id='word_1_188' title='bbox 664 1788 713 1827; x_wconf 92' lang='lat' dir='ltr'>ad</span> <span class='ocrx_word' id='word_1_189' title='bbox 747 1791 892 1840; x_wconf 84' lang='lat' dir='ltr'>Regem</span> <span class='ocrx_word' id='word_1_190' title='bbox 914 1789 1039 1828; x_wconf 88' lang='lat' dir='ltr'>Bohe-</span> 
     </span>
    </p>
   </div>
   <div class='ocr_carea' id='block_1_5' title="bbox 10 1848 1037 1897">
    <p class='ocr_par' dir='ltr' id='par_1_5' title="bbox 10 1848 1037 1897">
     <span class='ocr_line' id='line_1_27' title="bbox 10 1848 1037 1897; baseline 0.001 -11"><span class='ocrx_word' id='word_1_191' title='bbox 10 1871 15 1874; x_wconf 90' lang='lat'><strong>·</strong></span> <span class='ocrx_word' id='word_1_192' title='bbox 70 1849 172 1887; x_wconf 86' lang='lat' dir='ltr'>miae</span> <span class='ocrx_word' id='word_1_193' title='bbox 191 1848 434 1897; x_wconf 90' lang='lat' dir='ltr'>Ladislaum,</span> <span class='ocrx_word' id='word_1_194' title='bbox 454 1850 493 1886; x_wconf 90' lang='lat' dir='ltr'>in</span> <span class='ocrx_word' id='word_1_195' title='bbox 519 1850 541 1887; x_wconf 90' lang='grc'>4</span> <span class='ocrx_word' id='word_1_196' title='bbox 562 1854 680 1888; x_wconf 87' lang='lat' dir='ltr'>vetus</span> <span class='ocrx_word' id='word_1_197' title='bbox 702 1850 821 1889; x_wconf 88' lang='lat' dir='ltr'>editio</span> <span class='ocrx_word' id='word_1_198' title='bbox 845 1852 930 1889; x_wconf 85' lang='lat' dir='ltr'>sine</span> <span class='ocrx_word' id='word_1_199' title='bbox 954 1851 1037 1889; x_wconf 88' lang='lat' dir='ltr'>loco</span> 
     </span>
    </p>
   </div>
   <div class='ocr_carea' id='block_1_6' title="bbox 68 1909 1041 2145">
    <p class='ocr_par' dir='ltr' id='par_1_6' title="bbox 68 1909 1041 2145">
     <span class='ocr_line' id='line_1_28' title="bbox 70 1909 1037 1950; baseline 0.003 -4"><span class='ocrx_word' id='word_1_200' title='bbox 70 1913 110 1947; x_wconf 89' lang='lat' dir='ltr'>et</span> <span class='ocrx_word' id='word_1_201' title='bbox 133 1919 248 1947; x_wconf 90' lang='lat' dir='ltr'>anno.</span> <span class='ocrx_word' id='word_1_202' title='bbox 269 1910 385 1948; x_wconf 91' lang='lat' dir='ltr'>Liber</span> <span class='ocrx_word' id='word_1_203' title='bbox 407 1909 453 1948; x_wconf 84' lang='lat' dir='ltr'>de</span> <span class='ocrx_word' id='word_1_204' title='bbox 472 1910 647 1950; x_wconf 84' lang='lat' dir='ltr'>miseriis</span> <span class='ocrx_word' id='word_1_205' title='bbox 667 1910 882 1950; x_wconf 84' lang='lat' dir='ltr'>curialium</span> <span class='ocrx_word' id='word_1_206' title='bbox 903 1911 1037 1950; x_wconf 85' lang='lat' dir='ltr'>itidem</span> 
     </span>
     <span class='ocr_line' id='line_1_29' title="bbox 70 1971 1036 2023; baseline 0.004 -16"><span class='ocrx_word' id='word_1_207' title='bbox 70 1971 163 2023; x_wconf 64' lang='lat'>¹1¹4</span> <span class='ocrx_word' id='word_1_208' title='bbox 200 1981 292 2009; x_wconf 88' lang='lat' dir='ltr'>cum</span> <span class='ocrx_word' id='word_1_209' title='bbox 331 1971 494 2010; x_wconf 90' lang='lat' dir='ltr'>historia</span> <span class='ocrx_word' id='word_1_210' title='bbox 527 1972 576 2010; x_wconf 83' lang='lat' dir='ltr'>de</span> <span class='ocrx_word' id='word_1_211' title='bbox 609 1972 764 2012; x_wconf 87' lang='lat' dir='ltr'>duobus</span> <span class='ocrx_word' id='word_1_212' title='bbox 799 1974 1036 2012; x_wconf 83' lang='lat' dir='ltr'>amantibus.</span> 
     </span>
     <span class='ocr_line' id='line_1_30' title="bbox 68 2031 1041 2085; baseline 0.003 -16"><span class='ocrx_word' id='word_1_213' title='bbox 68 2031 356 2070; x_wconf 78' lang='lat' dir='ltr'>praefationem</span> <span class='ocrx_word' id='word_1_214' title='bbox 388 2031 438 2070; x_wconf 92' lang='lat' dir='ltr'>ad</span> <span class='ocrx_word' id='word_1_215' title='bbox 479 2032 685 2073; x_wconf 83' lang='lat' dir='ltr'>historiam</span> <span class='ocrx_word' id='word_1_216' title='bbox 722 2034 769 2072; x_wconf 81' lang='lat' dir='ltr'>cle</span> <span class='ocrx_word' id='word_1_217' title='bbox 801 2035 974 2085; x_wconf 74' lang='lat' dir='ltr'>Pyramo</span> <span class='ocrx_word' id='word_1_218' title='bbox 1004 2038 1041 2072; x_wconf 87' lang='lat' dir='ltr'>et</span> 
     </span>
     <span class='ocr_line' id='line_1_31' title="bbox 74 2089 1036 2145; baseline 0.004 -16"><span class='ocrx_word' id='word_1_219' title='bbox 74 2089 211 2130; x_wconf 78' lang='lat' dir='ltr'>Thisbe</span> <span class='ocrx_word' id='word_1_220' title='bbox 233 2103 283 2131; x_wconf 83' lang='lat' dir='ltr'>ex</span> <span class='ocrx_word' id='word_1_221' title='bbox 305 2093 501 2132; x_wconf 90' lang='lat' dir='ltr'>Manuscr.</span> <span class='ocrx_word' id='word_1_222' title='bbox 526 2094 834 2133; x_wconf 89' lang='lat' dir='ltr'>Helmstadiensi</span> <span class='ocrx_word' id='word_1_223' title='bbox 858 2096 1036 2145; x_wconf 87' lang='lat' dir='ltr'>vulgavit</span> 
     </span>
    </p>
   </div>
   <div class='ocr_carea' id='block_1_7' title="bbox 6 2152 1036 2204">
    <p class='ocr_par' dir='ltr' id='par_1_7' title="bbox 6 2152 1036 2204">
     <span class='ocr_line' id='line_1_32' title="bbox 6 2152 1036 2204; baseline 0.005 -15"><span class='ocrx_word' id='word_1_224' title='bbox 6 2188 10 2189; x_wconf 19' lang='lat'><em>⁷</em></span> <span class='ocrx_word' id='word_1_225' title='bbox 71 2152 311 2204; x_wconf 83' lang='lat' dir='ltr'>Polycarpus</span> <span class='ocrx_word' id='word_1_226' title='bbox 347 2156 546 2204; x_wconf 84' lang='lat' dir='ltr'>Leyserus</span> <span class='ocrx_word' id='word_1_227' title='bbox 571 2156 610 2192; x_wconf 90' lang='lat' dir='ltr'>in</span> <span class='ocrx_word' id='word_1_228' title='bbox 634 2155 799 2195; x_wconf 88' lang='lat' dir='ltr'>historia</span> <span class='ocrx_word' id='word_1_229' title='bbox 829 2157 1036 2195; x_wconf 84' lang='lat' dir='ltr'>Poetarum</span> 
     </span>
    </p>
   </div>
   <div class='ocr_carea' id='block_1_8' title="bbox 65 2214 1039 3118">
    <p class='ocr_par' dir='ltr' id='par_1_8' title="bbox 67 2214 1039 2936">
     <span class='ocr_line' id='line_1_33' title="bbox 72 2214 1038 2267; baseline 0.003 -15"><span class='ocrx_word' id='word_1_230' title='bbox 72 2214 191 2252; x_wconf 90' lang='lat' dir='ltr'>medii</span> <span class='ocrx_word' id='word_1_231' title='bbox 211 2216 298 2254; x_wconf 88' lang='lat' dir='ltr'>aevi</span> <span class='ocrx_word' id='word_1_232' title='bbox 322 2227 359 2267; x_wconf 94' lang='lat' dir='ltr'>p.</span> <span class='ocrx_word' id='word_1_233' title='bbox 385 2215 488 2255; x_wconf 89' lang='grc'>4086</span> <span class='ocrx_word' id='word_1_234' title='bbox 508 2244 517 2264; x_wconf 92' lang='grc'>,</span> <span class='ocrx_word' id='word_1_235' title='bbox 540 2216 725 2256; x_wconf 88' lang='lat' dir='ltr'>versibus</span> <span class='ocrx_word' id='word_1_236' title='bbox 748 2218 947 2267; x_wconf 81' lang='lat' dir='ltr'>elegiacis.</span> <span class='ocrx_word' id='word_1_237' title='bbox 974 2218 1038 2256; x_wconf 91' lang='lat' dir='ltr'>Hi-</span> 
     </span>
     <span class='ocr_line' id='line_1_34' title="bbox 71 2277 1039 2330; baseline 0.003 -16"><span class='ocrx_word' id='word_1_238' title='bbox 71 2277 191 2315; x_wconf 87' lang='lat' dir='ltr'>storia</span> <span class='ocrx_word' id='word_1_239' title='bbox 211 2277 296 2328; x_wconf 83' lang='lat' dir='ltr'>ipsa</span> <span class='ocrx_word' id='word_1_240' title='bbox 333 2277 578 2317; x_wconf 87' lang='lat' dir='ltr'>hexametris</span> <span class='ocrx_word' id='word_1_241' title='bbox 613 2280 774 2329; x_wconf 84' lang='lat' dir='ltr'>partim,</span> <span class='ocrx_word' id='word_1_242' title='bbox 794 2280 936 2330; x_wconf 88' lang='lat' dir='ltr'>partim</span> <span class='ocrx_word' id='word_1_243' title='bbox 961 2279 1039 2317; x_wconf 88' lang='lat' dir='ltr'>ele-</span> 
     </span>
     <span class='ocr_line' id='line_1_35' title="bbox 69 2337 1036 2389; baseline 0.003 -14"><span class='ocrx_word' id='word_1_244' title='bbox 69 2337 190 2387; x_wconf 80' lang='lat' dir='ltr'>giacis</span> <span class='ocrx_word' id='word_1_245' title='bbox 220 2339 367 2389; x_wconf 90' lang='lat' dir='ltr'>scripta</span> <span class='ocrx_word' id='word_1_246' title='bbox 395 2347 437 2377; x_wconf 89' lang='lat' dir='ltr'>et</span> <span class='ocrx_word' id='word_1_247' title='bbox 466 2339 617 2378; x_wconf 86' lang='lat' dir='ltr'>AEneae</span> <span class='ocrx_word' id='word_1_248' title='bbox 654 2340 791 2389; x_wconf 79' lang='lat' dir='ltr'>Sylvio</span> <span class='ocrx_word' id='word_1_249' title='bbox 825 2341 971 2379; x_wconf 85' lang='lat' dir='ltr'>tributa</span> <span class='ocrx_word' id='word_1_250' title='bbox 1000 2342 1036 2378; x_wconf 92' lang='lat' dir='ltr'>in</span> 
     </span>
     <span class='ocr_line' id='line_1_36' title="bbox 71 2398 1037 2451; baseline 0.004 -15"><span class='ocrx_word' id='word_1_251' title='bbox 71 2398 266 2437; x_wconf 88' lang='lat' dir='ltr'>Manuscr.</span> <span class='ocrx_word' id='word_1_252' title='bbox 285 2398 548 2439; x_wconf 86' lang='lat' dir='ltr'>Thoruniensi</span> <span class='ocrx_word' id='word_1_253' title='bbox 565 2429 574 2449; x_wconf 84' lang='lat'>,</span> <span class='ocrx_word' id='word_1_254' title='bbox 589 2401 638 2449; x_wconf 89' lang='lat' dir='ltr'>b)</span> <span class='ocrx_word' id='word_1_255' title='bbox 660 2402 811 2451; x_wconf 86' lang='lat' dir='ltr'>incipit:</span> <span class='ocrx_word' id='word_1_256' title='bbox 829 2402 1037 2440; x_wconf 73' lang='lat' dir='ltr'>Narratur</span> 
     </span>
     <span class='ocr_line' id='line_1_37' title="bbox 67 2456 1037 2513; baseline 0.005 -17"><span class='ocrx_word' id='word_1_257' title='bbox 67 2456 245 2510; x_wconf 75' lang='lat' dir='ltr'>Babylon</span> <span class='ocrx_word' id='word_1_258' title='bbox 257 2457 357 2498; x_wconf 84' lang='lat' dir='ltr'>urbs</span> <span class='ocrx_word' id='word_1_259' title='bbox 372 2459 479 2498; x_wconf 82' lang='lat' dir='ltr'>dicta</span> <span class='ocrx_word' id='word_1_260' title='bbox 494 2460 590 2500; x_wconf 86' lang='lat' dir='ltr'>duos</span> <span class='ocrx_word' id='word_1_261' title='bbox 610 2460 770 2501; x_wconf 85' lang='lat' dir='ltr'>aluisse.</span> <span class='ocrx_word' id='word_1_262' title='bbox 788 2464 963 2513; x_wconf 85' lang='lat' dir='ltr'>Denique</span> <span class='ocrx_word' id='word_1_263' title='bbox 980 2462 1037 2501; x_wconf 75' lang='lat' dir='ltr'>lti-</span> 
     </span>
     <span class='ocr_line' id='line_1_38' title="bbox 67 2519 1033 2572; baseline 0.007 -16"><span class='ocrx_word' id='word_1_264' title='bbox 67 2519 235 2558; x_wconf 80' lang='lat' dir='ltr'>storiam</span> <span class='ocrx_word' id='word_1_265' title='bbox 247 2531 432 2559; x_wconf 87' lang='lat' dir='ltr'>amorum</span> <span class='ocrx_word' id='word_1_266' title='bbox 453 2521 631 2572; x_wconf 73' lang='lat' dir='ltr'>Euryali</span> <span class='ocrx_word' id='word_1_267' title='bbox 651 2526 690 2560; x_wconf 86' lang='lat' dir='ltr'>et</span> <span class='ocrx_word' id='word_1_268' title='bbox 712 2523 938 2572; x_wconf 76' lang='lat' dir='ltr'>Lucretiae,</span> <span class='ocrx_word' id='word_1_269' title='bbox 963 2535 1033 2563; x_wconf 87' lang='lat' dir='ltr'>seu</span> 
     </span>
     <span class='ocr_line' id='line_1_39' title="bbox 67 2582 1030 2636; baseline 0.005 -18"><span class='ocrx_word' id='word_1_270' title='bbox 67 2590 252 2618; x_wconf 86' lang='lat' dir='ltr'>arcanam</span> <span class='ocrx_word' id='word_1_271' title='bbox 274 2583 541 2620; x_wconf 86' lang='lat' dir='ltr'>narrationem</span> <span class='ocrx_word' id='word_1_272' title='bbox 566 2582 719 2622; x_wconf 93' lang='lat' dir='ltr'>illorum</span> <span class='ocrx_word' id='word_1_273' title='bbox 744 2596 844 2634; x_wconf 87' lang='lat' dir='ltr'>quac</span> <span class='ocrx_word' id='word_1_274' title='bbox 870 2586 1030 2636; x_wconf 84' lang='lat' dir='ltr'>Caspari</span> 
     </span>
     <span class='ocr_line' id='line_1_40' title="bbox 71 2640 1031 2696; baseline 0.006 -17"><span class='ocrx_word' id='word_1_275' title='bbox 71 2640 266 2679; x_wconf 86' lang='lat' dir='ltr'>Schlickio</span> <span class='ocrx_word' id='word_1_276' title='bbox 290 2642 406 2680; x_wconf 88' lang='lat' dir='ltr'>Senis</span> <span class='ocrx_word' id='word_1_277' title='bbox 439 2642 667 2681; x_wconf 85' lang='lat' dir='ltr'>acciderunt</span> <span class='ocrx_word' id='word_1_278' title='bbox 688 2674 696 2693; x_wconf 88' lang='lat'>,</span> <span class='ocrx_word' id='word_1_279' title='bbox 714 2646 760 2693; x_wconf 76' lang='lat'>(5)</span> <span class='ocrx_word' id='word_1_280' title='bbox 786 2651 875 2695; x_wconf 89' lang='lat' dir='ltr'>post</span> <span class='ocrx_word' id='word_1_281' title='bbox 898 2647 1031 2696; x_wconf 87' lang='lat' dir='ltr'>plures</span> 
     </span>
     <span class='ocr_line' id='line_1_41' title="bbox 68 2702 1028 2752; baseline 0.005 -12"><span class='ocrx_word' id='word_1_282' title='bbox 68 2702 256 2741; x_wconf 85' lang='lat' dir='ltr'>Saec.XV</span> <span class='ocrx_word' id='word_1_283' title='bbox 267 2702 474 2751; x_wconf 84' lang='lat' dir='ltr'>editiones)</span> <span class='ocrx_word' id='word_1_284' title='bbox 496 2703 1028 2752; x_wconf 78' lang='lat' dir='ltr'>vulgavitV.C.SimonFrid.</span> 
     </span>
     <span class='ocr_line' id='line_1_42' title="bbox 67 2763 1028 2813; baseline 0.004 -11"><span class='ocrx_word' id='word_1_285' title='bbox 67 2763 244 2802; x_wconf 90' lang='lat' dir='ltr'>Hahnius</span> <span class='ocrx_word' id='word_1_286' title='bbox 260 2767 366 2801; x_wconf 89' lang='lat' dir='ltr'>tomo</span> <span class='ocrx_word' id='word_1_287' title='bbox 382 2763 396 2801; x_wconf 95' lang='grc' dir='ltr'>Ι</span> <span class='ocrx_word' id='word_1_288' title='bbox 413 2763 654 2802; x_wconf 85' lang='lat' dir='ltr'>collectionis</span> <span class='ocrx_word' id='word_1_289' title='bbox 669 2772 1028 2813; x_wconf 77' lang='lat' dir='ltr'>monumentorum,</span> 
     </span>
     <span class='ocr_line' id='line_1_43' title="bbox 69 2823 1029 2874; baseline 0.002 -11"><span class='ocrx_word' id='word_1_290' title='bbox 69 2825 276 2863; x_wconf 90' lang='lat' dir='ltr'>Brunsvic.</span> <span class='ocrx_word' id='word_1_291' title='bbox 300 2823 419 2871; x_wconf 73' lang='lat'>4724,</span> <span class='ocrx_word' id='word_1_292' title='bbox 445 2824 468 2861; x_wconf 91' lang='grc'>8</span> <span class='ocrx_word' id='word_1_293' title='bbox 488 2823 557 2861; x_wconf 89' lang='lat' dir='ltr'>sed</span> <span class='ocrx_word' id='word_1_294' title='bbox 591 2825 767 2874; x_wconf 89' lang='lat' dir='ltr'>vulgavit</span> <span class='ocrx_word' id='word_1_295' title='bbox 796 2827 1029 2866; x_wconf 82' lang='lat' dir='ltr'>Germanice</span> 
     </span>
     <span class='ocr_line' id='line_1_44' title="bbox 68 2884 1024 2936; baseline 0.001 -12"><span class='ocrx_word' id='word_1_296' title='bbox 68 2896 147 2924; x_wconf 91' lang='lat' dir='ltr'>non</span> <span class='ocrx_word' id='word_1_297' title='bbox 168 2886 316 2924; x_wconf 83' lang='lat' dir='ltr'>Latine.</span> <span class='ocrx_word' id='word_1_298' title='bbox 340 2885 425 2934; x_wconf 82' lang='lat' dir='ltr'>(Ex</span> <span class='ocrx_word' id='word_1_299' title='bbox 439 2889 466 2922; x_wconf 92' lang='lat' dir='ltr'>t.</span> <span class='ocrx_word' id='word_1_300' title='bbox 483 2885 515 2923; x_wconf 93' lang='lat' dir='ltr'>V</span> <span class='ocrx_word' id='word_1_301' title='bbox 533 2914 540 2933; x_wconf 88' lang='lat'>,</span> <span class='ocrx_word' id='word_1_302' title='bbox 561 2884 625 2923; x_wconf 85' lang='lat' dir='ltr'>ubi</span> <span class='ocrx_word' id='word_1_303' title='bbox 642 2886 753 2923; x_wconf 82' lang='lat' dir='ltr'>PIUS</span> <span class='ocrx_word' id='word_1_304' title='bbox 778 2887 1024 2936; x_wconf 80' lang='lat' dir='ltr'>Secundus).</span> 
     </span>
    </p>

    <p class='ocr_par' dir='ltr' id='par_1_9' title="bbox 65 2945 1029 3118">
     <span class='ocr_line' id='line_1_45' title="bbox 119 2945 1029 2987; baseline 0.003 -3"><span class='ocrx_word' id='word_1_305' title='bbox 119 2947 140 2969; x_wconf 79' lang='lat'><em>*</em></span> <span class='ocrx_word' id='word_1_306' title='bbox 165 2947 204 2986; x_wconf 92' lang='lat' dir='ltr'>Si</span> <span class='ocrx_word' id='word_1_307' title='bbox 226 2947 263 2984; x_wconf 91' lang='lat' dir='ltr'>in</span> <span class='ocrx_word' id='word_1_308' title='bbox 284 2945 563 2984; x_wconf 81' lang='lat' dir='ltr'>additamentis</span> <span class='ocrx_word' id='word_1_309' title='bbox 587 2946 634 2984; x_wconf 88' lang='lat' dir='ltr'>ad</span> <span class='ocrx_word' id='word_1_310' title='bbox 656 2946 856 2985; x_wconf 83' lang='lat' dir='ltr'>historiam</span> <span class='ocrx_word' id='word_1_311' title='bbox 881 2948 1029 2987; x_wconf 78' lang='lat' dir='ltr'>littera-</span> 
     </span>
     <span class='ocr_line' id='line_1_46' title="bbox 65 3006 1024 3057; baseline 0.003 -13"><span class='ocrx_word' id='word_1_312' title='bbox 65 3008 163 3046; x_wconf 86' lang='lat' dir='ltr'>riam</span> <span class='ocrx_word' id='word_1_313' title='bbox 184 3006 341 3046; x_wconf 84' lang='lat' dir='ltr'>Aeneae</span> <span class='ocrx_word' id='word_1_314' title='bbox 365 3007 488 3056; x_wconf 70' lang='lat' dir='ltr'>Sylvii</span> <span class='ocrx_word' id='word_1_315' title='bbox 510 3007 663 3053; x_wconf 70' lang='lat' dir='ltr'>longius</span> <span class='ocrx_word' id='word_1_316' title='bbox 678 3019 886 3046; x_wconf 76' lang='lat' dir='ltr'>excurrero</span> <span class='ocrx_word' id='word_1_317' title='bbox 906 3020 1024 3057; x_wconf 83' lang='lat' dir='ltr'>quain</span> 
     </span>
     <span class='ocr_line' id='line_1_47' title="bbox 66 3068 1025 3118; baseline 0.002 -12"><span class='ocrx_word' id='word_1_318' title='bbox 66 3079 136 3118; x_wconf 89' lang='lat' dir='ltr'>pro</span> <span class='ocrx_word' id='word_1_319' title='bbox 178 3068 337 3107; x_wconf 92' lang='lat' dir='ltr'>modulo</span> <span class='ocrx_word' id='word_1_320' title='bbox 372 3069 594 3118; x_wconf 81' lang='lat' dir='ltr'>scriptionis</span> <span class='ocrx_word' id='word_1_321' title='bbox 628 3069 823 3118; x_wconf 77' lang='lat' dir='ltr'>huiusce,</span> <span class='ocrx_word' id='word_1_322' title='bbox 868 3071 1025 3108; x_wconf 88' lang='lat' dir='ltr'>veniam</span> 
     </span>
    </p>
   </div>
   <div class='ocr_carea' id='block_1_9' title="bbox 62 3170 1025 3360">
    <p class='ocr_par' dir='ltr' id='par_1_10' title="bbox 120 3170 682 3212">
     <span class='ocr_line' id='line_1_48' title="bbox 120 3170 682 3212; baseline 0 -7"><span class='ocrx_word' id='word_1_323' title='bbox 120 3170 168 3212; x_wconf 73' lang='lat' dir='ltr'>n)</span> <span class='ocrx_word' id='word_1_324' title='bbox 191 3175 272 3204; x_wconf 79' lang='lat' dir='ltr'>Acta</span> <span class='ocrx_word' id='word_1_325' title='bbox 289 3173 391 3207; x_wconf 82' lang='lat' dir='ltr'>Erud.</span> <span class='ocrx_word' id='word_1_326' title='bbox 411 3173 491 3204; x_wconf 84' lang='grc'>1750</span> <span class='ocrx_word' id='word_1_327' title='bbox 513 3180 586 3212; x_wconf 81' lang='lat' dir='ltr'>pag.</span> <span class='ocrx_word' id='word_1_328' title='bbox 610 3173 682 3206; x_wconf 83' lang='grc'>567.</span> 
     </span>
    </p>

    <p class='ocr_par' dir='ltr' id='par_1_11' title="bbox 62 3219 1025 3360">
     <span class='ocr_line' id='line_1_49' title="bbox 119 3219 1025 3262; baseline 0.003 -11"><span class='ocrx_word' id='word_1_329' title='bbox 119 3219 169 3261; x_wconf 80' lang='lat' dir='ltr'>b)</span> <span class='ocrx_word' id='word_1_330' title='bbox 185 3221 267 3253; x_wconf 83' lang='lat' dir='ltr'>Vide</span> <span class='ocrx_word' id='word_1_331' title='bbox 284 3223 426 3254; x_wconf 86' lang='lat' dir='ltr'>notitam</span> <span class='ocrx_word' id='word_1_332' title='bbox 449 3221 675 3253; x_wconf 82' lang='lat' dir='ltr'>Bibliothecae</span> <span class='ocrx_word' id='word_1_333' title='bbox 698 3222 933 3254; x_wconf 80' lang='lat' dir='ltr'>Thorunicnsis</span> <span class='ocrx_word' id='word_1_334' title='bbox 950 3231 1025 3262; x_wconf 82' lang='lat' dir='ltr'>pag.</span> 
     </span>
     <span class='ocr_line' id='line_1_50' title="bbox 62 3267 1022 3311; baseline 0.004 -13"><span class='ocrx_word' id='word_1_335' title='bbox 62 3267 104 3300; x_wconf 70' lang='lat'>20</span> <span class='ocrx_word' id='word_1_336' title='bbox 119 3267 161 3301; x_wconf 79' lang='lat' dir='ltr'>de</span> <span class='ocrx_word' id='word_1_337' title='bbox 186 3269 252 3301; x_wconf 80' lang='lat' dir='ltr'>alia</span> <span class='ocrx_word' id='word_1_338' title='bbox 278 3270 419 3302; x_wconf 82' lang='lat' dir='ltr'>historia</span> <span class='ocrx_word' id='word_1_339' title='bbox 441 3269 482 3301; x_wconf 85' lang='lat' dir='ltr'>de</span> <span class='ocrx_word' id='word_1_340' title='bbox 514 3272 653 3309; x_wconf 69' lang='lat' dir='ltr'>Pyrame</span> <span class='ocrx_word' id='word_1_341' title='bbox 676 3275 707 3302; x_wconf 88' lang='lat' dir='ltr'>et</span> <span class='ocrx_word' id='word_1_342' title='bbox 739 3271 877 3307; x_wconf 81' lang='lat' dir='ltr'>Thisbe,</span> <span class='ocrx_word' id='word_1_343' title='bbox 899 3273 1022 3311; x_wconf 78' lang='lat' dir='ltr'>scripta</span> 
     </span>
     <span class='ocr_line' id='line_1_51' title="bbox 67 3318 892 3360; baseline 0.005 -13"><span class='ocrx_word' id='word_1_344' title='bbox 67 3318 214 3350; x_wconf 79' lang='lat' dir='ltr'>leoninis</span> <span class='ocrx_word' id='word_1_345' title='bbox 232 3320 399 3360; x_wconf 81' lang='lat' dir='ltr'>versibus,</span> <span class='ocrx_word' id='word_1_346' title='bbox 417 3319 505 3351; x_wconf 85' lang='lat' dir='ltr'>idem</span> <span class='ocrx_word' id='word_1_347' title='bbox 523 3321 686 3358; x_wconf 62' lang='lat' dir='ltr'>»leyserus</span> <span class='ocrx_word' id='word_1_348' title='bbox 710 3329 783 3360; x_wconf 77' lang='lat' dir='ltr'>pag,</span> <span class='ocrx_word' id='word_1_349' title='bbox 800 3320 892 3351; x_wconf 69' lang='grc'>2085.</span> 
     </span>
    </p>
   </div>
   <div class='ocr_carea' id='block_1_10' title="bbox 1124 326 2083 1043">
    <p class='ocr_par' dir='ltr' id='par_1_12' title="bbox 1124 326 2083 1043">
     <span class='ocr_line' id='line_1_52' title="bbox 1129 326 2082 378; baseline 0.001 -15"><span class='ocrx_word' id='word_1_350' title='bbox 1129 326 1300 375; x_wconf 71' lang='lat' dir='ltr'>prolecto</span> <span class='ocrx_word' id='word_1_351' title='bbox 1324 326 1473 364; x_wconf 81' lang='lat' dir='ltr'>(tabunt</span> <span class='ocrx_word' id='word_1_352' title='bbox 1502 329 1616 378; x_wconf 80' lang='lat' dir='ltr'>aequi</span> <span class='ocrx_word' id='word_1_353' title='bbox 1648 328 1832 375; x_wconf 69' lang='lat' dir='ltr'>les-tores,</span> <span class='ocrx_word' id='word_1_354' title='bbox 1859 330 1925 378; x_wconf 76' lang='lat' dir='ltr'>qui</span> <span class='ocrx_word' id='word_1_355' title='bbox 1959 330 2082 366; x_wconf 79' lang='lat' dir='ltr'>norint</span> 
     </span>
     <span class='ocr_line' id='line_1_53' title="bbox 1129 385 2081 437; baseline 0.004 -15"><span class='ocrx_word' id='word_1_356' title='bbox 1129 385 1287 434; x_wconf 84' lang='lat' dir='ltr'>mejam</span> <span class='ocrx_word' id='word_1_357' title='bbox 1320 386 1407 424; x_wconf 86' lang='lat' dir='ltr'>inde</span> <span class='ocrx_word' id='word_1_358' title='bbox 1431 387 1479 424; x_wconf 83' lang='lat' dir='ltr'>ab</span> <span class='ocrx_word' id='word_1_359' title='bbox 1509 388 1656 437; x_wconf 80' lang='lat' dir='ltr'>aliquot</span> <span class='ocrx_word' id='word_1_360' title='bbox 1677 390 1791 427; x_wconf 84' lang='lat' dir='ltr'>annis</span> <span class='ocrx_word' id='word_1_361' title='bbox 1814 389 2081 427; x_wconf 80' lang='lat' dir='ltr'>collectionem</span> 
     </span>
     <span class='ocr_line' id='line_1_54' title="bbox 1126 448 2082 498; baseline 0.005 -16"><span class='ocrx_word' id='word_1_362' title='bbox 1126 448 1342 485; x_wconf 82' lang='lat' dir='ltr'>orationum</span> <span class='ocrx_word' id='word_1_363' title='bbox 1367 452 1486 497; x_wconf 79' lang='lat' dir='ltr'>atque</span> <span class='ocrx_word' id='word_1_364' title='bbox 1507 449 1719 498; x_wconf 77' lang='lat' dir='ltr'>opellarum</span> <span class='ocrx_word' id='word_1_365' title='bbox 1741 450 1987 498; x_wconf 83' lang='lat' dir='ltr'>quarundam</span> <span class='ocrx_word' id='word_1_366' title='bbox 2008 450 2082 488; x_wconf 79' lang='lat' dir='ltr'>Ae—</span> 
     </span>
     <span class='ocr_line' id='line_1_55' title="bbox 1129 508 2080 558; baseline 0.004 -15"><span class='ocrx_word' id='word_1_367' title='bbox 1129 518 1223 545; x_wconf 84' lang='lat' dir='ltr'>neae</span> <span class='ocrx_word' id='word_1_368' title='bbox 1241 508 1358 546; x_wconf 86' lang='lat' dir='ltr'>huius</span> <span class='ocrx_word' id='word_1_369' title='bbox 1381 519 1429 546; x_wconf 82' lang='lat' dir='ltr'>ex</span> <span class='ocrx_word' id='word_1_370' title='bbox 1451 510 1566 546; x_wconf 81' lang='lat' dir='ltr'>editis</span> <span class='ocrx_word' id='word_1_371' title='bbox 1583 510 1760 558; x_wconf 78' lang='lat' dir='ltr'>plui-ihus</span> <span class='ocrx_word' id='word_1_372' title='bbox 1774 510 2080 556; x_wconf 75' lang='lat' dir='ltr'>collectionibus,</span> 
     </span>
     <span class='ocr_line' id='line_1_56' title="bbox 1128 568 2082 618; baseline 0.002 -14"><span class='ocrx_word' id='word_1_373' title='bbox 1128 577 1163 604; x_wconf 85' lang='lat' dir='ltr'>et</span> <span class='ocrx_word' id='word_1_374' title='bbox 1185 569 1291 607; x_wconf 73' lang='lat' dir='ltr'>MSS.</span> <span class='ocrx_word' id='word_1_375' title='bbox 1302 568 1501 606; x_wconf 87' lang='lat' dir='ltr'>codicibus</span> <span class='ocrx_word' id='word_1_376' title='bbox 1518 575 1718 618; x_wconf 78' lang='lat' dir='ltr'>acceptam</span> <span class='ocrx_word' id='word_1_377' title='bbox 1736 570 1993 610; x_wconf 80' lang='lat' dir='ltr'>meditari.Ex</span> <span class='ocrx_word' id='word_1_378' title='bbox 2013 572 2082 610; x_wconf 74' lang='lat' dir='ltr'>hae</span> 
     </span>
     <span class='ocr_line' id='line_1_57' title="bbox 1130 628 2083 679; baseline 0.004 -15"><span class='ocrx_word' id='word_1_379' title='bbox 1130 630 1272 677; x_wconf 76' lang='lat' dir='ltr'>igitur,</span> <span class='ocrx_word' id='word_1_380' title='bbox 1297 628 1496 678; x_wconf 83' lang='lat' dir='ltr'>quaejam</span> <span class='ocrx_word' id='word_1_381' title='bbox 1527 630 1656 677; x_wconf 79' lang='lat' dir='ltr'>proclo</span> <span class='ocrx_word' id='word_1_382' title='bbox 1678 635 1850 679; x_wconf 84' lang='lat' dir='ltr'>paratam</span> <span class='ocrx_word' id='word_1_383' title='bbox 1875 642 2010 677; x_wconf 78' lang='lat' dir='ltr'>servo,</span> <span class='ocrx_word' id='word_1_384' title='bbox 2039 643 2083 668; x_wconf 88' lang='lat' dir='ltr'>ea</span> 
     </span>
     <span class='ocr_line' id='line_1_58' title="bbox 1127 689 2080 740; baseline 0.005 -15"><span class='ocrx_word' id='word_1_385' title='bbox 1127 701 1336 740; x_wconf 80' lang='lat' dir='ltr'>excerpam</span> <span class='ocrx_word' id='word_1_386' title='bbox 1377 700 1478 738; x_wconf 90' lang='lat' dir='ltr'>quac</span> <span class='ocrx_word' id='word_1_387' title='bbox 1526 689 1599 726; x_wconf 86' lang='lat' dir='ltr'>huc</span> <span class='ocrx_word' id='word_1_388' title='bbox 1634 691 1809 727; x_wconf 78' lang='lat' dir='ltr'>conferre</span> <span class='ocrx_word' id='word_1_389' title='bbox 1842 691 2080 740; x_wconf 78' lang='lat' dir='ltr'>judicavero.</span> 
     </span>
     <span class='ocr_line' id='line_1_59' title="bbox 1127 750 2083 790; baseline 0 -2"><span class='ocrx_word' id='word_1_390' title='bbox 1127 751 1180 788; x_wconf 89' lang='lat' dir='ltr'>Pii</span> <span class='ocrx_word' id='word_1_391' title='bbox 1197 751 1242 788; x_wconf 91' lang='lat'>11.</span> <span class='ocrx_word' id='word_1_392' title='bbox 1265 751 1465 788; x_wconf 88' lang='lat' dir='ltr'>orationes</span> <span class='ocrx_word' id='word_1_393' title='bbox 1492 760 1567 786; x_wconf 92' lang='lat' dir='ltr'>non</span> <span class='ocrx_word' id='word_1_394' title='bbox 1592 750 1675 786; x_wconf 86' lang='lat' dir='ltr'>illas</span> <span class='ocrx_word' id='word_1_395' title='bbox 1691 761 1827 787; x_wconf 74' lang='lat' dir='ltr'>omnes</span> <span class='ocrx_word' id='word_1_396' title='bbox 1844 758 2083 790; x_wconf 85' lang='lat' dir='ltr'>tantummo-</span> 
     </span>
     <span class='ocr_line' id='line_1_60' title="bbox 1126 809 2081 863; baseline 0.002 -15"><span class='ocrx_word' id='word_1_397' title='bbox 1126 811 1175 848; x_wconf 88' lang='lat' dir='ltr'>do</span> <span class='ocrx_word' id='word_1_398' title='bbox 1199 821 1368 859; x_wconf 88' lang='lat' dir='ltr'>quarum</span> <span class='ocrx_word' id='word_1_399' title='bbox 1393 809 1559 847; x_wconf 87' lang='lat' dir='ltr'>indicem</span> <span class='ocrx_word' id='word_1_400' title='bbox 1581 809 1687 847; x_wconf 86' lang='lat' dir='ltr'>(ledit</span> <span class='ocrx_word' id='word_1_401' title='bbox 1705 812 2081 863; x_wconf 75' lang='lat' dir='ltr'>Murat01·ius,atque</span> 
     </span>
     <span class='ocr_line' id='line_1_61' title="bbox 1127 870 2083 923; baseline 0.001 -15"><span class='ocrx_word' id='word_1_402' title='bbox 1127 871 1187 908; x_wconf 89' lang='lat' dir='ltr'>liic</span> <span class='ocrx_word' id='word_1_403' title='bbox 1212 881 1234 908; x_wconf 88' lang='lat' dir='ltr'>a</span> <span class='ocrx_word' id='word_1_404' title='bbox 1258 870 1430 908; x_wconf 85' lang='lat' dir='ltr'>Fabricio</span> <span class='ocrx_word' id='word_1_405' title='bbox 1456 870 1689 917; x_wconf 69' lang='lat' dir='ltr'>indicantur,</span> <span class='ocrx_word' id='word_1_406' title='bbox 1704 871 1769 908; x_wconf 77' lang='lat' dir='ltr'>sed</span> <span class='ocrx_word' id='word_1_407' title='bbox 1788 877 1825 908; x_wconf 86' lang='lat' dir='ltr'>et</span> <span class='ocrx_word' id='word_1_408' title='bbox 1842 873 1936 911; x_wconf 83' lang='lat' dir='ltr'>alias</span> <span class='ocrx_word' id='word_1_409' title='bbox 1952 875 2083 923; x_wconf 74' lang='lat' dir='ltr'>plures</span> 
     </span>
     <span class='ocr_line' id='line_1_62' title="bbox 1127 931 2080 975; baseline 0.004 -7"><span class='ocrx_word' id='word_1_410' title='bbox 1127 933 1165 968; x_wconf 91' lang='lat' dir='ltr'>in</span> <span class='ocrx_word' id='word_1_411' title='bbox 1187 942 1314 969; x_wconf 87' lang='lat' dir='ltr'>meam</span> <span class='ocrx_word' id='word_1_412' title='bbox 1331 931 1605 969; x_wconf 85' lang='lat' dir='ltr'>collectionem</span> <span class='ocrx_word' id='word_1_413' title='bbox 1632 932 1781 975; x_wconf 65' lang='lat' dir='ltr'>invexi,</span> <span class='ocrx_word' id='word_1_414' title='bbox 1802 932 1944 971; x_wconf 83' lang='lat' dir='ltr'>additis</span> <span class='ocrx_word' id='word_1_415' title='bbox 1959 945 1979 969; x_wconf 87' lang='lat' dir='ltr'>e</span> <span class='ocrx_word' id='word_1_416' title='bbox 1997 946 2080 972; x_wconf 80' lang='lat' dir='ltr'>meo</span> 
     </span>
     <span class='ocr_line' id='line_1_63' title="bbox 1124 991 2078 1043; baseline 0.003 -14"><span class='ocrx_word' id='word_1_417' title='bbox 1124 996 1249 1029; x_wconf 85' lang='lat' dir='ltr'>marte</span> <span class='ocrx_word' id='word_1_418' title='bbox 1265 991 1660 1032; x_wconf 77' lang='lat' dir='ltr'>adnotationibusEn</span> <span class='ocrx_word' id='word_1_419' title='bbox 1680 993 1831 1031; x_wconf 87' lang='lat' dir='ltr'>illarum</span> <span class='ocrx_word' id='word_1_420' title='bbox 1848 994 2078 1043; x_wconf 77' lang='lat' dir='ltr'>catalogum.</span> 
     </span>
    </p>
   </div>
   <div class='ocr_carea' id='block_1_11' title="bbox 1102 1112 2080 3352">
    <p class='ocr_par' dir='ltr' id='par_1_13' title="bbox 1125 1112 2080 1408">
     <span class='ocr_line' id='line_1_64' title="bbox 1125 1112 2080 1166; baseline 0.002 -16"><span class='ocrx_word' id='word_1_421' title='bbox 1125 1115 1138 1150; x_wconf 89' lang='grc'>4</span> <span class='ocrx_word' id='word_1_422' title='bbox 1183 1113 1330 1152; x_wconf 78' lang='lat' dir='ltr'>Coram</span> <span class='ocrx_word' id='word_1_423' title='bbox 1356 1112 1545 1152; x_wconf 76' lang='lat' dir='ltr'>Patribus</span> <span class='ocrx_word' id='word_1_424' title='bbox 1581 1113 1866 1154; x_wconf 80' lang='lat' dir='ltr'>Basiliensibus</span> <span class='ocrx_word' id='word_1_425' title='bbox 1903 1126 1977 1166; x_wconf 82' lang='lat' dir='ltr'>pro</span> <span class='ocrx_word' id='word_1_426' title='bbox 2016 1114 2080 1152; x_wconf 86' lang='lat' dir='ltr'>eli-</span> 
     </span>
     <span class='ocr_line' id='line_1_65' title="bbox 1168 1173 2080 1226; baseline 0.002 -14"><span class='ocrx_word' id='word_1_427' title='bbox 1168 1174 1292 1224; x_wconf 71' lang='lat' dir='ltr'>qenclo</span> <span class='ocrx_word' id='word_1_428' title='bbox 1314 1173 1393 1212; x_wconf 84' lang='lat' dir='ltr'>loco</span> <span class='ocrx_word' id='word_1_429' title='bbox 1421 1174 1557 1226; x_wconf 80' lang='lat' dir='ltr'>futuri</span> <span class='ocrx_word' id='word_1_430' title='bbox 1576 1174 1749 1214; x_wconf 82' lang='lat' dir='ltr'>Concilii.</span> <span class='ocrx_word' id='word_1_431' title='bbox 1783 1176 1931 1214; x_wconf 84' lang='lat' dir='ltr'>Laudat</span> <span class='ocrx_word' id='word_1_432' title='bbox 1956 1177 2080 1214; x_wconf 76' lang='lat' dir='ltr'>Mura-</span> 
     </span>
     <span class='ocr_line' id='line_1_66' title="bbox 1171 1236 2077 1288; baseline 0.001 -15"><span class='ocrx_word' id='word_1_433' title='bbox 1171 1237 1312 1274; x_wconf 90' lang='lat' dir='ltr'>torius.</span> <span class='ocrx_word' id='word_1_434' title='bbox 1338 1236 1407 1274; x_wconf 88' lang='lat' dir='ltr'>sed</span> <span class='ocrx_word' id='word_1_435' title='bbox 1433 1236 1640 1286; x_wconf 89' lang='lat' dir='ltr'>hucusque</span> <span class='ocrx_word' id='word_1_436' title='bbox 1657 1237 1770 1275; x_wconf 85' lang='lat' dir='ltr'>latuit</span> <span class='ocrx_word' id='word_1_437' title='bbox 1794 1238 2077 1288; x_wconf 84' lang='lat' dir='ltr'>manuscripta:</span> 
     </span>
     <span class='ocr_line' id='line_1_67' title="bbox 1169 1298 2077 1349; baseline 0.002 -15"><span class='ocrx_word' id='word_1_438' title='bbox 1169 1308 1239 1346; x_wconf 81' lang='lat' dir='ltr'>ego</span> <span class='ocrx_word' id='word_1_439' title='bbox 1276 1298 1448 1347; x_wconf 86' lang='lat' dir='ltr'>primum</span> <span class='ocrx_word' id='word_1_440' title='bbox 1477 1309 1562 1336; x_wconf 86' lang='lat' dir='ltr'>eam</span> <span class='ocrx_word' id='word_1_441' title='bbox 1600 1298 1763 1349; x_wconf 71' lang='lat' dir='ltr'>vulgavi</span> <span class='ocrx_word' id='word_1_442' title='bbox 1801 1300 1839 1336; x_wconf 91' lang='lat' dir='ltr'>in</span> <span class='ocrx_word' id='word_1_443' title='bbox 1877 1299 2077 1337; x_wconf 75' lang='lat' dir='ltr'>volumine</span> 
     </span>
     <span class='ocr_line' id='line_1_68' title="bbox 1171 1359 1807 1408; baseline 0 -12"><span class='ocrx_word' id='word_1_444' title='bbox 1171 1359 1231 1396; x_wconf 86' lang='lat' dir='ltr'>lV.</span> <span class='ocrx_word' id='word_1_445' title='bbox 1264 1360 1390 1408; x_wconf 87' lang='lat' dir='ltr'>suppl.</span> <span class='ocrx_word' id='word_1_446' title='bbox 1423 1360 1498 1396; x_wconf 87' lang='lat' dir='ltr'>mei</span> <span class='ocrx_word' id='word_1_447' title='bbox 1528 1359 1807 1397; x_wconf 76' lang='lat' dir='ltr'>Conciliorum:</span> 
     </span>
    </p>

    <p class='ocr_par' dir='ltr' id='par_1_14' title="bbox 1115 1419 2074 1593">
     <span class='ocr_line' id='line_1_69' title="bbox 1115 1419 2071 1459; baseline 0 -2"><span class='ocrx_word' id='word_1_448' title='bbox 1115 1421 1136 1457; x_wconf 74' lang='lat'><strong>2</strong></span> <span class='ocrx_word' id='word_1_449' title='bbox 1185 1419 1320 1457; x_wconf 82' lang='lat' dir='ltr'>Oratio</span> <span class='ocrx_word' id='word_1_450' title='bbox 1346 1419 1384 1457; x_wconf 87' lang='lat' dir='ltr'>in</span> <span class='ocrx_word' id='word_1_451' title='bbox 1408 1421 1452 1457; x_wconf 92' lang='lat' dir='ltr'>D.</span> <span class='ocrx_word' id='word_1_452' title='bbox 1473 1419 1676 1458; x_wconf 73' lang='lat' dir='ltr'>Ambrosii</span> <span class='ocrx_word' id='word_1_453' title='bbox 1691 1419 1928 1459; x_wconf 75' lang='lat' dir='ltr'>celebritate.</span> <span class='ocrx_word' id='word_1_454' title='bbox 1947 1423 2071 1459; x_wconf 80' lang='lat' dir='ltr'>Latuit</span> 
     </span>
     <span class='ocr_line' id='line_1_70' title="bbox 1165 1481 2074 1531; baseline -0.001 -12"><span class='ocrx_word' id='word_1_455' title='bbox 1165 1482 1439 1528; x_wconf 76' lang='lat' dir='ltr'>Muratoriuni;</span> <span class='ocrx_word' id='word_1_456' title='bbox 1470 1493 1540 1531; x_wconf 87' lang='lat' dir='ltr'>ego</span> <span class='ocrx_word' id='word_1_457' title='bbox 1569 1481 1657 1519; x_wconf 88' lang='lat' dir='ltr'>dedi</span> <span class='ocrx_word' id='word_1_458' title='bbox 1695 1482 1731 1519; x_wconf 92' lang='lat' dir='ltr'>in</span> <span class='ocrx_word' id='word_1_459' title='bbox 1773 1486 1864 1519; x_wconf 88' lang='lat' dir='ltr'>tom.</span> <span class='ocrx_word' id='word_1_460' title='bbox 1896 1483 1939 1519; x_wconf 72' lang='grc' dir='ltr'>Υ.</span> <span class='ocrx_word' id='word_1_461' title='bbox 1971 1493 2074 1520; x_wconf 87' lang='lat' dir='ltr'>inco—</span> 
     </span>
     <span class='ocr_line' id='line_1_71' title="bbox 1166 1543 1661 1593; baseline 0 -13"><span class='ocrx_word' id='word_1_462' title='bbox 1166 1554 1254 1581; x_wconf 89' lang='lat' dir='ltr'>rum</span> <span class='ocrx_word' id='word_1_463' title='bbox 1284 1543 1661 1593; x_wconf 85' lang='lat' dir='ltr'>supplementorum.</span> 
     </span>
    </p>

    <p class='ocr_par' dir='ltr' id='par_1_15' title="bbox 1114 1601 2072 1714">
     <span class='ocr_line' id='line_1_72' title="bbox 1114 1601 2072 1654; baseline 0 -13"><span class='ocrx_word' id='word_1_464' title='bbox 1114 1605 1136 1641; x_wconf 87' lang='grc'><strong>3</strong></span> <span class='ocrx_word' id='word_1_465' title='bbox 1180 1602 1316 1642; x_wconf 82' lang='lat' dir='ltr'>Oratio</span> <span class='ocrx_word' id='word_1_466' title='bbox 1339 1602 1394 1640; x_wconf 79' lang='lat' dir='ltr'>acl</span> <span class='ocrx_word' id='word_1_467' title='bbox 1409 1601 1563 1652; x_wconf 86' lang='lat' dir='ltr'>plebem</span> <span class='ocrx_word' id='word_1_468' title='bbox 1582 1603 1628 1641; x_wconf 83' lang='lat' dir='ltr'>cle</span> <span class='ocrx_word' id='word_1_469' title='bbox 1653 1604 1837 1654; x_wconf 74' lang='lat' dir='ltr'>Haspaclz</span> <span class='ocrx_word' id='word_1_470' title='bbox 1868 1604 2072 1654; x_wconf 80' lang='lat' dir='ltr'>hucusque</span> 
     </span>
     <span class='ocr_line' id='line_1_73' title="bbox 1167 1663 1781 1714; baseline 0 -12"><span class='ocrx_word' id='word_1_471' title='bbox 1167 1663 1340 1711; x_wconf 59' lang='lat' dir='ltr'>inedita}</span> <span class='ocrx_word' id='word_1_472' title='bbox 1371 1663 1440 1702; x_wconf 86' lang='lat' dir='ltr'>sed</span> <span class='ocrx_word' id='word_1_473' title='bbox 1470 1664 1650 1714; x_wconf 86' lang='lat' dir='ltr'>pluribus</span> <span class='ocrx_word' id='word_1_474' title='bbox 1679 1670 1781 1702; x_wconf 87' lang='lat' dir='ltr'>nota.</span> 
     </span>
    </p>

    <p class='ocr_par' dir='ltr' id='par_1_16' title="bbox 1115 1724 2071 1898">
     <span class='ocr_line' id='line_1_74' title="bbox 1115 1724 2071 1764; baseline 0.002 -2"><span class='ocrx_word' id='word_1_475' title='bbox 1115 1726 1136 1762; x_wconf 90' lang='lat'><strong>4</strong></span> <span class='ocrx_word' id='word_1_476' title='bbox 1181 1726 1260 1762; x_wconf 89' lang='lat' dir='ltr'>Pro</span> <span class='ocrx_word' id='word_1_477' title='bbox 1283 1724 1527 1764; x_wconf 82' lang='lat' dir='ltr'>restituenda</span> <span class='ocrx_word' id='word_1_478' title='bbox 1549 1725 1836 1763; x_wconf 77' lang='lat' dir='ltr'>Germanorum</span> <span class='ocrx_word' id='word_1_479' title='bbox 1860 1725 2071 1764; x_wconf 77' lang='lat' dir='ltr'>obedientia</span> 
     </span>
     <span class='ocr_line' id='line_1_75' title="bbox 1165 1786 2071 1837; baseline 0 -13"><span class='ocrx_word' id='word_1_480' title='bbox 1165 1787 1273 1824; x_wconf 87' lang='lat' dir='ltr'>Pont.</span> <span class='ocrx_word' id='word_1_481' title='bbox 1298 1786 1472 1837; x_wconf 69' lang='lat' dir='ltr'>Euqenio</span> <span class='ocrx_word' id='word_1_482' title='bbox 1496 1786 1519 1823; x_wconf 91' lang='grc' dir='ltr'><em>Ι</em></span> <span class='ocrx_word' id='word_1_483' title='bbox 1522 1788 1559 1825; x_wconf 85' lang='lat' dir='ltr'>V.</span> <span class='ocrx_word' id='word_1_484' title='bbox 1589 1798 1638 1824; x_wconf 83' lang='lat' dir='ltr'>ex</span> <span class='ocrx_word' id='word_1_485' title='bbox 1659 1786 1763 1824; x_wconf 85' lang='lat' dir='ltr'>edito</span> <span class='ocrx_word' id='word_1_486' title='bbox 1786 1789 1970 1825; x_wconf 82' lang='lat' dir='ltr'>Martenis</span> <span class='ocrx_word' id='word_1_487' title='bbox 1995 1794 2071 1825; x_wconf 71' lang='lat' dir='ltr'>vet.</span> 
     </span>
     <span class='ocr_line' id='line_1_76' title="bbox 1169 1849 1836 1898; baseline 0.001 -14"><span class='ocrx_word' id='word_1_488' title='bbox 1169 1858 1345 1886; x_wconf 86' lang='lat' dir='ltr'>monum.</span> <span class='ocrx_word' id='word_1_489' title='bbox 1375 1852 1470 1885; x_wconf 85' lang='lat' dir='ltr'>tom.</span> <span class='ocrx_word' id='word_1_490' title='bbox 1501 1849 1601 1886; x_wconf 90' lang='lat' dir='ltr'>Vlll.</span> <span class='ocrx_word' id='word_1_491' title='bbox 1632 1859 1717 1898; x_wconf 83' lang='lat' dir='ltr'>pag.</span> <span class='ocrx_word' id='word_1_492' title='bbox 1749 1849 1836 1886; x_wconf 90' lang='grc'>980.</span> 
     </span>
    </p>

    <p class='ocr_par' dir='ltr' id='par_1_17' title="bbox 1113 1907 2072 2009">
     <span class='ocr_line' id='line_1_77' title="bbox 1113 1907 2072 1958; baseline -0.001 -12"><span class='ocrx_word' id='word_1_493' title='bbox 1113 1911 1135 1946; x_wconf 65' lang='grc' dir='ltr'>Γ)</span> <span class='ocrx_word' id='word_1_494' title='bbox 1178 1907 1241 1946; x_wconf 76' lang='lat' dir='ltr'>Ad</span> <span class='ocrx_word' id='word_1_495' title='bbox 1262 1907 1571 1947; x_wconf 64' lang='lat' dir='ltr'>illediolanenses</span> <span class='ocrx_word' id='word_1_496' title='bbox 1588 1908 1795 1958; x_wconf 83' lang='lat' dir='ltr'>hucusque</span> <span class='ocrx_word' id='word_1_497' title='bbox 1814 1909 1975 1955; x_wconf 71' lang='lat' dir='ltr'>inedita,</span> <span class='ocrx_word' id='word_1_498' title='bbox 1997 1915 2031 1945; x_wconf 78' lang='lat' dir='ltr'>st</span> <span class='ocrx_word' id='word_1_499' title='bbox 2051 1923 2072 1946; x_wconf 84' lang='lat' dir='ltr'>a</span> 
     </span>
     <span class='ocr_line' id='line_1_78' title="bbox 1164 1968 1583 2009; baseline -0.007 0"><span class='ocrx_word' id='word_1_500' title='bbox 1164 1971 1372 2009; x_wconf 85' lang='lat' dir='ltr'>Muratorio</span> <span class='ocrx_word' id='word_1_501' title='bbox 1404 1968 1583 2008; x_wconf 86' lang='lat' dir='ltr'>indicata.</span> 
     </span>
    </p>

    <p class='ocr_par' dir='ltr' id='par_1_18' title="bbox 1110 2029 2070 2192">
     <span class='ocr_line' id='line_1_79' title="bbox 1110 2029 2068 2082; baseline -0.001 -15"><span class='ocrx_word' id='word_1_502' title='bbox 1110 2032 1132 2067; x_wconf 88' lang='grc'>6</span> <span class='ocrx_word' id='word_1_503' title='bbox 1174 2030 1237 2069; x_wconf 82' lang='lat' dir='ltr'>Ad</span> <span class='ocrx_word' id='word_1_504' title='bbox 1255 2030 1497 2082; x_wconf 78' lang='lat' dir='ltr'>Alphonsum</span> <span class='ocrx_word' id='word_1_505' title='bbox 1519 2029 1565 2068; x_wconf 85' lang='lat' dir='ltr'>de</span> <span class='ocrx_word' id='word_1_506' title='bbox 1597 2029 1786 2067; x_wconf 77' lang='lat' dir='ltr'>connubio</span> <span class='ocrx_word' id='word_1_507' title='bbox 1811 2029 2007 2068; x_wconf 75' lang='lat' dir='ltr'>Friclerici</span> <span class='ocrx_word' id='word_1_508' title='bbox 2034 2034 2068 2066; x_wconf 77' lang='lat' dir='ltr'>et</span> 
     </span>
     <span class='ocr_line' id='line_1_80' title="bbox 1161 2090 2070 2130; baseline -0.003 0"><span class='ocrx_word' id='word_1_509' title='bbox 1161 2092 1197 2130; x_wconf 88' lang='lat' dir='ltr'><em>E</em></span> <span class='ocrx_word' id='word_1_510' title='bbox 1200 2090 1389 2130; x_wconf 82' lang='lat' dir='ltr'>leonorae.</span> <span class='ocrx_word' id='word_1_511' title='bbox 1401 2090 1526 2130; x_wconf 81' lang='lat' dir='ltr'>Habet</span> <span class='ocrx_word' id='word_1_512' title='bbox 1534 2090 1731 2129; x_wconf 85' lang='lat' dir='ltr'>Freherus</span> <span class='ocrx_word' id='word_1_513' title='bbox 1747 2092 1892 2129; x_wconf 85' lang='lat' dir='ltr'>Rerum</span> <span class='ocrx_word' id='word_1_514' title='bbox 1909 2091 2070 2129; x_wconf 83' lang='lat' dir='ltr'>Germa-</span> 
     </span>
     <span class='ocr_line' id='line_1_81' title="bbox 1163 2153 1546 2192; baseline -0.008 0"><span class='ocrx_word' id='word_1_515' title='bbox 1163 2155 1340 2192; x_wconf 85' lang='lat' dir='ltr'>nicarum</span> <span class='ocrx_word' id='word_1_516' title='bbox 1369 2155 1478 2191; x_wconf 77' lang='lat' dir='ltr'>Toni.</span> <span class='ocrx_word' id='word_1_517' title='bbox 1500 2153 1546 2190; x_wconf 92' lang='grc'>11.</span> 
     </span>
    </p>

    <p class='ocr_par' dir='ltr' id='par_1_19' title="bbox 1109 2212 2070 2446">
     <span class='ocr_line' id='line_1_82' title="bbox 1109 2212 2070 2263; baseline -0.006 -11"><span class='ocrx_word' id='word_1_518' title='bbox 1109 2215 1131 2252; x_wconf 89' lang='grc'>7</span> <span class='ocrx_word' id='word_1_519' title='bbox 1176 2214 1239 2253; x_wconf 67' lang='lat' dir='ltr'>Aa</span> <span class='ocrx_word' id='word_1_520' title='bbox 1261 2213 1465 2253; x_wconf 76' lang='lat' dir='ltr'>Nicolaum</span> <span class='ocrx_word' id='word_1_521' title='bbox 1489 2215 1527 2252; x_wconf 65' lang='grc' dir='ltr'>Γ.</span> <span class='ocrx_word' id='word_1_522' title='bbox 1546 2223 1623 2263; x_wconf 80' lang='lat' dir='ltr'>pro</span> <span class='ocrx_word' id='word_1_523' title='bbox 1649 2212 1839 2251; x_wconf 77' lang='lat' dir='ltr'>Caesaris</span> <span class='ocrx_word' id='word_1_524' title='bbox 1853 2213 2070 2250; x_wconf 76' lang='lat' dir='ltr'>coronatio-</span> 
     </span>
     <span class='ocr_line' id='line_1_83' title="bbox 1161 2273 2068 2321; baseline -0.002 -8"><span class='ocrx_word' id='word_1_525' title='bbox 1161 2287 1219 2314; x_wconf 85' lang='lat' dir='ltr'>ne.</span> <span class='ocrx_word' id='word_1_526' title='bbox 1239 2277 1363 2314; x_wconf 87' lang='lat' dir='ltr'>Datur</span> <span class='ocrx_word' id='word_1_527' title='bbox 1386 2288 1434 2314; x_wconf 77' lang='lat' dir='ltr'>ex</span> <span class='ocrx_word' id='word_1_528' title='bbox 1455 2276 1531 2314; x_wconf 78' lang='lat' dir='ltr'>MS.</span> <span class='ocrx_word' id='word_1_529' title='bbox 1553 2274 1637 2312; x_wconf 89' lang='lat' dir='ltr'>cod.</span> <span class='ocrx_word' id='word_1_530' title='bbox 1662 2275 1848 2321; x_wconf 83' lang='lat' dir='ltr'>Luce-nsi,</span> <span class='ocrx_word' id='word_1_531' title='bbox 1879 2277 1918 2310; x_wconf 86' lang='lat' dir='ltr'>et</span> <span class='ocrx_word' id='word_1_532' title='bbox 1947 2273 1995 2311; x_wconf 88' lang='lat' dir='ltr'>ab</span> <span class='ocrx_word' id='word_1_533' title='bbox 2024 2284 2068 2311; x_wconf 84' lang='lat' dir='ltr'>ca</span> 
     </span>
     <span class='ocr_line' id='line_1_84' title="bbox 1163 2333 2066 2388; baseline -0.003 -14"><span class='ocrx_word' id='word_1_534' title='bbox 1163 2337 1377 2388; x_wconf 89' lang='lat' dir='ltr'>plurimum</span> <span class='ocrx_word' id='word_1_535' title='bbox 1406 2336 1602 2386; x_wconf 81' lang='lat' dir='ltr'>discrepat</span> <span class='ocrx_word' id='word_1_536' title='bbox 1619 2364 1627 2378; x_wconf 77' lang='grc'>,</span> <span class='ocrx_word' id='word_1_537' title='bbox 1651 2346 1771 2384; x_wconf 83' lang='lat' dir='ltr'>quam</span> <span class='ocrx_word' id='word_1_538' title='bbox 1797 2333 1991 2372; x_wconf 82' lang='lat' dir='ltr'>Frelierus</span> <span class='ocrx_word' id='word_1_539' title='bbox 2020 2346 2066 2372; x_wconf 79' lang='lat' dir='ltr'>ex</span> 
     </span>
     <span class='ocr_line' id='line_1_85' title="bbox 1161 2395 1768 2446; baseline -0.007 -11"><span class='ocrx_word' id='word_1_540' title='bbox 1161 2397 1452 2437; x_wconf 67' lang='lat' dir='ltr'>Yindolmnensi</span> <span class='ocrx_word' id='word_1_541' title='bbox 1482 2395 1565 2434; x_wconf 89' lang='lat' dir='ltr'>cod.</span> <span class='ocrx_word' id='word_1_542' title='bbox 1596 2395 1768 2446; x_wconf 82' lang='lat' dir='ltr'>protulit.</span> 
     </span>
    </p>

    <p class='ocr_par' dir='ltr' id='par_1_20' title="bbox 1108 2456 2067 2618">
     <span class='ocr_line' id='line_1_86' title="bbox 1108 2456 2067 2505; baseline -0.004 -10"><span class='ocrx_word' id='word_1_543' title='bbox 1108 2460 1131 2495; x_wconf 90' lang='lat'>8</span> <span class='ocrx_word' id='word_1_544' title='bbox 1173 2458 1232 2497; x_wconf 80' lang='lat' dir='ltr'>Ad</span> <span class='ocrx_word' id='word_1_545' title='bbox 1274 2458 1474 2498; x_wconf 60' lang='lat' dir='ltr'>Nicolaum</span> <span class='ocrx_word' id='word_1_546' title='bbox 1505 2458 1548 2495; x_wconf 72' lang='lat' dir='ltr'>V.</span> <span class='ocrx_word' id='word_1_547' title='bbox 1580 2457 1827 2503; x_wconf 76' lang='lat' dir='ltr'>Pontificem,</span> <span class='ocrx_word' id='word_1_548' title='bbox 1849 2467 1949 2505; x_wconf 82' lang='lat' dir='ltr'>quae</span> <span class='ocrx_word' id='word_1_549' title='bbox 1979 2456 2067 2505; x_wconf 83' lang='lat' dir='ltr'>plus</span> 
     </span>
     <span class='ocr_line' id='line_1_87' title="bbox 1159 2517 2066 2569; baseline -0.003 -13"><span class='ocrx_word' id='word_1_550' title='bbox 1159 2521 1245 2559; x_wconf 84' lang='lat' dir='ltr'>viee</span> <span class='ocrx_word' id='word_1_551' title='bbox 1269 2519 1433 2569; x_wconf 82' lang='lat' dir='ltr'>simplici</span> <span class='ocrx_word' id='word_1_552' title='bbox 1459 2529 1606 2556; x_wconf 85' lang='lat' dir='ltr'>excusa</span> <span class='ocrx_word' id='word_1_553' title='bbox 1632 2522 1705 2555; x_wconf 86' lang='lat' dir='ltr'>est.</span> <span class='ocrx_word' id='word_1_554' title='bbox 1732 2517 1887 2566; x_wconf 83' lang='lat' dir='ltr'>Incipit:</span> <span class='ocrx_word' id='word_1_555' title='bbox 1916 2517 2066 2565; x_wconf 72' lang='lat' dir='ltr'>Moyses</span> 
     </span>
     <span class='ocr_line' id='line_1_88' title="bbox 1160 2579 1324 2618; baseline -0.012 0"><span class='ocrx_word' id='word_1_556' title='bbox 1160 2581 1224 2618; x_wconf 77' lang='lat' dir='ltr'>vir</span> <span class='ocrx_word' id='word_1_557' title='bbox 1243 2579 1324 2617; x_wconf 84' lang='lat' dir='ltr'>Dei.</span> 
     </span>
    </p>

    <p class='ocr_par' dir='ltr' id='par_1_21' title="bbox 1104 2638 2063 2800">
     <span class='ocr_line' id='line_1_89' title="bbox 1104 2638 2060 2688; baseline -0.005 -9"><span class='ocrx_word' id='word_1_558' title='bbox 1104 2644 1125 2679; x_wconf 85' lang='grc'><strong>9</strong></span> <span class='ocrx_word' id='word_1_559' title='bbox 1166 2640 1229 2678; x_wconf 82' lang='lat' dir='ltr'>Acl</span> <span class='ocrx_word' id='word_1_560' title='bbox 1249 2639 1493 2678; x_wconf 76' lang='lat' dir='ltr'>Austriales:</span> <span class='ocrx_word' id='word_1_561' title='bbox 1510 2640 1604 2677; x_wconf 78' lang='lat' dir='ltr'>haec</span> <span class='ocrx_word' id='word_1_562' title='bbox 1622 2642 1701 2688; x_wconf 80' lang='lat' dir='ltr'>ipsa</span> <span class='ocrx_word' id='word_1_563' title='bbox 1723 2642 1783 2674; x_wconf 84' lang='lat' dir='ltr'>est</span> <span class='ocrx_word' id='word_1_564' title='bbox 1803 2638 1923 2675; x_wconf 86' lang='lat' dir='ltr'>oratio</span> <span class='ocrx_word' id='word_1_565' title='bbox 1943 2647 2060 2685; x_wconf 86' lang='lat' dir='ltr'>quam</span> 
     </span>
     <span class='ocr_line' id='line_1_90' title="bbox 1155 2697 2063 2740; baseline -0.008 0"><span class='ocrx_word' id='word_1_566' title='bbox 1155 2703 1436 2740; x_wconf 76' lang='lat' dir='ltr'>Muratoriusin</span> <span class='ocrx_word' id='word_1_567' title='bbox 1452 2699 1653 2738; x_wconf 85' lang='lat' dir='ltr'>anecdotis</span> <span class='ocrx_word' id='word_1_568' title='bbox 1673 2697 1798 2737; x_wconf 78' lang='lat' dir='ltr'>dedit:</span> <span class='ocrx_word' id='word_1_569' title='bbox 1815 2708 1834 2734; x_wconf 89' lang='lat' dir='ltr'>a</span> <span class='ocrx_word' id='word_1_570' title='bbox 1854 2708 1914 2733; x_wconf 88' lang='lat' dir='ltr'>ine</span> <span class='ocrx_word' id='word_1_571' title='bbox 1932 2701 2063 2734; x_wconf 85' lang='lat' dir='ltr'>tamen</span> 
     </span>
     <span class='ocr_line' id='line_1_91' title="bbox 1154 2756 2014 2800; baseline -0.007 0"><span class='ocrx_word' id='word_1_572' title='bbox 1154 2763 1353 2800; x_wconf 83' lang='lat' dir='ltr'>variantes</span> <span class='ocrx_word' id='word_1_573' title='bbox 1377 2772 1424 2797; x_wconf 80' lang='lat' dir='ltr'>ex</span> <span class='ocrx_word' id='word_1_574' title='bbox 1446 2760 1577 2796; x_wconf 79' lang='lat' dir='ltr'>codiee</span> <span class='ocrx_word' id='word_1_575' title='bbox 1609 2759 1774 2796; x_wconf 66' lang='lat' dir='ltr'>Lat-ensi</span> <span class='ocrx_word' id='word_1_576' title='bbox 1805 2756 2014 2794; x_wconf 85' lang='lat' dir='ltr'>adduntur.</span> 
     </span>
    </p>

    <p class='ocr_par' dir='ltr' id='par_1_22' title="bbox 1104 2817 2060 2922">
     <span class='ocr_line' id='line_1_92' title="bbox 1104 2817 2060 2868; baseline -0.009 -5"><span class='ocrx_word' id='word_1_577' title='bbox 1104 2826 1149 2863; x_wconf 88' lang='grc'>40</span> <span class='ocrx_word' id='word_1_578' title='bbox 1182 2822 1317 2860; x_wconf 79' lang='lat' dir='ltr'>Oratio</span> <span class='ocrx_word' id='word_1_579' title='bbox 1348 2820 1384 2857; x_wconf 78' lang='lat' dir='ltr'>in</span> <span class='ocrx_word' id='word_1_580' title='bbox 1415 2817 1689 2868; x_wconf 77' lang='lat' dir='ltr'>Ratisponensi</span> <span class='ocrx_word' id='word_1_581' title='bbox 1708 2819 1894 2853; x_wconf 73' lang='lat' dir='ltr'>com-enta</span> <span class='ocrx_word' id='word_1_582' title='bbox 1915 2828 1961 2853; x_wconf 59' lang='lat' dir='ltr'>ex</span> <span class='ocrx_word' id='word_1_583' title='bbox 1986 2818 2060 2854; x_wconf 69' lang='lat' dir='ltr'>MS.</span> 
     </span>
     <span class='ocr_line' id='line_1_93' title="bbox 1153 2885 1278 2922; baseline -0.008 -1"><span class='ocrx_word' id='word_1_584' title='bbox 1153 2885 1278 2922; x_wconf 84' lang='lat' dir='ltr'>datur.</span> 
     </span>
    </p>

    <p class='ocr_par' dir='ltr' id='par_1_23' title="bbox 1102 2939 2062 3114">
     <span class='ocr_line' id='line_1_94' title="bbox 1102 2939 2059 2991; baseline -0.008 -8"><span class='ocrx_word' id='word_1_585' title='bbox 1102 2947 1114 2983; x_wconf 87' lang='grc'>4</span> <span class='ocrx_word' id='word_1_586' title='bbox 1132 2947 1140 2983; x_wconf 89' lang='lat' dir='ltr'>l</span> <span class='ocrx_word' id='word_1_587' title='bbox 1166 2945 1220 2981; x_wconf 82' lang='lat' dir='ltr'>De</span> <span class='ocrx_word' id='word_1_588' title='bbox 1237 2940 1661 2991; x_wconf 77' lang='lat' dir='ltr'>Constanti&#39;nopolilana</span> <span class='ocrx_word' id='word_1_589' title='bbox 1680 2939 2000 2988; x_wconf 70' lang='lat' dir='ltr'>r·l‹11le,p‹’i·or(1!u</span> <span class='ocrx_word' id='word_1_590' title='bbox 2023 2939 2059 2975; x_wconf 81' lang='lat' dir='ltr'>in</span> 
     </span>
     <span class='ocr_line' id='line_1_95' title="bbox 1151 2999 2062 3053; baseline -0.004 -14"><span class='ocrx_word' id='word_1_591' title='bbox 1151 3008 1259 3042; x_wconf 63' lang='lat' dir='ltr'>coeli!</span> <span class='ocrx_word' id='word_1_592' title='bbox 1276 3002 1497 3053; x_wconf 73' lang='lat' dir='ltr'>principum</span> <span class='ocrx_word' id='word_1_593' title='bbox 1527 2999 1844 3051; x_wconf 65' lang='lat' dir='ltr'>Fra›wesin-(liae.</span> <span class='ocrx_word' id='word_1_594' title='bbox 1873 3001 1984 3037; x_wconf 73' lang='lat' dir='ltr'>i-:xtai</span> <span class='ocrx_word' id='word_1_595' title='bbox 2007 3001 2062 3036; x_wconf 88' lang='lat' dir='ltr'>in—</span> 
     </span>
     <span class='ocr_line' id='line_1_96' title="bbox 1150 3064 1486 3114; baseline -0.009 -12"><span class='ocrx_word' id='word_1_596' title='bbox 1150 3072 1209 3103; x_wconf 86' lang='lat' dir='ltr'>ter</span> <span class='ocrx_word' id='word_1_597' title='bbox 1232 3076 1346 3114; x_wconf 78' lang='lat' dir='ltr'>opera</span> <span class='ocrx_word' id='word_1_598' title='bbox 1369 3064 1420 3100; x_wconf 78' lang='lat' dir='ltr'>l&#39;ii</span> <span class='ocrx_word' id='word_1_599' title='bbox 1443 3064 1486 3100; x_wconf 93' lang='grc'>11.</span> 
     </span>
    </p>

    <p class='ocr_par' dir='ltr' id='par_1_24' title="bbox 1105 3122 2063 3231">
     <span class='ocr_line' id='line_1_97' title="bbox 1105 3122 2063 3164; baseline -0.009 0"><span class='ocrx_word' id='word_1_600' title='bbox 1105 3127 1147 3164; x_wconf 66' lang='grc'>12</span> <span class='ocrx_word' id='word_1_601' title='bbox 1188 3126 1229 3162; x_wconf 81' lang='lat' dir='ltr'>ln</span> <span class='ocrx_word' id='word_1_602' title='bbox 1263 3126 1450 3161; x_wconf 66' lang='lat' dir='ltr'>conventu</span> <span class='ocrx_word' id='word_1_603' title='bbox 1476 3123 1700 3161; x_wconf 73' lang='lat' dir='ltr'>Viennensi.</span> <span class='ocrx_word' id='word_1_604' title='bbox 1719 3128 1752 3159; x_wconf 83' lang='lat' dir='ltr'>et</span> <span class='ocrx_word' id='word_1_605' title='bbox 1779 3123 1899 3160; x_wconf 75' lang='lat' dir='ltr'>alteia</span> <span class='ocrx_word' id='word_1_606' title='bbox 1919 3122 1954 3157; x_wconf 81' lang='lat' dir='ltr'>in</span> <span class='ocrx_word' id='word_1_607' title='bbox 1977 3131 2063 3157; x_wconf 74' lang='lat' dir='ltr'>can—</span> 
     </span>
     <span class='ocr_line' id='line_1_98' title="bbox 1155 3182 2047 3231; baseline -0.006 -8"><span class='ocrx_word' id='word_1_608' title='bbox 1155 3189 1269 3223; x_wconf 75' lang='lat' dir='ltr'>iwntn</span> <span class='ocrx_word' id='word_1_609' title='bbox 1297 3185 1424 3223; x_wconf 64' lang='lat' dir='ltr'>Not-ae</span> <span class='ocrx_word' id='word_1_610' title='bbox 1444 3185 1644 3223; x_wconf 69' lang='lat' dir='ltr'>civitatis.-</span> <span class='ocrx_word' id='word_1_611' title='bbox 1670 3189 1834 3231; x_wconf 67' lang='lat' dir='ltr'>utraque</span> <span class='ocrx_word' id='word_1_612' title='bbox 1864 3194 1909 3219; x_wconf 74' lang='lat' dir='ltr'>ex</span> <span class='ocrx_word' id='word_1_613' title='bbox 1944 3182 2047 3219; x_wconf 67' lang='lat' dir='ltr'>MSS.</span> 
     </span>
    </p>

    <p class='ocr_par' dir='ltr' id='par_1_25' title="bbox 1105 3243 2063 3352">
     <span class='ocr_line' id='line_1_99' title="bbox 1105 3243 2063 3292; baseline -0.007 -8"><span class='ocrx_word' id='word_1_614' title='bbox 1105 3249 1144 3285; x_wconf 71' lang='lat'>11³</span> <span class='ocrx_word' id='word_1_615' title='bbox 1181 3247 1342 3284; x_wconf 74' lang='lat' dir='ltr'>Callisto</span> <span class='ocrx_word' id='word_1_616' title='bbox 1363 3246 1425 3283; x_wconf 89' lang='grc'>111.</span> <span class='ocrx_word' id='word_1_617' title='bbox 1454 3247 1489 3283; x_wconf 89' lang='lat' dir='ltr'>in</span> <span class='ocrx_word' id='word_1_618' title='bbox 1514 3245 1740 3282; x_wconf 77' lang='lat' dir='ltr'>l‘ontiiieeni</span> <span class='ocrx_word' id='word_1_619' title='bbox 1763 3248 1970 3292; x_wconf 66' lang='lat' dir='ltr'>assumpto</span> <span class='ocrx_word' id='word_1_620' title='bbox 1992 3243 2063 3280; x_wconf 63' lang='lat' dir='ltr'>Ae-</span> 
     </span>
     <span class='ocr_line' id='line_1_100' title="bbox 1152 3304 2060 3352; baseline -0.006 -8"><span class='ocrx_word' id='word_1_621' title='bbox 1152 3318 1244 3344; x_wconf 71' lang='lat' dir='ltr'>neas</span> <span class='ocrx_word' id='word_1_622' title='bbox 1267 3307 1421 3344; x_wconf 70' lang='lat' dir='ltr'>nomine</span> <span class='ocrx_word' id='word_1_623' title='bbox 1448 3305 1677 3344; x_wconf 78' lang='lat' dir='ltr'>Ferdiiiandi</span> <span class='ocrx_word' id='word_1_624' title='bbox 1700 3304 1958 3341; x_wconf 73' lang='lat' dir='ltr'>obedientiam</span> <span class='ocrx_word' id='word_1_625' title='bbox 1984 3304 2060 3352; x_wconf 67' lang='lat' dir='ltr'>poi-</span> 
     </span>
    </p>
   </div>
  </div>
 </body>
</html>
