2500 3841
844 213 1405 254 CAROLOMANNI

139 294 218 332 this
240 301 430 331 concesso
449 293 490 327 et
513 287 699 338 Hispanis
729 285 928 324 videndus
955 286 1098 324 Petrus

136 356 185 394 de
209 356 337 394 Marca
359 365 398 404 p.
421 350 510 391 287.
535 351 628 389 288.

189 414 550 456 CAROLOMANM
579 413 697 462 Regis
727 413 966 449 Francorum
997 412 1098 448 circa

143 479 305 519 Annum
344 478 419 515 889
458 479 714 527 praeceptum
757 485 826 524 pro
864 473 1100 511 Monasterio

136 543 175 582 S.
200 541 394 581 Caeciliae
420 540 460 577 in
490 538 661 576 dioecesi
683 536 930 583 Vecellensi,
963 535 1000 572 in
1032 545 1100 584 ap-

133 603 300 655 pendice
321 601 370 640 ad
393 603 563 640 Marcam
587 599 839 650 Hispanicam
861 609 947 648 pag.
973 598 1063 636 844.

189 664 374 704 CAROLI
404 662 604 712 Simplicis
627 660 702 699 An.
727 661 804 698 898
825 664 865 697 et
889 660 978 698 922.
1003 658 1096 698 data

132 729 344 777 praecepta
366 736 437 775 pro
458 723 639 763 Ecclesia
661 721 912 760 Gerundensi
931 751 940 769 ,
965 723 1001 759 in
1027 734 1096 772 ap-

131 787 299 839 pendice
327 787 376 826 ad
406 788 577 826 Marcam
607 785 858 835 Hispanicam
884 796 970 836 pag.
1005 786 1094 824 828.

135 850 226 889 842.
252 850 329 888 843
354 849 429 888 alia
452 860 538 899 pag.
564 848 653 886 830.
676 847 765 886 834.

185 911 416 952 CAROLUS
435 911 497 949 IV.
519 910 731 949 Bohemiae
754 910 836 947 Rex
855 940 864 958 ,
883 913 924 947 et
947 909 996 947 ab
1015 907 1097 947 An-

131 985 183 1012 no
201 974 317 1013 4346.
339 974 559 1022 Imperator
577 971 626 1010 ad
648 970 750 1011 4378
770 982 888 1021 cujus
906 972 1094 1021 auspiciis

131 1036 382 1087 promulgata
409 1035 485 1074 An.
511 1036 627 1074 4356.
656 1034 892 1084 Noribergae
917 1038 956 1073 et
979 1035 1094 1072 Metis

132 1099 284 1138 sanctio
315 1099 379 1136 illa
408 1098 651 1148 pragmatica
681 1097 756 1135 sub
785 1107 936 1134 aureae
966 1094 1096 1134 bullae

130 1161 246 1199 titulo
268 1159 434 1209 nobilis,
458 1159 508 1197 de
541 1159 735 1197 electione
769 1163 809 1197 et
843 1160 1096 1197 coronatione

130 1222 411 1272 Imperatoris,
428 1219 586 1270 juribus
605 1221 836 1259 Electorum
858 1225 898 1259 et
921 1221 1007 1259 aliis
1026 1219 1095 1270 jus

128 1283 334 1335 publicum
368 1282 606 1321 Germaniae
635 1282 935 1331 spectantibus,
964 1284 1095 1321 consi-

127 1349 250 1396 gnata
269 1349 314 1385 ut
337 1344 514 1384 creditur
534 1355 556 1383 a
575 1343 761 1382 Bartholo
777 1345 810 1392 a)
826 1346 844 1382 J
851 1345 923 1383 Cto
940 1374 947 1392 ,
969 1349 1090 1395 atque

128 1409 327 1448 illustrata
341 1419 364 1447 a
380 1408 530 1457 multis,
545 1411 591 1446 ut
604 1408 758 1461 Joanne
772 1407 972 1452 Limnaeo,
989 1409 1093 1446 Hen-

128 1473 208 1510 rico
231 1470 437 1509 Giinthero
460 1469 714 1508 Thulemario
737 1473 777 1508 et
799 1470 951 1507 Joanne
976 1471 1090 1508 Petro

127 1533 177 1572 de
209 1533 414 1584 Ludewig.
444 1532 543 1571 Vide
569 1532 776 1571 laudatum
810 1532 1092 1582 Pfeffingerum

127 1595 177 1634 ad
186 1596 416 1635 Vitriarium
430 1599 525 1633 tom.
541 1596 557 1633 I
574 1606 662 1645 pag.
678 1595 768 1633 228.
787 1606 870 1645 seq.
889 1599 929 1633 et
945 1594 993 1633 de
1006 1607 1094 1634 cae-

128 1660 226 1697 teris
246 1657 374 1698 Caroli
397 1658 449 1697 IV
467 1655 821 1698 constitutionibus
837 1668 923 1708 pag.
949 1656 1012 1696 70.
1031 1670 1089 1709 5([.

180 1719 384 1771 Epistolas
419 1720 616 1770 quasdam
646 1720 827 1770 vulgavit
859 1720 1091 1760 Joachimus

126 1785 300 1823 Joannes
318 1783 503 1822 Maderus
526 1783 576 1822 ad
595 1783 746 1821 calcem
766 1783 947 1821 Gervasii
968 1784 1096 1822 Tilbe-

126 1847 270 1885 riensis
290 1846 456 1884 Helmst.
483 1845 599 1884 4673.
625 1845 659 1882 4.
683 1846 892 1894 Pragensis
915 1845 1096 1883 conditor

126 1908 364 1948 Academiae
384 1907 458 1947 An.
485 1905 602 1947 4347.
626 1907 716 1945 vide
737 1906 923 1945 Bohuslai
944 1907 1095 1958 Aloysii

126 1972 278 2010 Balbini
311 1972 511 2021 epitomen
542 1981 676 2009 rerum
709 1970 1012 2010 Bohemicarum
1042 1971 1094 2008 Ill

126 2035 169 2074 2¹
201 2039 241 2072 et
255 2034 379 2084 elogia
396 2033 680 2072 Universitatis
696 2034 906 2081 Pragensis
922 2032 966 2071 A.
990 2034 1092 2072 4668

126 2097 160 2135 4.
182 2096 312 2144 edita,
347 2097 413 2135 ubi
438 2108 524 2147 pag.
552 2097 588 2133 4.
612 2094 722 2133 bulla
745 2106 874 2133 aurea
895 2106 970 2145 pro
1004 2095 1094 2133 L'ni-

124 2158 314 2198 versitate
334 2158 532 2209 Praqensz'
543 2158 634 2197 data
650 2170 671 2197 a
688 2159 827 2197 Carolo
844 2159 892 2196 lV
907 2157 952 2196 Α.
976 2161 989 2198 4
1003 2160 1091 2196 348.

127 2221 162 2260 7.
180 2222 223 2260 ld
238 2221 396 2272 Aprilis.
414 2219 595 2274 Epistola
617 2220 673 2259 acl
687 2218 987 2272 Rempublicam
1007 2222 1038 2259 F
1042 2220 1096 2259 lo-

124 2283 348 2323 reatinam.-
372 2284 421 2323 de
445 2295 523 2334 qua
547 2284 798 2323 Lambecius.
833 2286 866 2323 II
891 2296 980 2336 pag.
1003 2284 1095 2323 939.

127 2345 464 2385 Commentarium
483 2348 604 2385 etiam
627 2346 674 2385 de
691 2345 777 2385 vito.
798 2358 875 2386 sua
891 2349 974 2399 ipse
999 2348 1096 2385 scri-

125 2409 227 2458 psit,
266 2420 389 2459 quem
426 2410 540 2459 (post
573 2409 831 2447 Reineccium
871 2409 1091 2447 Helmstad.

127 2471 229 2509 4585
252 2481 344 2509 cum
365 2471 777 2521 Lucemburgensium
803 2472 1092 2521 Imperatorum

124 2532 320 2579 Historia,
346 2532 406 2580 4.)
431 2533 614 2582 vulgavit
638 2532 836 2571 Freherus
863 2533 900 2569 in
926 2534 1096 2582 scripto-

124 2595 234 2634 ribus
251 2605 384 2633 rerum
402 2594 704 2633 Bohemicarum
722 2606 809 2644 pag.
831 2595 893 2631 86.
909 2605 1001 2632 cum
1017 2596 1096 2632 Ma-

119 2657 267 2707 jestate
292 2655 499 2703 Carolina,
523 2656 609 2693 sive
640 2653 991 2694 Constz'tute'om'bus
1015 2667 1092 2706 pro

123 2721 253 2769 Regyno
284 2716 519 2764 Βοῆεπιῖαε,
550 2721 590 2754 04
618 2718 782 2754 Joannis
818 2717 850 2754 II
889 2716 1094 2767 Archiepi-

121 2782 228 2831 scopi
252 2780 464 2830 Pragensis
487 2779 675 2817 Oratione
701 2778 807 2817 dicta
831 2780 871 2816 in
892 2779 1017 2818 Caroli
1042 2779 1091 2818 IV

122 2844 260 2883 funere
281 2841 325 2881 Α.
353 2842 454 2881 4379
480 2853 570 2892 pag.
598 2839 688 2879 407.

174 2905 196 2928 ³*
218 2906 392 2944 Joannes
414 2906 555 2943 Petrus
577 2903 626 2941 de
648 2901 840 2953 Ladcwig
864 2903 902 2940 in
928 2904 1012 2941 suis
1031 2915 1093 2942 re-

121 2968 256 3019 liquiis
281 2971 308 3005 t.
335 2968 402 3006 IX.
427 2967 564 3004 literas
593 2964 789 3015 quasdam
824 2965 930 3013 regis
971 2965 1091 3004 huius

128 3031 336 3080 evulgavit
369 3027 558 3079 legendas
588 3026 746 3065 ibidem.
769 3025 866 3064 Vide
896 3027 1094 3077 Diploma-

129 3093 275 3131 tarium
307 3091 533 3130 miscellum
564 3101 674 3128 num.
708 3090 743 3126 8.
774 3089 810 3125 9.
841 3087 902 3127 47.
935 3089 997 3127 48.
1030 3090 1091 3128 49.

183 3251 216 3291 a)
232 3254 376 3282 Joanncs
392 3250 546 3288 Georgile
557 3249 670 3288 Kuipis
685 3248 1007 3284 dissertai‚Acailem.
1021 3256 1095 3288 pag.

119 3299 196 3332 405.
216 3303 262 3331 Dc
277 3301 371 3330 MStis
395 3299 573 3330 codicibus
590 3300 758 3330 Caesareis
780 3299 906 3328 Latinis
921 3301 952 3329 et
976 3300 1098 3330 versio-

120 3351 173 3380 nis
201 3350 418 3382 Germanicae
441 3349 596 3380 Lambec.
613 3350 640 3378 ll
665 3355 740 3388 pag.
763 3346 836 3379 814.
859 3346 931 3380 854.
953 3347 1026 3380 960.

2033 208 2113 249 325

1176 285 1239 323 20.
1264 285 1328 324 24.
1353 288 1430 322 etc.
1451 283 1548 322 Vide
1574 283 1721 334 pariter
1743 285 1771 321 t.
1801 283 1869 321 IX.
1896 282 1936 319 in
1960 281 2140 320 codicillo

1173 347 1442 397 Diplomatum
1467 345 1560 396 dipl.
1592 345 1655 383 79.
1695 346 1758 384 80.
1793 345 1972 394 Denique
2009 345 2139 383 Caroli

1173 410 1236 447 IV.
1262 408 1388 447 codex
1408 409 1697 459 Diplomaticus
1719 409 1756 445 in
1779 419 1856 458 quo
1878 407 2028 445 multae
2051 406 2140 456 ejus

1173 475 1214 509 et
1228 471 1395 510 aliorum
1411 470 1460 510 ad
1478 472 1609 522 ipsum
1625 470 1742 509 datae
1759 470 1914 508 litterae
1933 469 2141 508 continen-

1174 536 1252 582 tur,
1272 537 1383 572 extat
1402 535 1505 574 inter
1528 534 1744 583 scriptores
1763 533 1911 571 Rerum
1932 531 2140 570 Germani—

1170 606 1308 635 carum
1333 595 1528 634 Menkenii
1553 600 1581 632 t.
1607 596 1644 633 3.

1220 658 1453 697 CAROLUS
1478 657 1632 695 Siciliae
1654 658 1738 695 Rex
1757 687 1764 703 ,
1787 656 1905 706 cujus
1928 655 2132 707 Epistolae

1166 724 1338 769 quatuor
1360 719 1409 758 ab
1429 718 1544 757 Anno
1564 719 1658 758 4254
1683 719 1733 757 ad
1752 719 1854 757 4254
1872 720 2043 769 scriptae
2065 729 2136 756 ex-

1168 785 1278 819 stant
1302 782 1340 819 in
1370 781 1520 819 Baluzii
1543 781 1760 818 Miscellan.
1787 784 1882 818 tom.
1907 781 1921 819 Ι
1946 792 2032 831 pag.
2059 778 2134 818 479

1168 853 1228 891 sq.
1252 842 1339 881 Alia
1361 842 1407 881 A.
1448 841 1551 881 4287
1585 841 1634 880 de
1669 841 1800 880 duello
1833 841 2004 880 ineundo
2041 853 2136 881 cum

1167 907 1282 943 Petro
1297 906 1403 955 Rege
1419 904 1662 955 Aragonum,
1677 905 1716 941 in
1731 903 1949 954 appendice
1966 904 2012 941 ad
2039 906 2138 942 Mar-

1166 978 1254 1005 cani
1272 968 1527 1017 llispanicam
1547 978 1633 1017 pag.
1651 965 1728 1005 587
1747 970 1788 1004 et
1808 965 1857 1004 de
1874 965 1996 1004 rebus
2011 967 2135 1016 gestis

1168 1030 1207 1067 in
1231 1030 1423 1068 vasconia
1445 1041 1530 1080 pag.
1557 1029 1647 1067 592.

1220 1091 1453 1132 CAROLUS
1470 1090 1726 1140 Fernandus,
1742 1092 1828 1130 sive
1844 1094 1890 1130 ut
1910 1090 2128 1129 Trithemio

1168 1153 1432 1193 Pher-nanctus
1454 1155 1673 1204 Brugensis
1691 1183 1699 1201 ,
1720 1154 1824 1192 inter
1845 1164 1986 1192 coecos
2006 1152 2137 1192 erudi-

1169 1222 1231 1255 tos
1254 1217 1287 1266 a)
1311 1217 1500 1265 celebris,
1534 1227 1585 1254 ex
1615 1217 1783 1254 Doctore
1816 1215 2027 1254 Parisiensi
2058 1213 2132 1253 An.

1170 1280 1287 1319 4486.
1306 1279 1523 1318 Monachus
1546 1278 1651 1329 apud
1668 1278 1994 1317 Cenomanenses
2011 1279 2138 1316 Bene-

1166 1340 1341 1379 dictinus
1355 1371 1366 1389 ‚
1387 1340 1603 1379 defunctus
1623 1335 1730 1379 Ausi
1743 1341 1818 1378 496
1837 1340 2003 1390 Scripsit
2019 1350 2134 1390 prosa

1165 1407 1206 1441 et
1228 1414 1371 1451 versu,
1396 1404 1559 1454 Ruperti
1582 1403 1751 1453 Gagvini
1772 1403 1956 1441 aemulus
1973 1432 1981 1446 ,
2006 1402 2042 1449 b)
2067 1401 2134 1440 ad—

1166 1476 1311 1503 versus
1328 1466 1585 1504 Vincentium
1608 1465 1657 1503 de
1681 1466 1821 1504 Castro
1843 1476 1946 1503 novo
1969 1464 2130 1504 Ordinis

1166 1527 1506 1578 Praedicatorum,
1524 1539 1602 1579 pro
1626 1526 1883 1565 immaculata
1903 1527 2128 1578 Conceptio-

1167 1601 1214 1628 ne
1237 1591 1280 1628 B.
1308 1590 1478 1641 Viryinis
1498 1591 1618 1629 libros
1639 1591 1675 1629 2.
1700 1589 1828 1627 editos
1848 1591 2007 1628 Parisiis
2029 1591 2132 1630 4542

1168 1652 1273 1702 apud
1296 1652 1465 1691 Badium
1489 1652 1748 1700 Ascensium,
1770 1653 1838 1702 qui
1862 1653 1982 1690 etiam
2007 1663 2129 1691 excu-

1165 1714 1222 1752 dit
1246 1714 1366 1752 libros
1390 1714 1478 1763 ejus
1501 1714 1603 1754 duos
1626 1713 1672 1752 cle
1689 1713 1817 1752 animi
1833 1713 2132 1764 tranquillitate,

1167 1781 1206 1814 et
1223 1774 1346 1814 libros
1370 1776 1427 1814 IV
1445 1775 1710 1824 collationum,
1735 1778 1820 1815 sive
1845 1775 2134 1829 confibulatio-

1169 1850 1264 1877 mam
1283 1838 1597 1877 ‚ilonascicarum
1614 1870 1623 1886 ,
1649 1843 1689 1877 et
1712 1838 1789 1876 An.
1815 1840 1917 1878 4545
1944 1840 2019 1877 440.
2045 1841 2139 1891 Spe-

1171 1900 1304 1939 culum
1341 1900 1575 1952 disciplinae
1597 1901 1840 1940 Monosticcie
1865 1898 1980 1940 libris
2007 1902 2029 1939 Ι
2035 1903 2072 1939 V.
2098 1908 2138 1940 ct

1166 1961 1240 2000 An.
1267 1963 1370 2002 4546
1394 1963 1632 2013 opusculum
1655 1961 1700 2000 (lc
1725 1961 1891 2013 regyiclcie
1921 1963 2139 2001 Benedicti-

1166 2036 1241 2062 ncie
1277 2023 1564 2063 observacione.
1591 2024 1727 2063 Tradit
1749 2030 1954 2074 praetcrea
1985 2026 2139 2064 Tritlie-

1166 2087 1272 2124 mius
1297 2087 1506 2137 scripsisse
1533 2085 1717 2124 Odarum
1741 2085 1781 2124 in
1806 2085 1944 2124 laudes
1975 2088 2142 2127 CHri'stzT

1167 2145 1290 2186 libros
1320 2149 1344 2186 I
1350 2149 1386 2187 V.
1419 2147 1583 2199 Elegias
1613 2148 1659 2186 de
1690 2151 1885 2186 contemtu
1913 2149 2074 2190 isuadi.
2099 2156 2139 2188 et

1166 2212 1345 2249 carmina
1367 2211 1443 2249 alia
1473 2211 1598 2249 ferme
1631 2212 1865 2248 innumera:
1891 2216 2012 2261 atque
2042 2212 2137 2262 Epi-

1166 2271 1289 2310 stolas
1309 2278 1348 2311 et
1367 2273 1575 2311 Orationes
1592 2272 1638 2311 (le
1658 2274 1700 2312 S.
1723 2272 1958 2321 catharina,
1977 2273 2023 2312 (le
2041 2275 2141 2314 Con-

1169 2334 1339 2386 ceptionc
1363 2334 1641 2383 immaculata,
1663 2334 1718 2373 ad
1740 2335 2048 2386 Cartliztsz'cmos,
2068 2350 2138 2376 nec

1168 2408 1245 2435 non
1270 2397 1407 2436 laudes
1432 2397 1597 2436 Ordinis
1620 2397 1946 2437 Carmelitarum.

1220 2460 1392 2498 Joannes
1415 2460 1598 2500 CAROLI
1634 2462 1888 2499 Florentinus
1908 2491 1915 2508 ,
1956 2474 2005 2500 ex
2043 2464 2137 2501 Ber—

1170 2522 1364 2560 nhardino
1384 2523 1600 2561 Monachus
1620 2523 1780 2561 Ordinis
1800 2523 2133 2572 Praedicatorum,

1169 2583 1384 2622 defunctus
1407 2584 1482 2622 An.
1507 2584 1609 2622 4500
1634 2586 1778 2622 aetatis
1804 2585 1865 2623 75.
1892 2587 2051 2635 scripsit
2076 2587 2134 2625 Vi-

1168 2648 1229 2683 tas
1251 2646 1400 2695 aliquot
1423 2657 1446 2684 a
1479 2646 1655 2684 Leandro
1679 2646 1842 2684 Albcrto
1867 2649 1903 2685 in
1940 2659 2057 2698 opere
2082 2649 2131 2687 de

1165 2707 1268 2745 Viris
1293 2707 1514 2746 illustribus
1535 2708 1595 2745 sui
1617 2707 1777 2745 Ordinis
1799 2708 1944 2757 editas,
1965 2710 2131 2749 Jommi's

1164 2768 1371 2817 Dominicz',
1391 2768 1623 2817 Cardinalis,
1640 2780 1726 2819 pag.
1748 2769 1810 2808 70.
1833 2770 2016 2818 (obviam
2033 2783 2130 2822 quo-

1165 2842 1242 2881 que
1268 2831 1306 2868 in
1331 2829 1442 2869 Actis
1467 2831 1704 2870 Sanctorum
1731 2831 1778 2870 40
1808 2833 1914 2871 Junii
1931 2834 1967 2881 ,)
2005 2834 2132 2873 Simo-

1165 2891 1227 2930 nis
1252 2890 1485 2940 Saltorelli,
1510 2891 1806 2944 Arcliicpiscopi
1837 2895 1965 2933 Pisani
1995 2907 2030 2945 p.
2063 2897 2126 2934 86.

1163 2953 1458 2992 :ildebrandini
1473 2954 1746 3004 chalcantis,
1772 2956 2010 2994 Urbevetani
2034 2958 2126 3009 Epi-

1165 3017 1271 3066 scopi
1295 3028 1381 3067 pag.
1408 3016 1496 3055 446.
1533 3015 1909 3070 Arzyeli.1lccic1joli,
1939 3019 2124 3072 Episcopi

1225 3148 1258 3188 a)
1281 3151 1393 3180 Min-aci
1423 3149 1510 3188 elog.
1536 3149 1723 3189 neigpag.
1752 3148 1822 3181 145.
1859 3155 1891 3182 et
1917 3155 2067 3184 auctario
2092 3153 2133 3186 de

1156 3200 1377 3238 scriptoribus
1391 3200 1636 3230 E‹·ciesiasiicis
1653 3200 1745 3238 p.‘.)·2.
1763 3200 1795 3231 1).
1813 3204 1862 3232 Jo.
1877 3202 2131 3236 Godl'ridiOlea-

1158 3251 1198 3280 rii
1219 3248 1301 3279 Bibl.
1324 3251 1525 3288 scriptorum
1554 3249 1861 3281 Ecclesiasticorum
1886 3260 1960 3291 pag.
1986 3251 2056 3284 159.

1217 3297 1253 3335 b)
1282 3297 1362 3329 Vide
1401 3298 1625 3330 Trithemium
1647 3306 1720 3338 (ap.
1747 3299 1821 3335 955:
1846 3304 1879 3333 et
1916 3300 1957 3334 de
1980 3302 2130 3344 Gagvino

1156 3355 1230 3387 cap.
1253 3345 1327 3379 914.
