2500 4009
450 281 522 320 512

447 353 614 393 Caesarii
634 353 715 399 post
738 342 977 383 mabillonem
996 330 1109 374 novis
1138 334 1389 372 curisrecen-

449 418 561 452 sitam
587 410 632 449 ud
659 408 761 447 MSS.
790 400 908 441 Codd.
934 397 1129 436 dederunt
1146 392 1387 434 Bollandiani

450 478 538 513 socii
564 472 609 510 ad
635 471 735 507 diem
764 465 815 502 ‘27
839 460 1007 509 Augusti
1038 457 1203 496 adiectis
1227 454 1390 493 adnota-

449 536 615 574 tionibus
640 531 747 567 suis.
774 536 844 562 nec
872 520 1155 561 §labillonianis
1171 516 1343 555 omissis.

498 584 1010 634 CYRlACi'SAntiquarius
1026 579 1300 619 Anconitanus
1317 577 1391 614 cir-

445 670 488 694 ca
515 653 683 692 medium
709 660 786 686 sec.
809 647 891 692 XV,
916 646 1019 681 inter
1043 643 1190 692 primos
1215 640 1300 686 suit,
1323 637 1390 688 qui

447 721 592 756 veteres
616 708 891 760 Inscriptiones
916 704 1092 754 undique
1113 701 1287 751 collegit,
1310 699 1392 737 lau-

446 780 562 816 datus
586 773 734 821 Angelo
757 768 999 812 DecembriQ
1027 764 1233 803 Francisco
1252 759 1394 799 Philei-

447 843 493 879 io.
518 840 545 876 a'
568 833 768 875 Leonardo
784 831 956 876 Armine,
977 827 1013 875 b>
1031 823 1206 864 Leandro
1223 821 1394 866 Alborto,

447 903 623 949 aliisque.
649 896 707 935 Ab
728 893 896 933 Antonio
920 889 1141 939 Augustino
1163 885 1195 932 c)
1217 884 1396 935 arguitur

448 963 566 1002 falsas
589 961 709 997 etiam
734 955 976 995 confinxisse
1006 955 1047 989 et
1078 947 1284 988 Ambrosio
1321 946 1398 984 Mo-

447 1025 586 1064 ralesio
607 1023 643 1058 in
668 1018 885 1058 Annalibus
909 1012 1129 1063 Hispanicis
1145 1009 1261 1047 sidem
1280 1007 1313 1045 ei
1331 1006 1399 1044 ha-

447 1086 553 1124 benti
579 1082 753 1120 sublesta
780 1088 910 1116 merce
937 1073 1197 1124 imposuisse,
1238 1067 1400 1121 perinde

448 1152 489 1186 ut
518 1148 554 1183 in
580 1141 763 1182 §lazochii
791 1143 827 1175 et
856 1137 993 1187 Apiani
1014 1166 1022 1182 ,
1044 1133 1300 1181 Amantiique
1324 1129 1403 1169 col-

445 1206 676 1248 lectionibus
707 1202 823 1240 iidem
852 1198 1076 1237 desiderare
1112 1206 1154 1233 se
1193 1192 1401 1244 significat.

446 1268 662 1308 ¹N'onnnllns
679 1265 844 1313 Cyriaco
868 1260 1011 1299 debere
1037 1269 1080 1296 se
1105 1256 1344 1308 profitentur
1361 1254 1401 1290 in

447 1330 675 1368 collectione
701 1336 771 1363 sua
804 1324 877 1362 An.
904 1321 1007 1361 4532
1043 1319 1147 1357 edita
1172 1314 1403 1367 lngolstadii

451 1404 487 1429 in
516 1390 575 1428 iol.
609 1390 747 1427 Petrus
785 1385 963 1435 Apianus
1003 1386 1043 1419 et
1079 1379 1405 1419 Bartholomaeus

451 1452 688 1491 Amantius:
717 1453 758 1486 ut
791 1448 956 1498 primam
998 1445 1165 1488 statim,
1206 1441 1272 1479 ubi
1311 1449 1403 1477 eum

453 1512 613 1552 laudant
639 1511 700 1548 his
725 1509 885 1546 verbis:
911 1507 1203 1545 Monumentum
1233 1501 1301 1539 hoc
1328 1500 1406 1538 Ga-

454 1573 630 1611 ditanum
650 1570 825 1609 eximius
843 1568 908 1607 vir
925 1566 1121 1618 Cyriacus
1137 1562 1406 1602 Anconitauus

453 1634 603 1686 reperit
623 1665 631 1678 ,
657 1632 728 1684 qui
761 1643 835 1668 non
859 1628 1010 1680 absque
1039 1626 1193 1676 mayni's
1217 1622 1408 1662 molestiis

453 1694 767 1745 Ionyissimorum
792 1691 975 1730 itinerum
993 1687 1290 1742 faciendorum,
1313 1696 1409 1736 qua-

452 1767 625 1806 scunque
647 1754 917 1805 inscriptiones
937 1754 1125 1798 vetustas,
1143 1747 1274 1800 quoad
1285 1746 1405 1794 licuit,

456 1817 687 1868 descripsit.-
714 1827 836 1866 neque
858 1818 986 1852 tamen
1016 1812 1101 1851 suis
1127 1809 1312 1862 impensis
1338 1808 1405 1846 hoc

449 1878 604 1930 pereyit
618 1909 626 1924 ,
648 1876 716 1916 sed
740 1875 926 1916 NICOLA
938 1875 996 1914 L'S
1016 1875 1053 1912 V.
1073 1871 1259 1925 Pontifex
1274 1871 1408 1910 Maxi-

452 1951 539 1978 mus
560 1951 645 1977 cum
675 1937 899 1977 incredibili
914 1935 1163 1988 antiquitatis
1193 1933 1408 1985 emploran-

452 2000 524 2038 (lae
543 2000 688 2037 ardore
703 1999 882 2050 flayrans
903 2028 910 2043 ,
929 2002 1010 2036 tum
1031 2002 1069 2036 et
1082 1996 1271 2034 bonorum
1288 1993 1408 2033 libro-

452 2074 541 2099 rum
567 2060 925 2112 comparandorum
949 2058 1144 2097 desiderio
1176 2061 1332 2097 sumtus
1355 2055 1409 2094 ad

455 2123 555 2160 hunc
577 2122 749 2160 laborem
771 2120 1049 2170 conficiendum
1079 2130 1197 2169 quam
1230 2117 1406 2168 maqnifi-

455 2183 672 2221 centissime
693 2181 966 2233 suppeditavit.
991 2181 1275 2230 lnscriptiones
1289 2180 1408 2217 Grae—

455 2255 521 2281 cas
545 2248 582 2279 et
617 2245 773 2280 Latinas
796 2242 981 2279 eollvctas
1007 2241 1055 2279 ab
1080 2241 1151 2278 hoc
1185 2242 1220 2277 in
1255 2240 1408 2288 lllyrico

459 2310 495 2341 et
521 2305 694 2341 Graecia.
722 2315 797 2341 una
822 2314 912 2340 cum
934 2302 1133 2340 nonnullis
1150 2301 1236 2347 ejus
1253 2302 1408 2351 Episto-

455 2366 501 2402 lis
529 2364 668 2402 excudi
694 2366 849 2401 curavit
875 2365 1066 2401 Francisc.
1101 2362 1339 2401 Barbcrinus
1369 2360 1405 2407 d)

454 2425 671 2464 Cardinalis
692 2427 847 2466 senior,
874 2424 941 2461 sed
983 2424 1147 2462 XXXIV
1191 2425 1342 2474 paginis
1367 2423 1403 2459 in

457 2486 715 2535 majorisiolii
742 2487 863 2523 forma
901 2486 1033 2536 praelo
1068 2486 1259 2524 absolutis
1287 2495 1404 2534 opera

456 2548 516 2584 illa
542 2549 685 2584 omissa
712 2558 755 2584 ac
795 2558 1008 2598 suppressa
1045 2551 1118 2585 est.
1144 2545 1403 2584 Itinerarium

455 2609 605 2655 cyriaci
625 2608 855 2646 Anconitani
880 2610 1024 2647 citatur
1047 2620 1066 2646 a
1088 2609 1241 2647 Torcllo
1260 2608 1403 2657 Saray-

457 2681 513 2704 na:
536 2668 594 2705 Ab
613 2669 698 2706 aliis
718 2670 837 2707 etiam
859 2669 1260 2721 Imperatorumvitae
1276 2679 1402 2718 usque

454 2728 499 2765 ad
540 2729 776 2768 fridericum
810 2731 1091 2769 Barbarossam
1113 2760 1120 2778 ⁷
1139 2730 1209 2769 sed
1230 2731 1402 2780 scriptae.

461 2791 590 2827 italico
616 2791 811 2829 idiomate.

506 2854 521 2870 ⁰
561 2853 613 2889 De
655 2854 740 2889 viro
772 2852 845 2891 hoc
883 2853 1113 2892 doctissimo
1151 2854 1267 2892 liceat
1306 2852 1401 2891 mihi

506 3004 538 3042 a)
559 3006 772 3037 franciscum
785 3010 993 3040 Burmannus
1006 3008 1211 3048 praefatione
1227 3008 1268 3040 ad
1286 3011 1410 3042 lnscrl-

449 3055 808 3133 tiglfjopesrtfiruterinnas
823 3081 832 3095 ‚
853 3059 982 3090 Graevii
1002 3066 1081 3090 cura
1099 3062 1286 3099 recognitus
1304 3063 1407 3092 Amst.

509 3150 543 3189 b)
562 3153 684 3184 nalum
703 3156 790 3185 msc.
811 3160 889 3186 tom.
910 3157 947 3185 V!
964 3180 973 3192 ‚
992 3164 1066 3195 pag.
1084 3156 1156 3187 530.

509 3208 524 3228 e
563 3205 764 3234 Λιιειιειῆηυς
786 3206 911 3243 nin'og.
936 3207 984 3236 lx.
1004 3211 1035 3236 et
1054 3208 1101 3236 xl.
1132 3205 1171 3236 de
1197 3208 1407 3238 numismati.

454 3247 567 3277 Vossiu
586 3250 623 3279 de
642 3253 721 3282 nist.
742 3255 807 3284 Lat.
828 3262 899 3293 pag.
919 3255 992 3285 800.

513 3294 547 3329 d„
566 3298 714 3329 (Jiorriale
733 3299 783 3330 de'
800 3304 906 3333 leucri
921 3302 952 3332 d·
970 3301 1063 3334 nolin
1079 3307 1158 3334 tom.
1178 3304 1243 3334 XX!
1256 3327 1265 3342 ,
1284 3312 1314 3343 p.
1334 3304 1408 3337 4528.

451 3343 654 3376 Burmannus
673 3346 692 3376 1.
712 3356 740 3377 c.

1236 259 1618 299 ‹tx'RlACUS

1465 330 1560 368 haec
1584 328 1678 367 dare
1699 339 1799 378 quae
1821 328 1979 379 scripsit
2003 325 2238 365 Ambrosius
2258 326 2414 366 Camal-

1463 390 1642 429 dulensis
1659 391 1698 428 in
1729 399 1801 428 suo
1835 388 2092 440 hodoeporico
2115 398 2202 439 pag.
2223 389 2285 428 30.
2305 386 2417 428 Adiit

1464 463 1533 491 nos
1555 451 1656 489 inter
1679 454 1853 490 coeteros
1877 454 1915 488 et
1938 448 2137 501 Cyriacus
2151 447 2420 490 Anconitanus

1465 513 1665 565 multaque
1682 511 1796 550 nobis
1816 510 1983 551 ostendit
2009 510 2257 562 antiquitatis
2275 543 2284 563 ,
2307 511 2422 551 cuius

1465 574 1765 615 curiosissimus
1788 573 2000 626 indayator
2032 579 2124 614 erat
2142 577 2422 621 monumenta;

1469 642 1550 676 tum
1586 637 1878 689 epigyrammata
1909 639 2091 686 vetusta,
2131 640 2214 676 tum
2249 635 2424 688 siynatos

1469 710 1647 738 nummos
1677 701 1913 749 argyenteos,
1937 702 1975 737 et
1994 709 2158 748 aureos,
2189 701 2272 737 tum
2295 697 2422 749 siyna.

1523 761 1773 799 Itinerarium
1798 761 1952 810 Cyriaci
1975 771 2051 798 non
2075 764 2167 799 ante
2193 760 2340 799 multos
2356 769 2426 798 an-

1470 833 1554 867 nos,
1571 833 1674 861 anno
1698 822 1850 860 scilicet
1872 820 1974 860 4742
1998 822 2105 872 typis
2128 821 2365 859 Florentinis
2386 821 2424 858 in

1472 886 1495 922 8
1518 914 1526 933 ,
1551 884 1734 935 vulgavit
1756 883 1910 922 amicus
1935 893 2049 922 meus
2073 882 2295 933 doctusque
2318 886 2430 921 vete-

1473 957 1561 985 rum
1585 945 1767 984 codicum
1795 943 2002 995 indagator
2016 944 2256 983 Laurentius
2274 943 2426 983 Mehus.

1525 1007 1725 1058 Epistolas
1740 1006 1896 1057 Cyriaci
1912 1005 2124 1045 nonnullas
2139 1009 2276 1044 servat
2303 1003 2429 1044 codex

1473 1072 1551 1110 MS.
1576 1070 1804 1108 Felinianus
1825 1080 1834 1117 3
1859 1068 1963 1106 inter
1983 1077 2084 1118 quas
2118 1067 2223 1118 prior
2247 1065 2295 1106 ad
2315 1067 2431 1105 Joan-

1475 1144 1566 1172 nem
1583 1130 1859 1181 palaeologum
1879 1129 2121 1168 Graecorum
2145 1129 2430 1179 Imperatorem

1477 1196 1622 1245 scripta
1641 1224 1649 1242 ,
1688 1194 1853 1231 missam
1897 1191 1945 1231 ad
1995 1190 2169 1230 eundem
2211 1190 2431 1242 principem

1477 1258 1762 1294 commemorat
1795 1255 2012 1293 orationem
2051 1252 2231 1292 eiusdem
2276 1252 2431 1303 Cyriaci

1477 1328 1608 1356 coram
1633 1316 1829 1356 Cardinali
1854 1317 2036 1355 Firmano
2054 1343 2063 1363 ,
2079 1313 2283 1365 Alphonso
2308 1324 2400 1365 rege
2423 1343 2431 1361 ,

1478 1379 1643 1428 aliisque
1672 1378 1895 1428 principum
1921 1377 2061 1428 legatis
2084 1375 2258 1415 habitam
2283 1374 2332 1414 de
2355 1374 2433 1413 col·
2498 1413 2500 1421 ,

1479 1439 1646 1491 ligendis
1671 1440 1710 1477 in
1730 1440 1881 1478 Turcas
1904 1439 2038 1478 armis.

1533 1501 1734 1552 Epistolae
1759 1511 1853 1539 vero
1878 1502 1977 1539 istae
2000 1498 2292 1551 propemodum
2305 1497 2437 1538 diver·
2498 1513 2500 1524 ·

1482 1575 1549 1603 sae
1574 1563 1621 1601 ab
1647 1564 1693 1601 iis
1718 1566 1806 1601 octo
1831 1566 1952 1610 sunt,
1982 1572 2083 1612 quas
2117 1560 2323 1599 Itinerario
2359 1560 2437 1610 Cy—

1482 1627 1573 1664 riaci
1600 1626 1743 1675 partim
1763 1625 1844 1674 J‘am
1868 1624 2090 1674 evulgataS,
2116 1623 2260 1674 partim
2280 1633 2302 1660 e
2325 1621 2435 1660 MSS.

1481 1687 1692 1727 Codicibus
1733 1690 1960 1733 extractas,
1990 1685 2038 1724 cl.
2077 1684 2217 1724 Mehus
2255 1683 2434 1722 subiecit:

1482 1750 1601 1787 Porro
1625 1760 1673 1787 ex
1699 1748 1761 1786 his
1786 1748 1978 1786 Lucensis
2001 1745 2148 1784 codicis
2171 1745 2348 1796 epistolis
2371 1755 2438 1796 po·
2497 1744 2500 1751 ’

1484 1814 1632 1848 strcma
1654 1821 1730 1848 non
1749 1809 1910 1860 quidem
1932 1808 2097 1859 epistola
2113 1811 2196 1855 est,
2217 1806 2285 1846 sed
2306 1807 2439 1858 potius

1478 1873 1600 1910 oratio
1623 1883 1645 1910 a
1669 1872 1833 1922 Cyriaco
1857 1871 1990 1910 habita
2012 1901 2020 1919 ‚
2044 1879 2123 1919 quo
2152 1872 2331 1919 tempore
2359 1869 2433 1907 Ra-

1482 1934 1617 1984 gusaei
1654 1933 1850 1984 legatione
1874 1943 1896 1972 a
1918 1933 2067 1971 Marino
2097 1930 2146 1970 de
2176 1931 2310 1970 Restis
2349 1931 2437 1969 cive

1479 2005 1551 2034 suo
1575 1994 1868 2045 gestafoederis
1894 1994 2193 2032 innovationem
2226 2003 2319 2031 cum
2348 1990 2430 2030 An-

1480 2056 1675 2093 conitanis
1713 2058 1754 2093 et
1793 2055 2049 2104 postularunt
2081 2058 2121 2093 et
2158 2055 2437 2105 impetrarunt.

1481 2115 1580 2155 Acta
1611 2116 1708 2154 haec
1739 2120 1834 2154 sunt
1865 2117 2032 2167 Eugenii
2062 2117 2124 2155 IV.
2154 2115 2229 2155 An.
2270 2117 2330 2159 X,
2372 2115 2435 2153 die
2499 2135 2500 2138 =

1483 2176 1619 2215 iduum
1658 2179 1880 2215 Juniarum.
1920 2176 2107 2216 Anconae
2153 2177 2291 2216 laudes
2340 2181 2436 2216 tunc

1481 2248 1724 2287 percensens
1744 2238 1938 2287 Cyriacus
1955 2249 1999 2276 ea
2016 2239 2146 2277 omnia
2167 2237 2330 2277 totidem
2357 2239 2437 2277 fere

1482 2299 1614 2337 verbis
1642 2300 1810 2350 repetit,
1835 2311 1937 2350 quae
1963 2301 1999 2337 in
2025 2300 2230 2342 itinerario
2253 2311 2326 2340 suo
2348 2311 2437 2351 per-

1482 2362 1697 2410 scripserat
1718 2361 1767 2399 ab
1793 2361 1869 2400 illis
1898 2361 2057 2399 verbis:
2083 2364 2143 2400 est
2164 2360 2266 2400 enim
2293 2360 2435 2400 civitas

1478 2420 1661 2460 Anconae
1688 2425 1757 2460 etc.
1779 2434 1865 2473 pag.
1887 2423 1938 2461 38
1960 2434 2090 2472 usque
2114 2422 2161 2462 ad
2187 2423 2252 2462 illa
2275 2434 2361 2474 pag.
2385 2423 2435 2461 48

1474 2482 1675 2533 pietatem,
1699 2482 1941 2522 devotionem
1961 2483 2136 2535 etfidem.
2162 2485 2206 2523 In
2230 2483 2437 2523 referenda

1479 2555 1573 2582 vero
1610 2546 1864 2596 inscriptione
1893 2546 2047 2596 TraJani
2066 2577 2077 2594 ,
2099 2556 2200 2596 quae
2234 2547 2436 2597 utrimque

1478 2607 1644 2644 recurrit
1664 2606 1996 2646 animadvertisse
2015 2606 2131 2657 juvat
2150 2609 2304 2659 insigne
2324 2618 2436 2647 men-

1478 2666 1572 2706 dum
1589 2699 1600 2716 ‚
1625 2669 1728 2718 quod
1756 2670 1793 2707 in
1816 2680 2012 2708 excusum
2037 2670 2228 2709 itinerarii
2262 2669 2432 2720 irrepsit.

1480 2729 1606 2768 Verba
1637 2731 1746 2768 enim
1773 2731 1862 2769 illa:
1897 2732 1982 2770 Hoc
2020 2730 2140 2770 etiam
2167 2729 2300 2769 addito
2303 2759 2431 2770 .....

1478 2788 1715 2840 reddiderit,
1736 2803 1838 2841 quae
1858 2797 2052 2842 tanquam
2074 2794 2111 2831 in
2134 2792 2264 2844 lapide
2285 2792 2434 2831 inscul-

1480 2857 1546 2902 pta
1585 2852 1724 2891 iisdem
1760 2857 1920 2892 exarata
1956 2854 2080 2892 literis
2096 2853 2244 2893 dantur
2257 2855 2296 2892 in
2313 2853 2431 2900 edito,

1481 2915 1519 2951 in
1541 2918 1678 2952 nostro
1702 2914 1837 2953 codice
1858 2915 1984 2954 literis
2007 2926 2198 2967 expressa
2225 2915 2396 2955 diversis
2412 2927 2434 2954 a

1480 2976 1630 3026 reliqua
1655 2977 1912 3028 inscriptione
1933 2977 2166 3026 exibentur‚
2188 2982 2379 3027 tanquam
2399 2977 2432 3014 si

1480 3042 1617 3077 essent
1637 3037 1811 3076 historici
1837 3039 2058 3086 narrantis,
2078 3048 2156 3076 non
2182 3037 2334 3089 lapidis.

1534 3099 1705 3138 Demum
1739 3103 1898 3149 praeter
1938 3098 2012 3138 hac
2052 3099 2212 3149 scripsit
2238 3098 2434 3149 Cyriacus

1480 3161 1716 3211 opusculum
1732 3160 1787 3198 De
1801 3163 1947 3211 septem
1964 3158 2105 3199 Mundi
2118 3158 2434 3211 spectaculis;al-

1479 3225 1607 3260 terum
1634 3221 1680 3260 de
1700 3219 1883 3260 Familiis
1902 3222 2170 3260 Romanorum
2189 3224 2229 3259 et
2257 3219 2304 3259 de
2335 3219 2433 3259 Gre-

1475 3281 1586 3332 9orio
1616 3283 1646 3320 T
1644 3281 1798 3332 heoloyo
1813 3293 1916 3331 quae
1937 3285 2073 3320 servat
2088 3281 2166 3320 MS.
2185 3281 2319 3321 Codex
2334 3281 2430 3322 Bibl.
2494 3327 2496 3332 .

1477 3344 1779 3392 Riccardianae3
1819 3353 1864 3380 ac
1902 3342 2072 3393 denique
2107 3343 2194 3382 eius
2217 3341 2264 3381 de
2295 3342 2437 3383 navali
