2500 3841
891 245 1287 288 ARNOLDUS

103 319 222 356 storia
246 316 467 367 Sapientiae
490 319 531 353 et
554 315 751 354 Stultitiac
775 318 879 353 tomo
900 316 913 354 Ι
939 328 973 367 p.
993 317 1055 355 47.

96 380 204 425 Quae
227 377 366 416 eadem
390 376 589 416 sententia
612 376 783 425 Thuani,
810 378 961 428 Usseri,
984 379 1055 417 Le-

96 440 189 492 geri.
214 439 235 462 '¹‘
257 441 313 479 De
334 439 395 478 his
420 437 674 477 Arnoldistis.
697 440 782 478 sive
810 437 1053 479 Arnaldistis

94 503 345 541 Bonacursus
368 501 472 552 apud
494 501 730 540 Dacherium
746 505 852 539 tomo
868 502 959 539 XIII
976 502 1054 552 spi-

94 563 241 614 cilegii,
265 567 306 602 et
329 563 512 602 editionis
535 574 661 602 novae
695 567 789 601 tom.
814 564 829 601 I
859 573 945 613 pag.
975 563 1052 603 244

88 636 177 675 seq.
200 630 240 664 et
259 627 302 664 B.
333 626 488 676 lttigius
526 624 575 663 de
608 625 858 664 Bibliothecis
892 627 1051 664 Patrum

93 697 180 737 pag.
203 687 280 727 248
299 688 367 738 qui
389 686 585 737 ejusmodi
608 686 875 734 Arnoldistas,
909 687 1053 725 docen-

93 752 171 797 tes,
192 749 296 800 quod
309 743 608 788 obClericorum
624 750 830 798 malitiam,
851 750 1051 788 Ecclesiae

95 810 350 851 Sacramenta
370 813 486 850 vitari
506 811 692 862 debeant,
717 812 757 849 in
786 811 892 851 hunc
921 822 1049 862 usque

91 870 196 911 diem
220 871 303 912 dari
325 878 500 912 annotat.

146 933 410 975 ARNOLDUS
453 947 503 974 ex
548 936 745 975 Canonico
790 933 1048 974 Herveldensi

90 995 339 1048 Allabensis,
376 999 416 1036 in
448 999 614 1037 Bavaria
647 998 861 1037 Monachus
889 996 1048 1036 Ordinis

90 1060 311 1109 Benedicti,
328 1061 487 1111 scripsit
502 1061 633 1100 Vitam
650 1062 690 1100 S.
711 1057 1049 1099 GodeharcliHild-

96 1122 314 1161 heimensis
335 1123 519 1174 Episcopi
555 1122 671 1162 Anno
709 1120 809 1162 4037
846 1120 1046 1170 defuncti,

92 1195 193 1235 quae
218 1184 450 1236 interpolata
472 1183 576 1236 apud
600 1185 779 1231 Surium⁷
796 1183 983 1221 sincerior
996 1193 1047 1221 ex

92 1247 303 1298 integriore
326 1245 496 1286 editione
533 1247 724 1298 Lipsiensi
761 1244 835 1284 An.
876 1245 978 1284 4548
1007 1247 1047 1282 et

90 1309 362 1360 Christophori
384 1310 559 1348 Broweri
582 1307 801 1348 illustribus
831 1306 1047 1346 luminibus

88 1371 340 1420 Germaniae,
362 1373 535 1421 Mogunt.
558 1371 677 1419 4646,
695 1371 716 1409 4
741 1371 906 1421 repetita
930 1372 992 1408 est
1007 1370 1046 1407 in

87 1433 198 1472 Actis
214 1434 448 1473 Sanctorum
467 1434 488 1471 4
508 1432 596 1483 Maji
617 1437 709 1471 tom.
735 1433 750 1470 Ι
776 1442 850 1483 pag
867 1432 935 1470 504
959 1442 1042 1481 seq.

85 1499 126 1534 et
159 1495 234 1534 sub
273 1494 572 1534 WOLFHERRI
603 1496 762 1533 nomine
795 1495 834 1532 in
863 1493 1043 1532 Leibnitii

84 1557 349 1608 Scriptoribus
370 1557 731 1596 BrunSVIcensibus
755 1560 782 1595 t.
808 1557 823 1595 I
848 1567 933 1607 pag.
953 1556 1040 1594 482.

135 1617 415 1669 ARNOLDUS‚
431 1620 516 1658 sive
528 1618 805 1667 ERNALDUS⁷
819 1617 952 1657 Abbas
969 1619 1042 1656 Bo-

82 1692 157 1720 nae
179 1681 302 1721 Vallis
323 1683 363 1720 in
386 1681 676 1733 Allobrogibus,
700 1681 858 1720 Ordinis
875 1683 1039 1722 Cisterc.

85 1744 268 1783 diversus
290 1755 313 1783 a
335 1745 568 1784 Carnotensi
584 1744 688 1795 apud
706 1743 986 1783 Combefisium
1001 1747 1041 1781 et

85 1806 182 1845 alios
198 1806 358 1857 fingitur
373 1810 510 1845 auctor
539 1807 648 1846 Vitae
665 1806 702 1845 S.
729 1805 927 1844 Bernardi.
956 1804 1033 1844 Sed

83 1870 167 1908 vita
188 1869 253 1908 illa
274 1869 420 1919 scripta
439 1873 501 1907 est
523 1873 615 1907 ante
639 1867 799 1907 Annum
817 1868 932 1917 4464,
956 1877 1034 1917 quo

85 1935 262 1982 tempore
278 1931 412 1970 nullus
429 1932 500 1970 fuit
515 1931 646 1970 Abbas
662 1931 908 1970 Bonaevallis
923 1931 1039 1969 Vien-

85 1994 220 2032 nensis
234 1993 391 2033 Ordinis
415 1994 577 2033 Cisterc.
602 1997 647 2032 ut
670 2005 692 2032 a
713 1992 932 2031 Mabillonio
950 2004 1039 2044 pro-

84 2055 132 2094 be
162 2059 355 2094 notatum.
390 2055 488 2095 Vide
525 2055 724 2095 Oudinum
763 2059 855 2094 tom.
887 2056 920 2094 II
949 2066 1035 2105 pag.

87 2118 187 2156 4293
211 2128 293 2168 seq.
317 2117 427 2156 Idem
450 2117 513 2156 hic
534 2116 752 2166 Ernaldus,
769 2118 837 2168 qui
857 2117 980 2155 vitam
995 2118 1034 2156 S.

82 2178 284 2219 Berimrdi
303 2191 326 2219 a
348 2180 540 2220 Guilelmo
562 2178 713 2219 Abbate
738 2180 776 2219 S.
807 2179 1035 2218 Theodorici

83 2247 262 2293 coeptam
277 2243 534 2282 continuavit.
550 2242 754 2282 Editiones
773 2241 862 2280 vide
878 2242 977 2280 infra
997 2242 1035 2279 in

85 2303 290 2354 Guilelm,
313 2302 429 2355 cujus
449 2305 602 2356 primus
625 2304 722 2343 liber
736 2307 815 2342 est:
834 2307 877 2342 ut
893 2305 1035 2342 tertius

83 2370 250 2418 quartus
273 2371 313 2406 et
336 2368 499 2418 quintus
522 2366 709 2406 Gaufridi.

135 2427 397 2469 ARNOLDUS
417 2428 774 2477 Bonavillctrensis‚
799 2430 900 2477 sive,
918 2432 962 2467 ut
979 2429 1037 2465 vi-

82 2491 181 2528 tiose
218 2491 337 2530 etiam
375 2491 504 2531 editur
540 2490 871 2530 Boravillacensis
904 2490 1034 2530 Abbas

83 2551 186 2604 apud
203 2552 296 2591 Tho.
313 2554 549 2601 Jamesium⁷
563 2554 656 2592 Rob.
673 2555 841 2603 Cocum⁷
859 2555 1034 2604 aliosque

83 2614 187 2653 idem
207 2625 298 2652 cum
317 2615 567 2663 Carnotensi,
593 2615 640 2653 de
665 2628 741 2665 quo
765 2627 868 2655 mox.

135 2675 350 2715 ARNOLDI
372 2677 555 2725 BOSTH,
591 2678 823 2717 Carmelitae
852 2679 1034 2718 Gauden-

81 2740 154 2788 sis,
180 2739 246 2789 qui
269 2737 343 2777 An.
370 2739 470 2777 4499
494 2738 515 2761 ³⁶
539 2738 642 2777 diem
665 2740 773 2787 obiit,
794 2741 1030 2791 opusculum

81 2801 128 2840 de
137 2799 366 2853 praecipuis
381 2799 531 2852 aliquot
545 2799 836 2840 Carthusianae
849 2800 1029 2853 familiae

80 2861 270 2903 Patribus
292 2874 315 2902 a
339 2863 540 2902 Theodoro
556 2865 692 2901 Petreo
709 2863 940 2902 Carthusiae
957 2865 1011 2903 Co

80 2927 268 2966 loniensis
290 2927 450 2966 alumno
473 2925 622 2965 editum
639 2925 819 2965 Coloniae
836 2927 936 2964 4609
957 2926 1025 2964 8.“’

79 2988 141 3028 Ad
162 2989 269 3028 hunc
282 2987 500 3028 Arnoldum
524 2993 683 3027 exstant
702 2988 899 3038 Epistolac
914 2988 1029 3027 Joan-

80 3053 142 3090 nis
166 3051 389 3101 Trithemii,
415 3051 482 3102 qui
511 3052 549 3089 in
573 3051 669 3089 libro
693 3050 740 3089 de
766 3050 1027 3100 Scriptoribus

78 3112 366 3152 Ecclesiasticis
383 3125 465 3165 cap.
483 3114 557 3152 930
575 3116 745 3151 testatur
765 3123 855 3151 eum
872 3122 1028 3162 quoquc

81 3177 287 3226 scripsisse
315 3174 360 3214 de
383 3174 605 3215 illustribus
646 3175 748 3215 Viris
779 3173 937 3213 Ordinis
966 3173 1033 3213 sui

132 3270 146 3288 ⁰
162 3271 391 3312 Bibliotheque
409 3273 631 3312 Germanique
652 3275 731 3303 tom.
750 3272 789 3301 lx
802 3294 811 3309 ‚
828 3278 902 3310 pag.
921 3269 970 3301 16.

132 3321 147 3338 ⁰
165 3321 365 3354 Trithemius
396 3321 430 3354 in
459 3322 624 3354 Chronico
649 3321 883 3361 Spanliemensi
902 3329 934 3359 p.
957 3319 1029 3352 410.

77 3369 160 3403 Male
173 3370 259 3411 apud
270 3373 424 3404 Vosslum
438 3379 487 3403 cic
502 3379 593 3403 εεεεε
616 3380 669 3405 xix
688 3379 746 3411 pro
764 3373 817 3403 clo
838 3377 911 3401 cccc
929 3377 1014 3403 xcix.

2006 247 2076 286 131

1129 328 1214 365 sive
1236 325 1478 367 Carmelitis:
1505 325 1559 363 De
1577 327 1792 377 patronatu
1813 323 1969 363 Mariae
1992 325 2085 364 Car—

1128 390 1286 428 melitici
1310 388 1484 436 Ordinis,
1508 388 1682 426 carmine
1699 391 1739 425 et
1754 397 1869 437 prosa
1892 389 2086 437 composi-

1127 455 1228 499 tum,
1252 452 1329 490 MS.
1361 450 1562 490 Coloniae:
1599 452 1640 487 et
1677 452 1814 487 conlra
1845 448 2086 488 Vincentium

1126 513 1479 552 Novocastrensem
1507 511 1825 558 Dominicanum‚
1851 522 1920 561 pro
1944 522 2085 550 conce-

1125 576 1256 626 ptione
1269 573 1531 621 immaculata,
1545 571 1606 619 (de
1615 584 1693 622 qua
1708 572 1828 611 etiam
1845 573 2082 613 adBostium

1125 638 1282 688 scripsit
1304 640 1439 675 contra
1460 633 1632 673 cundem
1655 635 1909 674 Vincentium
1938 636 2084 674 Rober-

1124 703 1191 738 tus
1213 696 1451 748 Gagvinu52)
1470 697 1677 734 Praeterea
1697 696 1752 734 De
1767 701 1941 747 quatuor
1953 697 2083 737 novis-

1124 760 1247 800 simis.
1271 757 1482 810 Epistolas.
1508 756 1711 797 Carmina.

1175 821 1440 861 ARNOLDUS
1477 818 1699 858 Budericus
1735 818 2049 871 Augustinianus
2069 852 2077 865 ,

1123 885 1231 923 Prior
1252 882 1479 921 monasterii
1500 881 1546 920 A.
1564 880 1666 921 4447
1682 893 1801 932 prope
1818 881 2084 923 Alelenardam

1120 945 1266 984 conditi
1290 945 1468 995 scripsit⁷
1494 947 1596 982 teste
1616 944 1768 982 Valerio
1788 943 1962 992 Anthea,
1981 945 2084 984 Oda-

1119 1007 1226 1045 rium
1249 1006 1295 1045 de
1320 1005 1435 1045 lotide
1463 1005 1574 1056 DEI,
1605 1004 1725 1051 libros
1759 1007 1837 1045 XII
1859 1007 2080 1057 Epistolam

1119 1070 1401 1121 apologeticam
1418 1072 1557 1107 contra
1573 1067 2082 1108 detractoresMonasterio-

1120 1143 1228 1170 rum:
1253 1136 1291 1170 et
1316 1132 1372 1170 De
1394 1130 1505 1170 modo
1530 1131 1722 1170 servandi
1745 1130 1930 1170 Ordinem
1956 1131 2082 1170 Cauo-

1119 1192 1301 1232 m'corum
1324 1192 1586 1245 regularium.
1611 1194 1790 1244 Denique
1814 1192 2067 1232 di'uelarium.

1171 1256 1440 1296 ARNOLDUS
1457 1255 1502 1295 cle
1518 1257 1644 1295 Busco
1661 1255 1997 1303 Augustinianus‚
2015 1266 2083 1294 eu-

1116 1317 1183 1368 jus
1202 1319 1346 1357 librum
1366 1318 1414 1357 de
1433 1320 1530 1357 viris
1552 1319 1772 1358 illustribus
1787 1318 1945 1357 Ordinis
1960 1319 2019 1357 sui
2042 1322 2084 1355 et

1120 1382 1350 1420 monasterii
1374 1380 1773 1420 windesheimensis.
1804 1385 1845 1419 et
1882 1381 2003 1419 alium
2032 1381 2082 1419 de

1117 1444 1300 1483 laudibus
1322 1444 1360 1483 S.
1385 1443 1524 1483 Annae
1544 1444 1752 1482 memorari
1768 1443 1882 1481 video
1897 1454 1919 1481 a
1941 1443 2081 1481 Vossio

1117 1507 1297 1557 aliisque.
1322 1507 1429 1546 Vixit
1453 1512 1492 1546 et
1513 1507 1576 1546 hic
1601 1506 1730 1545 medio
1753 1505 1911 1545 saeculo
1928 1505 2081 1544 decimo

1118 1570 1273 1621 quintO.

1167 1631 1432 1672 ARNOLDUS
1454 1630 1587 1671 Abbas
1606 1633 1737 1671 Bonae
1759 1632 1881 1671 Vallis
1904 1633 1944 1670 in
1960 1633 2080 1671 Fran-

1114 1695 1173 1733 cia
1194 1694 1465 1741 Garamum,
1486 1694 1578 1732 Ord.
1598 1693 1742 1733 Bened.
1760 1695 1912 1733 amicus
1933 1695 1970 1733 S.
1987 1696 2081 1733 Ber-

1114 1756 1244 1806 nardi,
1269 1758 1337 1807 qui
1370 1758 1487 1796 morti
1510 1757 1668 1795 vicinus
1691 1756 1738 1795 ad
1760 1769 1852 1796 eum
1880 1755 1955 1795 An.
1977 1757 2081 1796 4453

1109 1819 1268 1868 scripsit
1290 1819 1510 1870 Epistolam
1533 1819 1622 1857 340.
1649 1817 1749 1868 Ejus
1778 1817 1959 1857 homilias
1982 1820 2014 1858 V
2039 1819 2080 1856 in

1113 1881 1316 1919 Psalmum
1346 1881 1543 1920 CXXXII.
1571 1880 1696 1928 Ecce⁷
1720 1892 1841 1931 quam
1871 1879 2012 1919 bonum
2042 1885 2081 1919 et

1112 1954 1233 1994 quam
1248 1942 1490 1995 jucundum.
1511 1955 1602 1982 cum
1628 1943 1757 1982 libello
1777 1942 1823 1981 de
1847 1942 1959 1981 danis
1989 1942 2076 1993 Spi-

1110 2008 1216 2044 ritus
1239 2007 1279 2046 S.
1305 2006 1426 2045 edidit
1455 2007 1672 2045 Casimirus
1701 2006 1882 2045 Oudinus
1906 2007 1945 2043 in
1969 2003 2076 2056 Opu-

1112 2069 1234 2108 sculis
1255 2070 1378 2107 sacris
1411 2068 1558 2107 Galliae
1578 2072 1618 2106 et
1651 2069 1773 2119 Belgii
1808 2068 2046 2117 scriptorum
2065 2097 2074 2113 ‚

1111 2130 1234 2181 Lugd.
1249 2132 1333 2169 Bat.
1357 2132 1458 2171 4692
1478 2132 1513 2169 8.
1531 2131 1579 2169 In
1599 2129 1802 2169 Psalmum
1819 2130 2067 2169 XLIVetiam

1111 2192 1254 2232 habere
1275 2204 1318 2232 se
1338 2197 1511 2232 testatus
1541 2197 1603 2232 est
1624 2192 1883 2232 Mabillonius.
1910 2193 2075 2231 Caetera

1110 2253 1232 2305 hujus
1268 2254 1430 2294 Arnoldi
1468 2255 1670 2294 Johannes
1706 2254 1840 2293 Fellus
1873 2254 1996 2293 edidit
2026 2254 2076 2293 ad

1110 2318 1259 2356 calcem
1294 2318 1332 2356 S.
1354 2319 1566 2369 Cypriani,
1591 2318 1655 2356 cui
1679 2316 1777 2355 liber
1802 2315 1849 2354 de
1879 2314 2076 2355 Cardine—

1110 2377 1213 2418 libus
1236 2379 1400 2420 CHrisli
1420 2378 1604 2431 operibus
1622 2383 1779 2430 praeter
1799 2390 1882 2417 rem
1900 2378 2075 2417 tributus

1109 2442 1158 2480 ab
1182 2443 1268 2484 aliis
1293 2444 1385 2491 fuit,
1409 2454 1500 2481 cum
1526 2441 1725 2481 Arnoldus
1748 2452 1840 2480 eum
1870 2441 2073 2490 scripserit

1109 2504 1157 2542 ad
1192 2504 1433 2542 Hadrianum
1463 2505 1513 2542 IV
1550 2505 1694 2554 Papam
1726 2503 1773 2541 ab
1802 2501 1846 2540 A.
1893 2502 1992 2540 4454
2022 2501 2070 2539 ad

1111 2566 1224 2604 4459.
1251 2566 1480 2603 Tractatum
1505 2564 1551 2602 de
1570 2567 1713 2616 septem
1748 2562 1881 2602 verbis
1916 2561 2075 2600 Domini

1110 2627 1150 2665 in
1171 2627 1320 2673 Cruce,
1344 2631 1433 2676 post
1456 2626 1653 2664 Francisci
1674 2625 1908 2664 Titelmanni
1930 2623 2068 2662 editio-

1109 2701 1199 2727 nem
1240 2687 1495 2739 Antwerpiac
1530 2688 1658 2734 4532,
1700 2688 1723 2724 8
1755 2686 1918 2724 dederat
1946 2687 2066 2723 etiam

1105 2749 1368 2791 Coinbefisius
1405 2750 1444 2786 in
1478 2749 1574 2787 Bibl.
1609 2748 1929 2792 Concionatoria‚
1974 2748 2070 2786 feria

1104 2815 1218 2851 sexta
1240 2821 1488 2861 parasceves.
1508 2811 1645 2849 Sermo
1661 2809 1706 2847 (Ie
1728 2808 1913 2847 laudibus
1928 2810 1966 2848 S.
1984 2810 2068 2848 Ma—

1103 2873 1192 2912 riae
1209 2905 1218 2921 ,
1241 2884 1332 2911 cum
1353 2872 1507 2911 duobus
1527 2871 1796 2922 superioribus
1827 2871 1985 2921 scriptis
2005 2870 2071 2908 ob-

1103 2936 1196 2973 vius
1213 2945 1371 2984 quoquc
1389 2934 1426 2970 in
1445 2933 1866 2971 Bibliotliecisl'atrum
1880 2932 2071 2969 Parisien-

1102 2997 1211 3035 sibus
1229 3028 1236 3046 ⁷
1256 2996 1583 3042 ColoniensibuS‚
1605 2999 1644 3033 et
1681 2993 1936 3043 Lugdunensi
1968 2997 2063 3031 tom.

1101 3059 1237 3106 XXII⁷
1268 3069 1353 3107 pag.
1381 3057 1494 3095 4280.
1521 3056 1805 3103 Meditationes,
1834 3066 1934 3105 quae
1968 3055 2063 3093 inci-

1101 3121 1240 3169 piunt:
1263 3117 1343 3156 ‘noli
1374 3118 1510 3157 timere
1544 3118 1663 3166 Sion7
1688 3120 1841 3168 primus
1873 3128 1921 3155 ex
1956 3117 2060 3156 MSS.

1103 3181 1284 3220 laudatus
1306 3180 1436 3219 Fellus
1459 3181 1495 3218 in
1517 3181 1644 3219 lucem
1666 3180 1827 3231 protulit
1848 3178 1892 3217 A.
1917 3179 2030 3219 4682.

1154 3241 1419 3281 ARNOLDUS
1441 3240 1714 3293 Corbejensis‚
1739 3241 1872 3280 Ordin.
1895 3239 2059 3279 Benedi-

1101 3305 1193 3342 ctin.
1210 3306 1312 3342 circa
1327 3302 1371 3342 A.
1389 3305 1402 3343 4
1415 3304 1500 3342 030.
1515 3301 1731 3341 Proverbia
1741 3301 1962 3342 Salomonis
1975 3314 2065 3341 ver-

1103 3363 1212 3404 sibus
1230 3364 1473 3404 hexametris
1494 3364 1671 3404 reddidit.
