2500 4009
403 200 455 239 72
853 205 855 207 ’
1190 191 1588 233 ALVERNUS

403 273 664 324 Scriptoribus
685 271 840 312 Ordinis
859 270 1049 308 Minorum
1066 280 1102 320 p.
1122 263 1171 307 ⁴5·
1185 271 1225 306 et
1239 268 1351 307 Nico-

402 334 488 373 laus
504 334 697 373 Antonius
713 330 970 371 Bibliothecae
993 330 1140 368 veteris
1157 329 1348 380 Hispanae

401 396 465 434 lib.
487 397 539 434 ix
556 407 637 445 cap.
665 395 685 431 4
707 398 798 430 tom.
819 392 852 429 II
877 403 963 442 pag.
981 391 1055 430 400
1076 402 1158 442 seq.
1174 392 1236 431 Ex
1255 392 1349 430 scri-

400 459 479 508 ptis
496 456 581 506 ejus
601 455 852 505 praecipuum
871 457 933 491 est
955 453 1118 492 Summa
1134 453 1154 475 ³*
1170 452 1216 492 de
1233 451 1349 504 plan-

401 523 464 558 ctu
481 515 764 565 ecclesi·ae,ejus
781 515 959 554 morboso
975 519 1014 554 et
1029 514 1252 554 defectuoso
1267 518 1347 552 tam

399 579 770 625 ecclesiasticorum,
795 588 914 627 quam
940 577 1174 616 secularium
1195 577 1347 627 lugubri

399 646 522 687 statu,
553 640 601 678 ad
626 641 784 678 Petrum
819 639 1052 677 Gomezium
1081 638 1344 678 Cardinalem:

398 714 496 754 opus
524 701 722 740 Antonino
752 700 979 739 Florentino
1016 701 1193 750 inprimis
1216 700 1351 750 proba—

396 762 607 814 tum,quod
625 767 761 802 auctor
778 763 859 813 ipse
874 763 927 801 ait
944 772 986 799 se
1001 763 1176 812 coepisse
1193 772 1347 812 compo—

395 837 488 864 nere
504 826 706 864 Avenione
725 854 734 869 ,
759 824 832 862 An.
853 824 952 863 4330
975 828 1013 861 et.
1032 823 1254 862 absolutum
1270 822 1344 861 An.

396 889 498 927 4332
522 888 768 926 recensuisse
793 887 830 924 in
856 887 1056 924 Lusitania
1072 885 1144 923 An.
1166 885 1268 924 4335
1289 889 1346 923 at-

395 961 473 1000 que
493 951 635 988 iterum
665 948 737 986 An.
773 948 886 986 4340.
923 948 1050 986 Prima
1079 946 1194 984 editio
1224 945 1344 996 hujus

395 1013 523 1063 operis
539 1011 735 1050 Ulmensis
749 1009 821 1048 An.
844 1008 945 1048 4474
967 1009 1054 1047 folio
1075 1007 1220 1057 majore
1240 1007 1343 1059 apud

394 1074 612 1112 Johannem
630 1073 763 1110 Zeiner
782 1071 831 1109 de
844 1070 1089 1121 Reutlingen.
1110 1070 1216 1108 Hanc
1234 1080 1344 1108 secu-

395 1141 457 1174 tae
487 1134 762 1185 Lugdunensis
793 1134 892 1172 4547
916 1137 956 1171 et
978 1132 1128 1170 Veneta
1151 1132 1259 1171 4560·
1281 1133 1342 1173 fol.

394 1198 635 1248 dignumque
655 1200 778 1243 esset,
794 1206 879 1234 raro
895 1198 1030 1245 utpote
1046 1195 1224 1245 obvium,
1239 1195 1343 1246 quod

393 1260 441 1298 ab
474 1260 604 1309 aliquo
641 1259 724 1296 viro
753 1257 866 1295 docto
902 1268 993 1295 cum
1031 1259 1263 1296 necessariis
1295 1258 1343 1298 ad

392 1327 614 1372 temporum
635 1321 787 1359 illorum
808 1320 946 1358 faciem
966 1320 1258 1371 intelligendam
1278 1322 1344 1361 ob-

391 1384 680 1423 servationibus
716 1382 847 1433 praelo
888 1383 1030 1421 iterum
1071 1381 1340 1432 subjiceretur.

392 1446 479 1485 Alia
511 1445 644 1485 Alvari
682 1444 803 1495 hujus
829 1445 993 1495 scripta,
1030 1444 1099 1483 sed
1131 1449 1175 1484 ut
1209 1448 1343 1497 opinor

390 1509 518 1549 adhuc
547 1508 712 1557 inedita,
737 1507 786 1546 de
809 1508 952 1558 quibus
980 1508 1210 1558 praesertim
1233 1509 1343 1547 Nico-

390 1573 477 1611 laus
508 1571 722 1619 Antonius,
757 1573 998 1609 memoratur
1029 1569 1236 1621 Speculum
1269 1572 1341 1610 Re—

387 1645 500 1685 fflam,
539 1638 624 1672 tum
664 1631 871 1684 collyrium
909 1630 1103 1671 adversus
1140 1631 1339 1672 haereses:

392 1695 583 1747 Apoloqia
606 1706 674 1746 pro
697 1695 874 1733 Johanne
901 1695 1011 1733 XXII
1033 1694 1225 1733 adversus
1243 1696 1341 1733 Mar-

390 1759 521 1797 silium
536 1758 767 1797 Patavinum
791 1761 831 1795 et
854 1757 1092 1796 Guilelmum
1113 1758 1339 1796 Occamum.

390 1819 673 1860 commentarii
686 1819 725 1857 in
737 1819 790 1858 VI
801 1817 920 1857 libros
934 1817 1233 1857 Sententiarum.
1247 1819 1340 1858 Ser-

387 1894 448 1920 mo
483 1883 639 1921 habitus
668 1885 874 1932 praesente
902 1880 1078 1919 Johanne
1101 1882 1239 1931 XXII,
1262 1892 1340 1932 quo

388 1945 575 1984 adhaeret
588 1945 756 1996 opinioni
774 1944 876 1982 illius
891 1943 939 1982 de
954 1944 1105 1981 visione
1121 1944 1340 1982 animarum

387 2012 478 2046 ante
500 2007 602 2045 diem
624 2005 758 2056 judicii
780 2004 1026 2055 deneganda,
1051 2005 1098 2043 de
1122 2016 1199 2055 qua
1221 2005 1341 2044 Wad-

386 2068 529 2118 diiigus
557 2068 605 2106 ad
634 2067 793 2106 Annum
823 2067 923 2105 4333
947 2077 1056 2105 num.
1083 2066 1143 2104 40.

442 2131 461 2151 ³*
478 2130 558 2167 Non
578 2127 854 2167 illustrandum
884 2132 992 2165 esset
1020 2127 1292 2166 tantummodo
1315 2139 1337 2167 a

386 2193 471 2229 viro
500 2192 628 2240 aliquo
657 2190 770 2228 docto
799 2200 898 2240 opus
918 2188 1024 2228 istud
1043 2188 1336 2239 Alvari,atque

387 2254 439 2291 ita
463 2251 690 2303 paludatum
713 2253 854 2290 iterum
872 2250 1167 2301 producendum
1181 2252 1334 2290 essetin

386 2314 614 2365 publicum3
646 2313 714 2352 scd
744 2317 784 2350 et
811 2312 860 2350 ad
888 2316 1046 2350 veteres
1074 2313 1150 2351 MS.
1173 2312 1335 2352 Codices

385 2388 435 2415 ex
465 2378 613 2426 integro
635 2386 840 2414 recensere
869 2378 1075 2425 oporteret.
1101 2375 1196 2413 Nam
1220 2375 1334 2425 plane

386 2438 621 2477 mendosum
649 2441 711 2475 est
740 2438 777 2474 in
807 2436 947 2485 editis,
976 2441 1017 2474 et
1045 2447 1160 2487 saepe
1189 2436 1334 2475 discre-

384 2505 452 2551 pat
480 2511 501 2538 a
529 2500 634 2539 MSS.
664 2498 930 2538 Bernardinus
966 2500 1105 2537 Baroni
1145 2499 1334 2538 Lucensis

385 2564 536 2602 amicus
564 2572 705 2610 meus,
734 2563 796 2599 vir
824 2560 965 2599 doctus
999 2571 1098 2612 opus
1132 2560 1234 2599 idem
1264 2562 1334 2599 Pes

385 2624 471 2673 lagii
514 2625 553 2662 in
595 2624 670 2663 MS.
715 2622 856 2663 Codice
897 2622 1103 2661 chartaceo
1132 2622 1330 2672 possidet,

386 2697 505 2736 quem
551 2686 647 2724 mihi
691 2685 914 2733 mutuavit,
944 2683 1208 2734 eumdemque
1235 2694 1328 2723 cum-

387 2748 577 2798 impresso
599 2748 774 2786 venetiis
806 2758 868 2785 an.
891 2747 992 2786 4560
1016 2746 1162 2784 contuli
1184 2758 1194 2794 ·,
1213 2749 1334 2795 atque

387 2810 442 2847 sic
470 2809 631 2850 demum
653 2809 825 2848 intellexi
843 2838 851 2857 ,
872 2812 1021 2859 quanta
1039 2809 1091 2846 sit
1112 2807 1230 2846 huius
1249 2818 1333 2846 cor-

443 2915 454 2928 ·
479 2915 617 2946 Fallitur
639 2914 838 2955 Waddingus
854 2938 863 2953 ‚
888 2916 1014 2955 quique
1043 2923 1119 2946 cum
1150 2917 1335 2953 sequuntur

381 2969 413 2996 et
435 2972 453 2995 a
475 2965 621 3004 planctu
641 2965 821 2997 Ecclesiae
844 2964 1011 2996 diversum
1037 2973 1118 3006 opus
1140 2962 1266 2995 faciunt
1283 2962 1338 2993 ΑΙ-

381 3016 450 3045 vari
479 3015 657 3046 Summam
694 3014 900 3054 Theoloqiae
916 3037 926 3052 ,
949 3022 1047 3054 quam
1071 3017 1103 3045 et
1128 3015 1232 3053 ipsam
1269 3013 1335 3043 lm-

382 3072 525 3101 pressam
548 3066 642 3104 ajunt
673 3063 772 3095 tuisse
794 3063 904 3095 Ulmae
936 3067 973 3096 Α.
999 3062 1090 3094 1474.
1113 3061 1284 3094 Falluntur
1305 3063 1338 3092 et

384 3114 439 3150 qui
453 3122 525 3144 cum
536 3113 678 3145 Orlando
695 3113 962 3153 Reutlingensem
977 3113 1142 3154 planctus
1155 3111 1335 3144 Ecclesiae

387 3161 564 3192 editionem
601 3164 731 3203 fingunt
770 3166 863 3194 Anno
904 3161 983 3193 1474
1012 3165 1046 3194 in
1068 3162 1176 3195 lucem
1202 3162 1335 3198 editam,

386 3208 465 3239 Vide
487 3212 642 3243 Francica
677 3215 756 3244 Acta
796 3212 923 3244 erudita
954 3215 986 3244 et
1020 3213 1172 3249 curiosa,
1203 3210 1334 3250 vulgata

385 3261 577 3291 Germanice
612 3263 842 3304 Norimbergac
882 3262 978 3300 1728,
1018 3261 1100 3301 8vo,
1134 3263 1231 3293 Parte
1267 3261 1335 3291 xiv

388 3316 462 3347 pag.
491 3307 556 3338 ΗΞ.

1422 263 1604 302 rectionis
1627 265 1852 305 necessitas.
1882 264 1943 304 En
1986 278 2110 307 unum
2142 268 2362 311 alterumve

1425 326 1625 376 specimen
1653 337 1702 365 ex
1730 328 1967 378 praefatione
1995 328 2207 370 deductum

1594 411 1691 444 Edita
2114 419 2176 450 MS.

1416 461 1452 491 In
1468 459 1669 494 sublimitate
1678 464 1784 493 Status
1801 463 1869 494 ima
1911 464 1948 494 ln
1957 463 2159 498 sublimitate
2170 469 2374 500 StatusPon-

1434 518 1509 542 cum
1526 511 1655 543 Christo
1670 509 1803 546 humill.
1928 512 2059 546 titicalis
2069 523 2169 550 nunc.
2185 516 2268 548 Cum
2278 517 2372 550 Chri·

1795 560 1799 565 '
1933 564 1984 596 sto
2005 561 2135 598 humili.

1414 609 1465 640 Sic
1489 608 1590 641 Elech
1912 609 2061 651 Sicheleg

1413 658 1581 698 seraphici
1608 659 1687 690 almi
1913 659 2080 700 seraphici
2103 661 2182 694 olim

1413 708 1461 739 lbi
1485 716 1562 738 cum
1583 708 1677 738 enim
1910 711 1948 740 v.
1971 718 2046 741 cum
2069 712 2158 743 emin

1412 761 1513 790 verus
1529 760 1616 797 Papa
1640 757 1791 789 Nicolaus
1807 765 1864 790 an·
1909 761 2010 790 Verus
2032 762 2121 801 Papa
2146 763 2287 794 loannes
2301 765 2371 794 Ro·-

1432 808 1545 847 tiquus
1573 809 1754 839 Romanus.
1935 816 2052 841 manus
2068 835 2079 849 ,
2102 814 2166 844 etc.

1414 859 1476 895 Qui
1501 865 1567 888 non
1590 860 1638 888 est
1666 859 1807 894 Sanctus
1915 860 1978 897 Qui
2001 867 2068 891 non
2090 859 2258 894 estractus
2274 863 2370 903 Epis·
2398 861 2401 865 “

1932 916 2035 949 copus

1410 957 1447 986 ln
1468 955 1615 987 Ecclesia
1640 955 1806 988 catholica
1914 958 2024 989 Etiam
2046 958 2227 992 catholicus

1410 1008 1451 1038 Et
1476 1006 1695 1046 quadraginta
1729 1013 1801 1046 cap.
1826 1007 1861 1037 in
1904 1007 1946 1038 Et
1980 1007 2203 1049 quadraginta
2227 1009 2368 1046 ,duobus

1430 1058 1538 1100 prima
1554 1059 1647 1100 parte
1668 1056 1765 1089 istIus
1795 1062 1874 1096 ope·
1936 1056 2084 1092 arliquls
2127 1059 2162 1091 in
2203 1061 2369 1101 principio

1429 1106 1485 1136 ris.
1932 1106 2029 1140 istius
2051 1108 2174 1152 operis.

1468 1190 1745 1240 ALVERNUS,
1775 1191 1824 1230 de
1852 1189 2119 1242 ALVERNIA,
2146 1192 2237 1232 vide
2264 1193 2364 1234 infra

1415 1253 1607 1293 PETRUS
1625 1252 1845 1303 Arvernus,
1862 1258 1903 1293 et
1935 1253 2219 1294 GUILELMUS
2246 1255 2365 1294 Pari*

1415 1326 1567 1355 szenszs.
2350 1333 2359 1342 ·

1466 1375 1697 1417 ALUISIUS
1714 1377 1888 1427 (Luisius
1903 1379 1987 1418 sive
2004 1376 2241 1429 Ludovicus)
2253 1379 2367 1419 Mar..

1412 1438 1552 1488 silius,
1573 1440 1822 1480 Florentinus
1845 1439 2171 1491 Augustinianus,
2195 1441 2262 1491 qui
2281 1439 2363 1480 An-

1415 1502 1515 1541 4450
1539 1502 1642 1541 diem
1665 1502 1774 1550 obiit,
1796 1506 2051 1541 monumento
2073 1502 2239 1554 publicis
2253 1513 2277 1542 a
2294 1503 2364 1542 Pa-

1412 1565 1485 1603 tria
1508 1563 1731 1614 sumptibus
1754 1564 1854 1602 facto
1876 1563 2095 1603 decoratus.
2112 1565 2270 1602 Praeter
2285 1564 2359 1603 alia

1413 1626 1557 1676 scripta
1579 1625 1825 1675 Theologica,
1851 1624 2127 1674 Quaestiones,
2151 1624 2364 1664 Commen÷

1412 1688 1531 1726 tarios
1549 1691 1588 1724 ct
1611 1687 1839 1734 SermoneS,
1859 1687 1974 1726 Vetus
1995 1689 2033 1725 et
2054 1686 2207 1726 Novum
2228 1686 2361 1726 Testa-

1411 1751 1581 1786 mentum
1596 1746 1771 1787 carmine
1789 1747 1954 1786 Heroico
1968 1748 2120 1798 panxit,
2142 1746 2247 1797 quod
2263 1757 2363 1798 opus

1410 1810 1627 1849 Florentiae
1650 1810 1689 1847 in
1716 1808 2093 1860 Augustinianorum
2126 1808 2364 1848 Bibliotheca

1410 1873 1450 1912 S.
1477 1872 1646 1923 Spiritus
1664 1872 1741 1910 MS.
1757 1872 1952 1913 asservari
1967 1874 2140 1910 testatur
2154 1871 2281 1911 Julius
2297 1871 2362 1910 Ni-.

1411 1946 1480 1985 ger
1498 1934 1546 1973 de
1569 1934 1823 1984 scriptoribus
1846 1934 2081 1972 Florentinis
2102 1945 2188 1985 pag.
2213 1933 2288 1972 389
2317 1937 2358 1972 et

1412 1996 1612 2047 Philippus
1642 1995 1799 2035 Elssius
1822 1996 1861 2033 in
1884 1996 2158 2034 encomiastico
2174 1993 2362 2046 Augusti-

1411 2060 1526 2097 niano
1562 2069 1648 2109 pag.
1690 2058 1777 2097 444.
1811 2056 1920 2097 Idem
1943 2056 2049 2096 hunc
2083 2054 2279 2096 Aluisium
2305 2058 2360 2096 ait

1410 2121 1606 2160 subtiliter
1627 2123 1761 2158 contra
1779 2119 1950 2158 Graecos
1967 2118 2191 2170 disputasse
2207 2119 2244 2157 in
2259 2119 2361 2160 Con—

1408 2184 1495 2220 cilio
1517 2182 1756 2231 Florentino,
1780 2180 1884 2232 quod
1914 2180 2047 2221 haberi
2071 2184 2256 2232 coeptum
2282 2179 2360 2223 An.

1411 2244 1523 2283 4438.

1460 2304 1706 2353 ALULFUS,
1750 2305 1967 2345 Monachus
2006 2304 2286 2345 Benedictinus
2315 2305 2359 2347 S..

1405 2369 1557 2407 Martini
1574 2367 1833 2406 Tornacensis
1850 2367 1954 2406 circa
1971 2365 2045 2405 An.
2063 2367 2176 2406 4096.
2193 2365 2356 2415 Paterii,

1406 2431 1454 2469 de
1470 2440 1546 2480 quo
1563 2429 1676 2475 infra,
1692 2428 1872 2479 exemplo
1890 2431 1931 2466 et
1949 2426 2092 2469 Odcnz's
2106 2426 2268 2467 Abbatis
2281 2428 2359 2475 sui..

1405 2496 1618 2544 posteaque
1641 2490 1821 2542 Episcopi
1844 2489 2142 2529 Cameracensis
2160 2489 2354 2540 precibus,

1404 2566 1452 2593 ex
1473 2551 1656 2604 Greyorii
1663 2553 1714 2592 M.
1731 2552 1887 2602 scriptis
1902 2551 2057 2601 collegit
2072 2551 2360 2601 expositionem

1404 2616 1556 2655 Veteris
1579 2619 1620 2653 et
1643 2615 1739 2653 Novi
1764 2613 2006 2652 Testamenti
2016 2613 2134 2651 tomis
2156 2613 2206 2652 IV
2219 2613 2355 2664 eisque

1405 2689 1547 2716 nornen
1571 2674 1815 2726 Greqorialis
1838 2675 2034 2726 imposuit.
2056 2675 2165 2713 Tomi
2188 2674 2265 2714 du'o
2279 2675 2360 2725 pri-‚

1404 2751 1533 2779 mores
1556 2739 1638 2777 loca
1652 2738 1806 2777 Veteris
1820 2737 2079 2785 Testamenti,
2099 2737 2240 2775 tertius
2257 2735 2353 2774 Novi

1404 2803 1596 2849 continet,
1620 2803 1786 2850 quartus
1810 2802 1871 2838 est
1894 2798 1942 2837 de
1969 2798 2089 2839 variis
2111 2797 2354 2848 argumentis

1406 2868 1446 2902 et
1468 2862 1621 2902 Oudino
1640 2865 1667 2900 t.
1690 2862 1722 2900 II
1746 2871 1831 2911 pag.
1858 2860 1933 2899 656
1965 2862 2084 2906 teste,
2111 2858 2179 2908 qui
2201 2857 2356 2896 MStum·

1405 2936 1502 2976 opus
1525 2926 1562 2963 in
1583 2924 1703 2962 variis
1725 2921 1974 2962 Bibliothecis
2012 2920 2157 2959 Galliae
2180 2919 2350 2968 evolvit,
2383 2944 2388 2950 ,
2446 2931 2449 2934 ·

1404 2988 1512 3029 libris
1543 2986 1631 3026 XVI
1669 2985 1935 3034 distinguitur.
1983 2979 2194 3031 Proloyum
2232 2980 2354 3020 edidit

1404 3048 1645 3089 Mabillonius
1668 3050 1760 3085 tom.
1783 3046 1796 3082 I
1816 3043 2034 3085 Analector.
2058 3052 2143 3092 pag.
2168 3041 2355 3092 3-4203111-

1405 3113 1521 3149 tionis
1550 3119 1673 3148 novae
1694 3108 1731 3145 in
1752 3106 1813 3144 fol.
1834 3116 1918 3156 pag.
1943 3103 2045 3152 434.)
2069 3101 2186 3142 Liber
2215 3102 2355 3143 tertius

1406 3173 1446 3211 in
1464 3172 1616 3212 Novum
1641 3168 1937 3214 Testamentum,
1958 3165 2086 3204 lucem
2108 3164 2206 3204 vidit
2233 3166 2352 3204 Paris.

1409 3236 1527 3284 4546,
1549 3235 1570 3272 4
1593 3237 1634 3272 et
1656 3230 1791 3271 eodem
1815 3239 1917 3272 anno
1935 3226 2183 3278 Argentorati
2210 3238 2280 3279 per
2293 3228 2356 3265 Jo-

1408 3307 1551 3336 aunem
1565 3289 1874 3336 Knoblauchium
1892 3301 1899 3327 z
1925 3292 1964 3328 et
1985 3288 2061 3332 sub.
2077 3289 2217 3331 Paterii
2233 3289 2357 3328 nomi*
