2500 3841
846 204 1285 245 CATHARINA

79 283 183 320 sunt.
221 277 412 318 Simeonis
440 275 704 328 perfulyentis
727 275 800 314 Dei
826 274 948 314 donis.
975 277 1037 315 Hi-

80 343 242 381 storiam
277 341 395 378 etiam
429 339 467 378 S.
491 337 681 377 Joachimi
713 339 835 388 patris
858 339 899 377 B.
920 339 966 377 M.
991 339 1036 377 V.

78 403 350 454 incipientem:
369 399 505 439 Gaude
520 403 648 438 mater
663 399 841 439 Ecclesia
852 412 1038 452 promens

77 465 182 504 taeta
209 463 426 511 memoria‚·
449 467 489 501 et
512 463 716 501 historiam
755 462 803 501 de
841 463 1039 501 sororibus

74 530 117 566 Β.
137 528 186 566 Μ.
210 528 254 565 V.
280 528 395 577 incip.
423 524 558 564 Gaude
588 523 745 563 coelesti
756 523 910 576 jubilo,
936 536 1040 563 men-

76 588 126 628 tis
153 599 326 628 eoecusso
358 586 518 626 nubilo:
540 589 714 626 Joannes
751 589 824 626 iste
860 588 1038 638 religioso

75 650 202 689 ordini
227 652 264 690 S.
287 650 504 690 Salvatoris
529 651 565 688 in
592 649 776 689 coenobio
798 651 1040 689 Vazstenen-

75 713 131 751 sis
155 723 300 752 nomen
321 711 496 751 dederat.

123 774 184 814 Ab
198 775 260 814 his
280 775 466 814 omnibus
487 775 647 814 diversa
662 774 970 824 CATHARINA‚
988 776 1039 813 si-

72 849 123 876 ve
142 837 465 877 HECATERINA
490 839 499 887 (
517 837 542 879 η’
562 835 772 886 milluplum,
789 838 827 877 id
843 839 948 877 enim
973 849 1040 875 ve—

73 900 278 938 risimilius
301 911 420 950 quam
437 900 485 938 ab
501 901 645 939 Hecate
661 901 670 950 )
686 902 772 939 aliis
791 898 1010 949 ἈικαἿερίνη
1025 928 1038 945 ,

71 973 191 1012 quam
222 964 456 1012 Martyrium
487 973 646 1013 passam
676 963 840 1002 tradunt
867 963 1037 1001 Alexan-

69 1024 176 1062 driae
197 1026 485 1063 Maximinianis
501 1025 756 1076 temporibus7
780 1028 814 1075 a)
839 1024 1033 1075 cujusque

72 1088 261 1126 memoria
291 1087 481 1125 recolitur
510 1088 576 1127 25.
605 1089 701 1127 lN‘ov.
733 1089 788 1126 De
818 1087 889 1126 hac
909 1085 1037 1125 Philo-

72 1147 287 1198 sophorum
311 1150 489 1187 Patrona
507 1150 517 1198 (
533 1154 690 1200 praeter
707 1151 868 1188 Surium
892 1161 940 1187 ex
959 1150 1038 1187 Me-

73 1210 304 1260 taphraste)
324 1209 548 1260 jucundum
574 1213 649 1250 erit
668 1213 878 1251 consulere
906 1213 1037 1250 Mena—

67 1273 175 1323 gium
200 1274 237 1310 in
269 1273 431 1311 historia
461 1274 682 1313 mulierum
706 1274 1034 1324 Philosopharum

74 1346 164 1386 pag.
189 1335 278 1373 492.
304 1346 375 1385 seq
410 1336 458 1373 ad
482 1337 630 1375 calcem
646 1341 830 1375 notarum
848 1338 886 1374 in
902 1337 1039 1387 Dioge—

73 1408 166 1436 nem
205 1398 432 1435 Laertium:
465 1399 620 1436 Martini
644 1399 772 1438 Crusii
811 1400 1037 1438 Orationem

71 1459 178 1497 XIII.
193 1459 326 1497 Jacobi
342 1459 537 1498 Thomasii
549 1450 935 1512 ProgrammaXXX.
953 1460 1034 1500 Au-

72 1522 179 1572 gusti
202 1521 400 1560 Buchneri
414 1521 621 1561 Orationes
643 1524 766 1562 festas
782 1536 868 1575 pag.
895 1525 929 1563 4.
952 1535 1036 1573 seq.

75 1583 163 1622 438.
179 1583 496 1634 seq.Johannem
511 1585 746 1624 Rainoldum
757 1585 804 1624 de
821 1586 1037 1624 idololatria

69 1645 271 1684 Ecclesiae
287 1647 485 1685 Romanae
505 1659 591 1698 pag.
617 1647 705 1687 247.
731 1659 813 1698 seq.
833 1652 873 1687 et
886 1649 1035 1687 Johan—

74 1710 135 1747 nis
158 1707 319 1747 Davidis
354 1709 508 1747 Koeleri
537 1711 798 1748 amoenitates
829 1711 1032 1749 numarias

73 1770 259 1821 vulgatas
288 1770 522 1810 Germanice
550 1771 585 1820 b)
616 1776 721 1810 tomo
751 1773 799 1811 IV
829 1783 914 1822 pag.
947 1772 1034 1809 393.

72 1832 170 1870 Acta
207 1831 328 1882 hujus
357 1833 592 1871 Catharinae
623 1839 778 1883 praeter
808 1834 1033 1872 Simeonem

72 1894 364 1945 Metaphrasten
389 1894 538 1933 Graece
562 1897 846 1946 conscripsisse
866 1895 1037 1933 traditur

74 1956 318 1995 Athanasius
337 1955 498 2006 quidam
515 1957 620 1995 illius
644 1968 806 2005 servus⁷
824 1955 1037 2005 Mapio'piov

73 2014 138 2061 τ’ἡς
161 2019 277 2062 ὀιγιάς
309 2015 672 2070 μεγαλομάρτυρῦ
702 2017 953 2067 Ἀικαθερὶνκς
979 2008 1041 2063 Tit-9

76 2078 284 2128 βασιλείας
305 2079 372 2119 καὶ
392 2078 575 2132 ῥῆτορΘἾ
592 2082 687 2120 Vide
708 2087 803 2120 tom.
825 2084 879 2121 IX
898 2083 1040 2120 Biblio-

75 2143 213 2183 thecae
241 2143 414 2182 Graecae
444 2155 532 2194 pag.
562 2143 623 2181 64.
654 2148 693 2181 et
723 2144 856 2194 Cangii
891 2144 1038 2195 glossa-

75 2207 178 2245 rium
201 2205 395 2245 Graecum
418 2217 505 2257 pag.
531 2206 646 2245 4296.
673 2207 885 2246 Caeterum
908 2211 1036 2244 totum

75 2268 171 2307 illud
195 2268 451 2308 traditionum
467 2279 604 2318 syrma
623 2279 764 2319 parum
781 2268 828 2307 de
847 2280 941 2308 vero
962 2273 1039 2308 tra-

74 2330 169 2369 here
189 2329 425 2381 jampridem
460 2331 533 2368 viri
564 2330 713 2369 cordati
748 2331 1038 2370 animadverte-

76 2397 184 2431 runt.
202 2392 459 2442 VideGeorgii
476 2386 689 2431 Cassandri
705 2393 835 2442 Opera
844 2404 929 2443 pag.
948 2393 1035 2432 278.

76 2465 158 2503 seq.
184 2459 224 2492 et
250 2455 363 2493 4093.
381 2454 678 2492 Tillemontium
695 2458 789 2492 tom.
811 2455 855 2493 V.
874 2466 1036 2492 memor.

75 2516 173 2554 Hist.
197 2515 348 2554 EccleS.
375 2526 461 2565 pag.
494 2515 581 2552 448.
614 2519 653 2553 et
686 2514 775 2554 764.
806 2516 944 2565 ltaque
968 2516 1038 2554 Ca-

77 2578 273 2616 tharinam
298 2576 399 2614 hanc
423 2580 613 2626 tanquam
639 2576 857 2614 fabulosam
882 2588 931 2614 ex
951 2576 1039 2615 bre-

81 2641 203 2678 viario
227 2638 437 2677 Parisiensi
461 2637 534 2676 An.
566 2638 678 2676 4680.
710 2637 943 2686 ejiciendam
972 2649 1039 2677 cu-

76 2702 180 2740 ravit
204 2701 439 2739 Franciscus
462 2699 678 2747 Harlaeus,
707 2699 1038 2751 Archiepiscopus

80 2763 322 2803 Parisiensis.

130 2824 371 2872 CATffiAS,
395 2823 443 2862 de
464 2834 542 2874 quo
558 2825 595 2862 S.
613 2825 878 2873 Hieronymus
898 2825 934 2861 in
951 2835 1035 2875 cap.

77 2890 106 2928 1.
130 2887 351 2927 Ezechielis
376 2891 469 2924 tom.
495 2887 546 2924 Iil
567 2886 738 2936 Operum
764 2884 855 2923 edit.
878 2887 1036 2924 Marcia—

77 2952 166 2990 naei
193 2961 279 3001 pag.
308 2949 396 2988 703.
424 2947 515 2998 Leqi
539 2951 576 2986 et
606 2945 811 2997 cujusdam
845 2946 1032 2995 Catinae,

79 3024 193 3064 quem
212 3011 309 3064 Syri
333 3011 365 3059 c)
396 3009 550 3059 λεπΤον,
579 3009 618 3048 id
636 3012 716 3058 est,
741 3012 900 3047 (acutum
922 3012 959 3046 et
980 3009 1036 3046 in-

142 3126 174 3166 a)
197 3129 329 3164 Baton,
355 3125 396 3157 ad
419 3127 551 3156 Annum
576 3123 651 3157 507.
673 3131 766 3154 num.
788 3121 840 3154 51.
864 3130 958 3162 seqq.

137 3175 174 3215 b)
198 3174 607 3214 Munz÷-Belusugungen.

137 3226 168 3265 c)
192 3227 346 3258 Hebraeis
372 3230 405 3257 et
428 3226 514 3264 Syris
535 3224 641 3256 (jacin
656 3219 966 3263 parvns‚subtilis‚
985 3224 1038 3251 At-

77 3282 140 3315 que
161 3279 212 3306 est
236 3284 340 3316 pagus
365 3275 472 3307 Cacin
496 3275 530 3305 in
554 3275 645 3313 syria
661 3295 670 3311 ‚
687 3274 780 3312 cujus
806 3273 930 3303 mentio
949 3271 1035 3311 apud

78 3330 294 3358 Assemanum
313 3330 393 3357 lom.
412 3326 451 3354 H.
469 3322 625 3356 Bibliotli.
645 3325 699 3354 Or.
718 3329 790 3361 pag.
808 3320 880 3353 551.

1989 204 2064 242 337

1106 275 1308 326 yeizi'osuni
1320 277 1476 321 vocant,
1495 271 1651 310 brevem
1666 270 2065 323 disputatiunculam,

1104 337 1282 389 putantis
1321 336 1359 374 in
1394 335 1545 375 visione
1569 333 1786 373 Ezechielis
1810 333 1984 374 describi
2004 346 2069 373 ca-

1110 403 1289 439 strorum
1308 397 1483 436 ordinem
1506 396 1708 436 duodecim
1723 395 1898 435 tribuum
1918 397 1958 436 in
1981 396 2070 436 soli-

1113 461 1245 500 tudine
1268 460 1322 500 ad
1343 461 1529 499 orientem
1564 464 1602 498 et
1635 459 1892 508 occidentem,
1917 463 2069 511 septen-

1113 525 1277 563 trionem
1301 528 1338 563 et
1358 523 1582 570 meridiem,
1613 534 1714 573 quae
1744 521 1823 560 sibi
1845 522 2010 560 invicem
2033 525 2071 560 et

1110 586 1302 625 charitate
1316 589 1354 624 et
1366 584 1702 635 consanquinitate
1713 583 1934 622 sociantur:
1952 587 1990 622 et
2002 582 2071 622 hoc

1111 660 1194 687 esse
1212 652 1340 686 rotam
1362 647 1403 685 in
1426 650 1531 695 rota,
1553 658 1656 697 quae
1676 646 1875 684 ducantur
1892 646 1930 684 in
1945 645 2066 696 spiri-

1112 714 1175 761 tu,
1191 714 1228 749 et
1247 708 1348 748 nube
1366 712 1629 760 protegantur
1650 707 1688 745 in
1704 719 1847 756 eremo,
1874 712 1912 746 et
1928 707 2072 746 colum-

1110 784 1164 811 na
1186 772 1288 823 iqnis
1310 770 1580 810 illuminentur
1605 770 1644 807 in
1665 773 1772 807 nocte
1795 775 1869 808 etc.

1163 836 1219 873 De
1239 838 1407 884 quatuor
1427 832 1535 871 libris
1552 831 1811 870 distichorum
1827 831 1874 868 de
1896 831 2071 870 moribus

1109 897 1158 935 ad
1181 896 1415 945 filium,qui
1441 899 1602 933 exstant
1640 893 1714 932 sub
1753 893 1967 933 CATONIS
2003 905 2070 931 no—

1111 961 1233 1005 mine7
1251 958 1321 997 sed
1346 959 1459 1009 longe
1482 957 1711 1008 posterioris
1734 957 1875 993 aetatis
1900 960 2014 1004 sunt,
2030 955 2073 993 li—

1109 1025 1173 1059 cet
1210 1032 1286 1058 non
1324 1019 1480 1070 juniora
1517 1018 1780 1056 Valentiniani
1817 1018 2069 1067 Imperatoris

1109 1083 1381 1133 temporibus,
1407 1083 1504 1120 satis
1533 1080 1613 1118 dixi
1652 1081 1690 1117 in
1728 1079 1970 1117 Bibliotheca
2000 1080 2070 1117 La-

1110 1146 1192 1184 tina
1228 1146 1291 1184 IV.
1328 1147 1363 1184 4.
1403 1143 1631 1182 Laudantur
1667 1142 1786 1180 etiam
1824 1141 1872 1179 ab
1907 1140 2072 1179 Alcuino

1108 1207 1172 1245 lib.
1195 1208 1240 1245 Π.
1265 1212 1403 1246 contra
1435 1204 1675 1256 Elipandum
1712 1214 1799 1254 pag.
1834 1203 1922 1240 949.
1956 1204 2070 1241 Petro

1108 1269 1315 1308 Abailardo
1360 1269 1425 1307 lib.
1468 1270 1502 1307 4.
1549 1266 1782 1317 Theologiae
1823 1264 2071 1304 Christianae

1110 1342 1196 1382 pag.
1229 1333 1269 1371 44
1281 1332 1343 1369 83.
1364 1335 1458 1368 tom.
1482 1330 1543 1368 IV.
1567 1329 1759 1367 Thesauri
1778 1327 2071 1366 Anecdotorum

1111 1394 1366 1441 Marteniani,
1391 1397 1430 1431 et
1463 1391 1649 1431 Ermoldo
1685 1390 1833 1440 Nigello
1871 1390 1936 1427 lib.
1963 1391 1996 1428 4.
2022 1388 2070 1427 de

1114 1456 1232 1495 rebus
1269 1456 1392 1505 gestis
1428 1453 1616 1492 Ludovici
1653 1454 1734 1500 Pii,
1771 1451 1886 1501 cujus
1929 1461 2072 1489 versus

1113 1519 1224 1557 affert
1254 1517 1486 1556 Lambecius
1515 1520 1608 1553 tom.
1638 1516 1685 1553 II.
1707 1525 1793 1565 pag.
1815 1515 1902 1553 364.
1923 1515 2071 1552 Horum

1111 1580 1363 1628 testimonia,
1388 1580 1491 1617 sicut
1520 1577 1611 1616 alibi
1640 1576 1801 1615 laudata
1825 1587 1846 1614 a
1870 1587 1932 1614 me
1956 1576 2072 1614 Hinc-

1110 1644 1208 1681 mari
1236 1642 1445 1680 Remensis
1474 1644 1514 1678 et
1541 1638 1728 1678 Gaufredi
1771 1638 1861 1677 addi
1903 1641 2071 1688 possunt

1110 1705 1211 1752 illis.
1242 1715 1342 1753 quae
1383 1702 1537 1742 erudita
1576 1701 1779 1752 diligentia
1820 1701 2071 1739 Christianus

1107 1768 1300 1806 Daumius
1330 1765 1468 1804 Catoni
1512 1775 1583 1802 suo
1624 1763 1818 1814 praefixit.
1855 1761 2070 1812 Speculum

1110 1829 1314 1879 regiminis
1338 1827 1544 1866 PHILIPPI
1574 1825 1839 1875 de,Pergamo
1863 1823 1912 1862 ad
1935 1823 2072 1861 Galea-

1112 1895 1198 1929 tum
1241 1890 1548 1929 Vice-Comitem
1590 1887 1923 1926 Mediolanensem
1968 1886 2070 1923 circa

1113 1951 1275 1991 Annum
1305 1952 1457 1991 CHristi
1492 1951 1605 1989 4380.
1639 1948 1949 1988 commentarius
1985 1958 2071 1998 pro-

1114 2014 1218 2052 lixus
1248 2015 1287 2051 in
1316 2014 1478 2052 Catonis
1496 2013 1622 2062 Magni
1644 2010 1809 2059 Ethica,
1830 2009 1973 2060 prodiit
1991 2008 2071 2047 Au-

1116 2080 1256 2125 gustae
1289 2074 1414 2123 4475,
1445 2074 1506 2112 fol.

1166 2136 1298 2176 CATO
1328 2137 1503 2184 Saccus,
1533 2135 1656 2173 JCtus
1690 2135 1830 2183 Papiae
1863 2133 2065 2183 primum,

1116 2198 1259 2237 deinde
1275 2199 1485 2246 Bononiae,
1508 2208 1552 2236 ac
1573 2196 1742 2245 denique
1760 2196 1903 2233 iterum
1922 2194 2074 2244 Papiae,

1113 2263 1198 2315 sive
1225 2261 1349 2299 Ticini
1379 2259 1538 2307 docuit,
1562 2258 1629 2298 ubi
1665 2257 1867 2296 aemulum
1903 2255 2070 2294 Paulum

1114 2324 1371 2363 Castrensem
1384 2335 1391 2360 ;
1405 2322 1643 2373 discipulum
1662 2322 1764 2358 circa
1780 2318 1942 2358 Annum
1955 2319 1969 2357 4
1983 2318 2070 2356 465.

1111 2385 1249 2424 habuit
1285 2386 1474 2423 Jasonem
1504 2383 1552 2422 de
1581 2384 1747 2432 Mayno,
1780 2392 1852 2419 nec
1886 2381 1953 2418 diu
1981 2383 2070 2430 post

1112 2447 1312 2493 defuncti,
1337 2445 1546 2496 Epitaphio
1567 2445 1802 2494 inscriptum
1821 2456 1828 2480 ι
1848 2441 2071 2486 RELIQUA

1117 2507 1344 2547 CATONIS.
1376 2506 1473 2545 Vide
1502 2506 1764 2544 Pancirollum
1798 2504 1845 2542 de
1879 2504 1985 2541 Juris
2015 2503 2072 2539 in-

1117 2568 1359 2619 terpretibus
1388 2568 1452 2606 lib.
1484 2568 1527 2615 2.
1557 2578 1640 2617 cap.
1672 2566 1733 2603 90.

1165 2631 1186 2653 *
1209 2631 1252 2668 In
1279 2629 1373 2669 Cod.
1400 2629 1488 2668 460.
1514 2627 1695 2666 Biblioth.
1722 2627 1844 2664 Felini
1868 2629 1981 2663 extat
2011 2627 2070 2662 in-

1111 2698 1172 2731 ter
1202 2692 1329 2730 multa
1358 2691 1525 2729 aliorum
1554 2690 1768 2727 Doctorum
1798 2688 1918 2725 etiam
1948 2686 2069 2725 huius

1110 2754 1288 2793 Doctoris
1318 2752 1358 2790 in
1391 2750 1617 2802 juramenti
1648 2749 1857 2787 materiam
1893 2747 2068 2799 repetitio

1109 2815 1162 2853 ad
1188 2812 1466 2865 suppletionem
1499 2810 1839 2850 accumulatorum
1872 2821 1941 2860 per
1970 2811 2070 2848 Imo—

1111 2879 1188 2916 lam
1219 2878 1258 2913 in
1288 2886 1346 2914 ca.
1370 2875 1469 2915 Cum
1490 2873 1687 2923 continqat
1706 2883 1824 2922 super
1848 2873 1886 2909 L.
1909 2871 1946 2909 si
1967 2871 2066 2922 quis.

1163 2936 1380 2977 Guilelmus
1410 2935 1685 2976 CAXTONUS
1709 2935 1884 2982 Anglus⁷
1912 2934 2067 2971 Franci-

1110 3011 1256 3040 scanus
1280 3011 1301 3038 a
1325 3001 1453 3038 Pitseo
1477 3009 1562 3049 pag.
1589 2997 1677 3035 708.
1706 2995 1875 3034 traditur
1914 2995 2062 3033 vixisse

1111 3065 1214 3102 circa
1238 3062 1398 3100 Annum
1422 3061 1535 3099 4530.
1561 3064 1600 3098 et
1624 3059 1831 3108 scripsisse
1852 3067 1970 3107 super
1990 3058 2065 3094 Ma-

1108 3126 1274 3175 gistrum
1293 3123 1639 3170 sententiarum,ct
1653 3120 1930 3170 quaestionum
1941 3118 2064 3157 Theo-

1109 3187 1333 3233 logicarum.
1363 3184 1475 3222 llune
1512 3183 1803 3233 praeteriissem
1843 3179 1915 3217 hoc
1950 3180 2058 3228 loco,

1108 3249 1179 3285 nisi
1212 3245 1400 3283 vidissem
1421 3255 1442 3282 a
1464 3244 1600 3282 Vossio
1621 3240 1854 3294 reprehendi
1875 3251 1966 3289 eos,
1988 3243 2056 3291 qui

1106 3309 1205 3348 cuii.
1238 3308 1486 3351 Caxtonum.
1516 3305 1564 3344 de
1599 3316 1677 3355 quo
1715 3304 1840 3351 infra,
1879 3303 2054 3343 referunt

1627 3384 1672 3422 43
