2500 3841
828 171 1388 213 ERMENTARIUs·

105 244 307 295 scipulus‚
341 247 381 282 et
409 243 457 281 ab
480 240 556 280 An.
585 241 674 279 845.
704 239 837 280 Abbas
863 242 900 280 in
927 243 1075 282 Svevia

100 305 383 357 Elwangensis
406 303 545 342 Ordin.
570 302 779 342 Benedict.
799 305 960 356 scripsit
989 306 1078 345 Dia-

103 379 229 407 conus
244 367 374 406 adhuc
391 369 432 404 et
447 365 667 405 Monachus
683 365 730 404 ad
750 366 1075 416 Gundramnum,

103 428 220 480 cujus
242 426 477 468 conlevitam
505 439 549 466 se
563 433 692 474 vocat,
711 427 838 468 vitam
856 429 972 469 Solae
993 431 1078 470 sive

107 490 192 531 Soli
208 490 339 542 Angli,
364 490 532 541 (vulgari
553 492 720 544 nomine·
735 490 931 540 Svalom‘s)
951 492 1080 531 Abba-

102 555 155 593 tis
184 552 502 602 Solenhovensis
543 554 581 591 in
626 554 788 603 Norico,
825 554 1006 605 discipuli
1040 555 1078 594 S.

102 616 320 664 Bonifacii‚
358 614 538 654 defuncti
574 616 679 654 circa
704 615 780 654 An.
818 616 909 655 790.
946 616 1081 656 Edidit

103 680 259 730 primus
294 678 485 717 Canisius
520 682 616 716 tom.
657 678 719 717 IV.
747 678 838 717 lect.
870 678 1080 729 Antiquar.

109 742 225 780 Parte
249 741 288 779 2.
308 752 398 792 pag.
425 741 516 779 544.
554 744 677 791 atque
710 740 804 779 edit.
837 752 964 780 novae
988 746 1084 779 tom.

104 805 140 844 2.
170 805 286 843 Parte
312 803 350 843 2.
387 814 476 855 pag.
511 804 600 842 469.
639 803 706 842 ubi
742 805 824 843 Jac.
863 805 1084 855 Basnagius

102 867 314 918 praemisit
335 865 523 919 hymnum
553 865 735 916 ejusdem
765 867 989 905 Hermanici
1013 867 1085 904 δικ-

101 926 285 980 ρόστιχον
302 929 340 967 in
359 929 511 972 Solum,
527 939 648 979 quem
667 929 852 968 Canisius
869 927 918 968 ad
934 929 1083 967 calcem

106 993 203 1030 tomi
241 992 346 1030 sexti
383 990 592 1038 ediderat,
628 1001 701 1028 nec
739 1001 844 1039 non,
881 988 1082 1041 Epistolas

106 1052 375 1093 Gundrammi
405 1056 444 1091 et
472 1051 699 1090 Ermz'nricz‘
728 1057 911 1102 mutuas,
941 1063 1084 1091 versu-

103 1127 200 1171 sque
228 1114 423 1154 Adonz'cos
459 1117 497 1153 in
531 1115 668 1154 Solum
708 1119 749 1153 et
780 1115 994 1154 Erminrici
1031 1113 1085 1152 ad

104 1175 341 1230 Ruodolfum
370 1176 623 1216 didascalum
665 1188 786 1216 suum
826 1175 1081 1229 Epz'stolam,

106 1251 207 1291 quae
243 1240 431 1279 Canisius
463 1239 704 1277 exhibuerat
741 1239 816 1278 sub
853 1243 1081 1278 extremum

109 1303 206 1342 tomi
229 1297 361 1354 quarti
385 1313 472 1353 pag.
511 1301 603 1340 732.
644 1302 826 1341 Contulit
861 1303 1082 1352 Basnagius

107 1377 266 1417 quoque
286 1365 505 1404 editionem
527 1365 847 1403 Mabillonianam
866 1394 874 1412 ,
899 1365 965 1415 qui
991 1375 1085 1402 ean-

107 1429 199 1469 dem
218 1430 341 1467 vitam
359 1427 469 1475 dedit
486 1428 523 1465 in
546 1426 660 1466 Actis
678 1428 746 1467 SS.
768 1428 971 1467 Benedict.
991 1427 1084 1466 Sae-

105 1492 196 1531 culo
219 1492 284 1530 111.
305 1492 419 1530 Parte
444 1490 479 1529 2.
502 1501 589 1541 pag.
617 1490 706 1530 429.
734 1490 843 1529 Idem
860 1491 1083 1541 Basnagius

106 1559 201 1593 tom.
226 1555 268 1603 4,
292 1564 380 1605 pag.
416 1553 505 1592 654.
546 1557 664 1603 negat
702 1553 828 1592 Vitam
865 1554 905 1592 S.
947 1552 1087 1603 Maynz'

106 1618 193 1656 sive
212 1614 442 1667 Maqnoaldi
460 1615 509 1655 ab
528 1616 762 1655 Ermenrico
780 1617 866 1654 sive
887 1616 1077 1667 scriptam

107 1680 193 1718 sive
216 1679 496 1730 interpolatam
517 1708 525 1727 ⁷
559 1678 666 1729 quod
697 1679 833 1718 visum
858 1677 1083 1717 Mabillonio

107 1743 194 1781 Sec.
218 1743 266 1781 11.
291 1742 338 1780 ad
363 1741 526 1780 Annum
557 1742 646 1780 665.
684 1742 919 1781 Ermenrico
946 1743 1086 1780 Posse—

105 1806 226 1843 vinus
249 1815 298 1842 ex
322 1802 486 1842 Arnoldi
504 1804 622 1842 Wion
648 1804 753 1854 ligno
778 1805 890 1843 Vitae
919 1809 1014 1842 tom.
1040 1805 1053 1842 4
1075 1832 1083 1851 ,

108 1879 196 1919 pag.
225 1867 313 1906 444.
338 1867 459 1905 etiam
483 1866 623 1905 tribuit
646 1865 847 1917 dialoyum
870 1866 917 1905 cle
936 1866 1023 1906 vita
1050 1869 1086 1904 el

107 1929 318 1970 miraculis
342 1932 370 1969 S
405 1928 642 1980 Hariolphi,
676 1928 842 1968 Abbatis
872 1930 988 1980 primi
1019 1928 1085 1967 El-

112 1993 372 2045 wangensis‚
397 1991 467 2031 sed
488 1991 637 2030 editam
661 1997 805 2031 neuter
829 1992 990 2031 indicat.

164 2055 531 2095 ERMENTARIUS
546 2053 679 2093 Abbas
695 2055 977 2093 Tornusiensis
1002 2055 1087 2092 sive

114 2118 442 2158 Trenorchiensis
466 2120 500 2167 a)
525 2118 563 2154 in
590 2117 726 2155 Insula
760 2118 875 2156 Herio
899 2117 1004 2168 apud
1028 2117 1088 2155 Pi-

114 2186 254 2220 ctones
267 2182 372 2219 circa
388 2180 552 2219 Annum
578 2180 667 2218 863.
687 2180 847 2230 scripsit
867 2179 915 2218 ad
940 2179 1089 2218 Hildui-

119 2255 217 2283 num
241 2241 365 2282 libros
400 2241 500 2281 duos
535 2241 581 2280 de
617 2240 879 2280 translatione
909 2241 1088 2294 corporis

117 2308 158 2346 S.
182 2303 394 2345 Plzilibertt'
409 2303 578 2344 Abbatis
601 2317 657 2344 eae
685 2304 875 2344 Heriensi
895 2308 1090 2345 monaste-

116 2368 179 2407 rio
202 2373 381 2419 tempore
410 2369 653 2408 Ermentaiii
687 2368 736 2406 ob
768 2369 1088 2407 Normannorum

118 2430 424 2482 irruptiones-in
450 2430 572 2468 varia
596 2429 681 2468 loca
716 2429 926 2481 deportati.
956 2429 1091 2469 Edidit

119 2496 262 2533 Petrus
288 2493 525 2532 lsranciscus
560 2493 771 2532 Chissetius
811 2493 899 2531 Soc.
940 2493 1022 2530 Jes.
1052 2493 1090 2530 in

119 2556 398 2595 Tornutiensis
411 2555 602 2594 Abbatiae
619 2559 660 2593 et
675 2555 860 2594 Civitatis
877 2554 1040 2592 historia
1055 2554 1090 2603 b)

122 2618 270 2658 Gallice
293 2617 399 2657 edita
418 2617 584 2656 Divione
607 2616 721 2657 4664.
749 2617 784 2654 4.
814 2620 854 2654 et
887 2621 977 2667 post
1000 2616 1093 2654 Chi-

123 2682 276 2721 fletium
296 2679 545 2720 Mabillonius
565 2679 651 2717 Sec.
669 2679 730 2718 lV.
751 2678 1091 2730 Benedictin.pag.

125 2743 214 2783 537.
236 2742 333 2782 Vide
354 2742 539 2783 Carolum
562 2741 598 2779 le
618 2741 759 2780 Cointc
780 2745 874 2779 tom.
894 2741 931 2778 8.
949 2740 1093 2779 Annal.

126 2807 310 2845 Francor.
330 2817 419 2856 pag.
444 2805 534 2842 863.
555 2814 640 2854 seq.

179 2868 449 2908 ERMOLDUS
485 2864 691 2917 Nz'9ellus‚
733 2866 782 2904 ob
821 2866 952 2904 nescio
987 2865 1092 2917 quod

189 3023 223 3062 a)
247 3023 409 3054 Abbatem
425 3024 721 3054 Gemmeticensem
739 3026 836 3055 vocat
853 3025 1100 3056 Ermentarium

126 3078 258 3115 praeter
280 3081 350 3104 rem
371 3073 531 3112 cangius.
555 3074 687 3103 Primus
714 3080 792 3103 vero
816 3073 925 3104 Abbas
948 3075 1100 3104 Gemine-

129 3125 267 3156 ticeusis
290 3125 319 3155 S.
345 3121 552 3154 philibertus
574 3121 638 3153 fuit
657 3145 667 3160 ‚
695 3121 735 3153 de
759 3124 856 3162 cujus
880 3123 1100 3155 translatione

129 3174 380 3205 Hermentarius
403 3173 550 3212 scripsit.
576 3171 657 3203 Vide
681 3172 954 3204 sammarthanos
974 3177 1056 3205 tom.
1080 3174 1098 3204 4

132 3223 256 3256 Galliae
281 3223 492 3254 Christianae
515 3230 591 3262 pag.
617 3221 691 3254 868.
710 3226 741 3253 et
764 3221 838 3255 465.
865 3231 914 3262 sq.

2046 174 2123 216 519

1150 246 1338 284 delictum
1364 256 1384 284 a
1418 243 1616 284 Ludovico
1650 245 1715 284 Pio
1745 245 1888 295 Imper.
1926 245 2124 284 multatus

1151 308 1285 355 exilio,
1309 307 1357 346 ad
1382 305 1471 358 ejus
1494 306 1828 346 reconciliandam
1854 307 1928 345 sibi
1955 309 2124 358 gratiam

1151 371 1311 422 scripsit
1345 375 1485 421 poema
1525 370 1745 422 elegiacum
1776 369 1823 409 de
1858 368 1981 410 rebus
2002 370 2125 421 qestis

1152 431 1342 472 Ludovici
1362 432 1459 485 Imp.
1482 432 1532 471 ab
1554 431 1629 471 An.
1654 431 1744 472 784.
1769 431 1818 471 ad
1845 432 1934 471 826.
1961 433 1998 470 in
2025 444 2126 484 qua-

1154 499 1245 534 tuor
1268 496 1469 547 digestum
1507 493 1655 542 libros,
1693 497 1914 546 praemisso
1949 496 2125 535 carmine

1155 558 1387 597 hexametro
1411 558 1705 596 invocationem
1731 557 1778 595 ad
1797 557 2003 596 Christum
2019 569 2127 597 com-

1155 620 1353 671 plectente
1376 651 1384 669 ,
1406 619 1510 670 quod
1536 631 1695 658 carmen
1727 631 1776 659 ex
1799 619 1945 659 Codice
1983 621 2125 660 Caesa-

1154 693 1239 731 reo,
1264 683 1329 732 qui
1355 687 1471 721 antea
1498 681 1640 731 Wolfg.
1675 683 1780 720 Lazii
1811 683 1965 731 fuerat,
1991 684 2129 734 vulga-

1156 745 1215 782 vit
1239 744 1473 783 Lambecius
1494 755 1582 793 pag.
1607 744 1696 782 359.
1723 755 1808 795 seq.
1827 757 1877 784 ex
1906 757 1984 795 quo
2013 757 2128 785 exor-

1156 805 1266 844 dium
1300 805 1388 844 libri
1419 806 1536 856 primi
1559 806 1681 844 etiam
1705 811 1825 856 atque
1851 808 1979 846 ultimi
2005 808 2127 847 finem

1159 870 1340 918 (utraque
1374 868 1542 918 repetita
1575 867 1680 918 apud
1715 867 1919 908 Oudinum
1955 875 2049 909 tom.
2075 871 2126 919 2,

1157 941 1245 980 pag.
1264 929 1327 968 78.
1340 932 1436 980 seq.)
1458 941 1549 968 cum
1567 930 1790 979 attulisset,
1812 931 2018 982 subjungit
2038 945 2126 984 pag.

1158 992 1247 1030 362.
1272 990 1385 1040 Quod
1400 1002 1525 1043 porro
1548 990 1604 1030 ad
1625 1002 1804 1042 causam,
1822 997 1988 1045 propter
2004 1006 2125 1046 quam

1155 1054 1372 1094 Ermoldus
1395 1054 1435 1092 in
1456 1053 1626 1093 exilium
1643 1054 1788 1107 pulsus
1810 1054 1901 1108 fuit,
1927 1059 1966 1095 et
1977 1068 2031 1095 an
2050 1058 2129 1096 Er-

1155 1116 1309 1155 moldus
1332 1116 1394 1155 liic
1416 1116 1517 1155 idem
1541 1117 1595 1156 sit
1615 1121 1735 1168 atque
1754 1118 1972 1158 Ermoldus
1993 1118 2127 1158 Abbas

1155 1191 1271 1231 quem
1287 1183 1524 1218 coaetaneus
1549 1179 1655 1219 Vitae
1671 1180 1931 1232 Imperatoris
1941 1181 2132 1221 Ludovici

1156 1242 1221 1280 Pii
1236 1243 1408 1294 scriptor
1430 1254 1457 1280 a
1477 1245 1593 1281 Petro
1621 1242 1776 1282 Pz‘choeo
1795 1243 1973 1296 primum
1992 1244 2122 1283 editus

1150 1315 1244 1356 pay.
1272 1305 1360 1343 407.
1384 1307 1418 1354 a)
1442 1304 1570 1358 refert
1585 1318 1610 1343 a
1625 1307 1715 1358 Jam
1749 1311 1966 1345 memorato
2001 1308 2130 1359 Impe—

1156 1371 1295 1405 ratore
1310 1367 1382 1405 An.
1407 1367 1495 1405 834.
1515 1367 1683 1407 missum
1708 1380 1792 1407 esse
1815 1368 1869 1407 ad
1887 1368 2015 1421 filium
2039 1369 2130 1421 Pip-

1151 1430 1293 1482 pz’num
1314 1429 1354 1468 in.
1376 1429 1551 1479 Italiam,
1573 1441 1664 1468 cum
1688 1430 1885 1480 mandato,
1903 1438 1948 1471 ut
1967 1444 2033 1471 res
2056 1434 2132 1472 Ec-

1157 1494 1406 1532 clesiasticas
1431 1504 1533 1544 quae
1558 1495 1595 1531 in
1618 1505 1739 1544 regno
1760 1494 1848 1544 ejus
1867 1500 1982 1534 erant
1996 1526 2008 1544 ,
2030 1507 2131 1546 quas

1158 1556 1222 1594 vel
1247 1557 1330 1606 ipse
1356 1556 1440 1594 suis
1457 1555 1713 1603 attribuerat,
1734 1557 1799 1595 vel
1824 1557 1898 1608 ipsi
1922 1557 1995 1595 sibi
2020 1568 2133 1608 prae—

1157 1619 1375 1669 ripuerant,
1399 1619 1550 1668 absque
1575 1620 1831 1657 cunctatione
1853 1620 2048 1658 Ecclesiis
2072 1632 2135 1658 re-

1160 1683 1376 1720 stituerent
1390 1681 1439 1731 b)·.
1455 1685 1632 1732 utraque
1654 1680 1699 1719 de
1714 1692 1758 1719 re
1773 1692 1862 1720 cum
1880 1681 2076 1733 inteyrum
2089 1681 2135 1721 z'l-

1161 1742 1231 1782 lud
1245 1744 1423 1783 Ermoldi
1443 1744 1572 1782 exulis
1582 1749 1725 1794 poema
1735 1743 1901 1794 posthae
1920 1756 1945 1782 a
1961 1756 2020 1782 me
2032 1743 2135 1796 pub-

1161 1804 1371 1855 licabitur,
1398 1805 1617 1857 opinionem
1640 1817 1769 1844 meam
1804 1807 1998 1859 aperiam.
2024 1807 2137 1854 Quod

1160 1880 1256 1906 vero
1280 1880 1353 1907 nec
1380 1868 1617 1907 Lambecius
1642 1879 1772 1918 neque
1796 1869 2002 1907 hesselius
2024 1899 2032 1917 ‚
2067 1870 2135 1919 qui

1160 1930 1341 1981 ejusdem
1381 1930 1563 1970 Ermoldi
1607 1930 1822 1969 editionem
1868 1933 2106 1982 promiserat
2126 1963 2135 1981 ,

1162 1998 1289 2033 morte
1321 1998 1568 2045 praeventus
1604 1994 1734 2044 potuit
1764 1994 1947 2042 efficere,
1973 1994 2135 2033 tandem

1163 2057 1329 2095 feliciter
1352 2057 1590 2107 praestitum
1614 2061 1677 2094 est
1702 2055 1836 2094 studio
1867 2057 2035 2095 illustris
2058 2059 2140 2095 Mu-

1161 2120 1292 2157 ratorii
1309 2149 1320 2168 ,
1351 2120 1383 2167 c)
1409 2120 1477 2169 qui
1503 2120 1748 2157 recensitum
1774 2119 1847 2156 'noc
1877 2124 2018 2169 poema
2041 2121 2142 2158 inte—

1160 2193 1276 2232 grum
1321 2193 1341 2220 a
1387 2181 1584 2220 Lambecii
1623 2181 1874 2231 Nesseliique
1906 2193 2141 2220 successore

1163 2244 1409 2293 Gentilotm,
1434 2243 1604 2282 eruditis
1635 2244 1739 2281 notis
1780 2244 1998 2282 illustravit
2020 2244 2143 2282 edidi*

1162 2311 1259 2357 tque
1284 2307 1323 2344 in
1338 2307 1475 2344 limine
1497 2307 1624 2356 partis
1641 2305 1842 2344 secundae
1860 2308 1956 2344 tomi
1974 2305 2140 2345 secundi

1162 2370 1401 2420 scriptorum
1444 2380 1576 2408 rerum
1625 2369 1853 2407 italicarum
1879 2399 1886 2416 ,
1931 2369 2139 2408 Mediolani

1168 2431 1282 2470 4726.
1299 2431 1361 2469 fol.
1381 2430 1628 2481 Videturque
1644 2431 1804 2469 laudato
1815 2432 2026 2470 Muratorio
2043 2443 2142 2481 quo-

1168 2505 1246 2543 que
1276 2494 1626 2542 verisimillimum,
1651 2494 1886 2532 Ermoldum
1910 2494 2017 2532 hunc
2042 2505 2141 2533 exu-

1168 2556 1244 2593 lcm
1270 2567 1347 2593 non
1369 2555 1576 2594 diversum
1595 2586 1602 2604 ‚
1623 2556 1672 2594 ab
1692 2555 1881 2594 Ermoldo
1900 2587 1908 2606 ‚
1931 2557 2017 2594 sive
2037 2557 2142 2594 Her-

1168 2616 1344 2655 menoldo
1369 2618 1520 2656 Abbate
1543 2617 1789 2665 Anianensi,
1814 2629 1932 2668 quem
1959 2617 2008 2656 ad
2038 2619 2141 2669 Pipi-

1171 2691 1266 2718 num
1284 2679 1472 2718 Ludovici
1489 2680 1746 2730 Imperatoris
1763 2680 1886 2719 filium
1910 2680 2138 2731 ablegatum

1168 2746 1376 2780 notaverat
1411 2743 1531 2781 etiam
1555 2743 1760 2793 QBaronius
1783 2742 1832 2781 ad
1858 2745 2021 2782 Annum
2047 2744 2137 2782 834.

1170 2816 1278 2842 num.
1306 2805 1341 2842 4.

1221 2866 1514 2917 ERNALDUS‚
1539 2868 1625 2906 sive
1649 2868 1940 2916 ARNOLDUS,
1966 2870 2138 2920 scriptor

1170 2928 1276 2968 vitae
1291 2931 1330 2969 S.
1347 2929 1591 2968 Bernlzarcli.
1613 2929 1708 2968 viclo
1730 2942 1852 2982 supra
1875 2935 1902 2968 t.
1933 2933 1965 2979 1,
1983 2943 2007 2982 p
2024 2932 2113 2971 434.

1223 3072 1256 3110 a)
1280 3075 1361 3103 'rom
1397 3073 1417 3102 2
1439 3072 1589 3103 Andreae
1613 3074 1657 3104 du
1686 3073 1819 3105 Chesne
1843 3083 1919 3114 pag.
1943 3074 2018 3105 51⁶2.

1224 3121 1259 3160 b)
1283 3124 1351 3154 lloc
1373 3123 1494 3154 deinde
1513 3123 1637 3155 sactum
1657 3123 1854 3163 diligenter,
1878 3125 2066 3164 omniaque.
2083 3126 2141 3156 ιἰι-

1165 3181 1251 3203 vasa
1274 3173 1432 3211 Pipinum
1458 3172 1662 3203 obedienter
1686 3174 1890 3205 restituisse
1907 3199 1918 3212 ‚
1948 3176 2036 3207 idem
2059 3177 2146 3208 scri·-

1169 3227 1242 3263 plor
1268 3230 1343 3261 pag.
1366 3221 1439 3253 415.
1464 3222 1544 3254 edit.
1574 3223 1704 3254 Pithoei
1730 3224 1966 3263 (Cliesnianae
1990 3234 2019 3265 p.
2042 3225 2143 3265 315.)

196 3274 232 3312 b)
257 3275 402 3305 Histoire
439 3273 478 3304 de
503 3273 670 3311 l’Abbaye
703 3271 822 3310 ltoyale
846 3277 877 3303 ct
901 3274 940 3304 dc
965 3272 994 3304 la
1028 3273 1103 3306 ville
1167 3276 1321 3304 testatur.

133 3325 172 3356 de
200 3326 352 3356 Tournus
372 3346 381 3362 ‚
400 3331 480 3356 avec.
505 3323 551 3354 les
577 3331 727 3362 preuves.

1230 3323 1262 3361 c)
1289 3326 1366 3354 Acta
1393 3322 1619 3355 Erudilornni.
1645 3327 1704 3354 An.
1732 3323 1824 3358 1727.
1851 3334 1881 3364 p.
1917 3324 1980 3357 .sl.
2005 3335 2056 3365 sq.
