2500 3841
876 204 1367 244 CALDERINUS

2046 204 2125 244 297

118 278 291 318 Eusebio
314 276 420 315 Eccl.
443 276 541 314 IIist.
564 274 645 313 Lib.
664 275 713 312 VI
734 285 818 326 cap.
842 277 918 314 XX
940 278 1089 316 omissa
1163 276 1311 315 bricius
1326 287 1403 315 non
1420 277 1620 327 egregiam
1637 275 1700 314 illc
1716 286 1876 326 operam
1894 279 2072 326 praestat
2088 277 2123 314 le

117 341 167 380 ad
183 340 381 379 Hebraeos
409 337 587 389 epistola,
613 337 719 387 quod
757 348 848 376 cum
867 339 1087 390 fragmento

118 403 195 441 isto
209 402 326 453 plane
342 400 525 451 quadrat.
551 401 723 438 Demum
739 399 883 439 librum
899 402 1083 451 pastoris,

116 465 171 502 ait
209 465 378 514 scriptor
400 463 611 513 fragmenti
645 461 876 514 nuperrime
901 462 1085 514 tempori-

117 522 192 564 bus
209 525 359 564 nostris
381 523 421 563 in
440 522 542 563 urbe
573 525 699 563 Roma
732 525 886 563 Herma
909 524 1084 564 conscri-

109 587 197 638 psit
221 587 377 627 sedente
413 586 455 624 in
489 585 682 625 cathedra
703 585 819 625 urbis
853 589 999 626 Romae
1023 599 1084 626 ec-

113 649 257 689 clesiae
274 649 343 688 Pio
357 648 552 701 Episcopo
571 648 703 701 fratre
718 649 820 697 eius;
836 661 938 700 quae
959 650 1080 688 verba

113 712 283 752 Hermae
316 711 602 762 subaequalem
627 717 832 752 auctorem
869 713 1081 762 fragmenti

113 775 541 824 constituunt,neque
570 773 642 812 hoc
681 775 828 825 pariter
848 786 869 813 a
901 775 993 815 Caio
1017 779 1080 813 cst

111 835 301 875 alienum.
324 836 475 875 Verum
511 840 715 886 postrema
751 836 873 886 haec,
895 841 939 876 ut
962 841 1079 876 vetu-

110 901 258 937 statem
283 899 438 949 antiqui
462 899 667 950 scriptoris
690 899 859 949 probent
874 911 883 948 3
900 899 996 938 nihil
1021 903 1080 937 ta-

110 971 202 999 men
238 960 288 999 de
311 962 404 1001 Caio
427 961 634 1000 evincunt.
664 962 834 1012 Insuper
862 963 932 1000 vix
959 961 1078 1000 credo

108 1022 331 1062 Eusebium
369 1027 410 1062 et
444 1024 483 1062 S.
518 1024 806 1074 Hieronymum
830 1029 913 1063 tam
937 1023 1076 1062 sedulo

108 1085 445 1124 animadvertisse
491 1086 750 1124 omissionem
795 1087 986 1136 epistolae.
1026 1086 1075 1124 ad

109 1146 308 1186 Hebraeos
328 1148 368 1186 in
385 1148 545 1199 scriptis
561 1148 643 1188 Caii
661 1160 671 1197 ς
688 1148 784 1187 nihil
800 1160 896 1187 vero
911 1160 1075 1187 curasse

109 1209 339 1260 neglectum
368 1211 490 1249 unius
523 1222 573 1249 ex
597 1210 776 1260 epistolis
809 1210 848 1248 S.
881 1211 1073 1260 Joannis,

107 1273 226 1311 cuius
255 1271 357 1310 duas
386 1271 666 1311 tantummodo
690 1274 960 1323 recognoscit:
982 1271 1078 1311 sub-

104 1332 252 1385 scripti
270 1333 437 1373 Joannis
461 1333 565 1389 duae
589 1334 629 1373 in
647 1326 843 1372 catholica
865 1333 1074 1373 habentur.

105 1395 348 1447 Expendant
371 1395 469 1435 haec
489 1395 635 1435 eruditi
661 1401 702 1435 et
730 1395 927 1445 judicium
952 1408 1073 1436 suum

107 1459 308 1497 retineant
344 1458 608 1509 quoadusque
646 1460 770 1498 maior
806 1459 876 1498 lux
917 1461 1077 1498 veritati

107 1519 354 1571 detegendae
376 1520 617 1560 affundatur.

157 1582 403 1622 DOMITIUS
425 1582 475 1623 de
495 1582 765 1623 CALDERIIS
781 1615 790 1634 ,
805 1595 927 1636 prope
951 1585 1074 1623 Vero-

105 1656 199 1684 nam
215 1675 224 1693 ,
246 1647 333 1685 sive
353 1645 696 1696 CALDERINUS,
731 1649 799 1696 qui
834 1647 1073 1686 Juvenalem

103 1706 179 1746 An.
206 1707 309 1748 ⁴474
324 1707 495 1748 Statium
510 1708 556 1747 Α.
583 1708 687 1748 4475
708 1709 799 1748 inde
820 1710 906 1748 Ibin
922 1710 1072 1758 Ovidii,

104 1771 247 1810 Silium
271 1775 312 1810 et
343 1772 589 1821 Martialem,
613 1772 877 1820 Svctonium,
902 1776 943 1810 et
979 1773 1074 1823 Epi-

104 1833 229 1872 stolas
256 1834 460 1874 Ciceronis
498 1834 739 1883 illustravit,
766 1835 904 1872 Latine
934 1839 1070 1873 autem

101 1897 225 1935 vertit
252 1895 385 1935 Attica
407 1900 449 1934 et
471 1895 723 1935 Corinthiaca
752 1897 970 1935 Pausaniae
985 1928 995 1945 ,
1026 1900 1071 1935 ut

102 1957 248 1998 librum
262 1958 460 1997 adversus
469 1957 667 2008 Angelum
678 1957 915 2007 Brotheum,
931 1958 1071 1997 Gram-

102 2021 293 2059 inaticum
311 2049 320 2068 ,
335 2019 672 2059 Observationum
693 2020 812 2058 libros
830 2020 895 2058 ΙΙΙ.
912 2030 962 2059 ex
983 2022 1073 2071 qui-

99 2082 177 2121 bus
214 2082 406 2121 nonnulla
435 2083 474 2119 in
513 2081 673 2120 Gruteri
718 2081 917 2132 Lampade
934 2111 943 2129 ,
983 2083 1070 2121 sive

101 2144 186 2183 face
215 2145 362 2183 artium
381 2148 478 2183 tom.
503 2145 545 2183 1.
571 2155 657 2194 pag.
694 2144 764 2183 31⁴
795 2155 879 2193 seq.
918 2145 1073 2183 Oratio-

100 2207 230 2245 tiones
244 2210 287 2245 et
300 2206 502 2258 Epistolas
518 2207 714 2245 omittam.
730 2205 830 2244 Vide
847 2205 896 2245 de
911 2217 957 2245 eo
974 2208 1071 2246 Bae-

103 2269 143 2306 lii
162 2269 359 2317 Lexicon,
384 2280 429 2308 ac
458 2268 507 2307 de
537 2266 626 2318 ejus
649 2268 811 2319 scriptis
826 2299 837 2316 ,
857 2267 1072 2307 Bibliothe-

100 2342 189 2371 cam
207 2331 376 2371 Gesneri
398 2343 486 2383 pag.
511 2330 602 2371 2⁴7.
632 2332 746 2370 Diem
770 2330 867 2368 obiit
889 2329 935 2369 A.
965 2330 1070 2370 4477

102 2398 206 2433 teste
229 2394 448 2442 Trithemio
472 2406 557 2445 cap.
581 2394 671 2432 839.

153 2455 328 2495 Joannes
349 2455 690 2504 CALDERINUS,
707 2456 852 2494 Doctor
870 2456 891 2494 J
897 2457 978 2494 uris
1002 2454 1075 2494 Ca—

103 2518 233 2556 nonici
249 2518 512 2557 Bononiensis
527 2519 632 2557 circa
647 2517 810 2557 Annum
823 2519 836 2557 l
849 2518 938 2556 350.
951 2529 1074 2569 gener

100 2580 267 2618 Joannis
300 2578 510 2628 Andreae,
545 2579 594 2618 de
624 2591 702 2630 quo
726 2590 848 2629 supra
885 2589 972 2629 pag.
1008 2579 1071 2616 89.

103 2644 160 2681 De
184 2642 248 2680 illo
268 2645 309 2680 et
332 2640 411 2679 filio
442 2640 622 2692 Caspare
662 2639 954 2681 CALDERINO
970 2669 979 2687 ,
1005 2641 1073 2689 qui

105 2706 144 2743 in
168 2703 425 2752 DecretaIes,
450 2707 491 2741 et
515 2702 691 2741 indicem
712 2702 1007 2752 Decretalium,
1032 2706 1072 2740 et

104 2766 154 2805 de
182 2764 398 2804 Interdicto
435 2764 719 2804 Ecclesiastico
753 2764 937 2814 scripsit,
979 2762 1070 2802 vide

104 2827 370 2870 Pancirollum
387 2827 451 2866 lib.
468 2827 521 2865 111
542 2825 591 2865 de
612 2827 764 2876 Legum
778 2825 1072 2875 interpretibus

106 2902 191 2943 cap.
216 2891 280 2931 2⁴.

159 2952 182 2976 *
201 2951 338 2993 Codex
365 2952 445 2991 MS.
467 2951 591 2990 Felini
611 2954 651 2988 n.
679 2950 757 2989 282
777 2952 914 2987 servat
936 2949 1076 2989 Consi-

30 3064 33 3066 ,
108 3015 159 3054 lia
174 3015 232 3053 Jo.
249 3013 448 3055 Calderini
471 3018 512 3053 et
528 3013 714 3065 Casparis
737 3011 825 3062 ejus
850 3011 936 3061 filii,
957 3022 1074 3061 cujus

106 3077 239 3128 operis
258 3077 487 3116 Pancirolus
507 3088 587 3115 non
612 3076 807 3114 meminit.
829 3073 906 3113 Sed
927 3073 1076 3112 Gazza-

109 3140 228 3190 lupus
243 3140 283 3178 in
299 3139 463 3178 historia
474 3140 738 3190 interpretum
750 3140 791 3175 et
806 3136 1072 3186 glossatorum

110 3201 230 3240 habet
243 3202 302 3240 Jo.
320 3201 576 3241 Calderinum
590 3199 733 3253 fecisse
742 3197 959 3250 pulchrum
975 3207 1072 3249 opus

111 3261 392 3303 Consiliorum.
414 3265 471 3303 De
494 3262 681 3314 operibus
706 3271 800 3299 vero
824 3259 1011 3306 Joannis,
1031 3262 1072 3297 et

111 3325 296 3376 Casparis
319 3325 366 3365 ad
391 3325 640 3365 Pancirolum
667 3335 739 3363 nos
764 3323 974 3362 remittens
1000 3322 1070 3362 Fa-

1159 339 1451 385 ctorihumum
1471 337 1702 377 Pancirolus
1719 348 1845 388 pauca
1862 341 2011 387 tangat.
2029 337 2125 376 Ani-

1159 400 1428 439 madvertisse
1454 401 1575 450 igitur
1605 404 1761 451 oportet
1787 398 2124 439 Commentarium

1158 461 1197 500 in
1212 461 1598 511 Deci-etalesssarum
1609 461 1879 501 Decretalium
1892 461 2125 512 Indicem‚et

1156 524 1204 562 de
1224 524 1430 564 interdicto
1448 523 1730 563 Ecclesiastico
1748 525 1891 564 librum
1914 524 2123 563 authorem

1157 585 1345 625 habuisse
1369 598 1447 624 non
1473 587 1702 636 Casparem,
1720 590 1765 625 ut
1783 587 1886 625 male
1908 586 1971 625 hic
1995 586 2127 625 Fabri-

1149 650 1251 696 cius,
1278 649 1347 687 sed
1371 649 1580 686 Joannem.
1609 649 1766 700 «Caspar
1789 646 1898 686 dedit
1922 648 2124 699 repetitio-

1153 723 1241 749 nem
1274 722 1395 761 super
1419 711 1466 747 tit
1489 709 1538 747 de
1577 711 1833 760 poenitentiis
1871 715 1926 748 et·
1948 711 2118 749 Remiss.

1154 774 1392 823 impressam
1416 773 1455 809 in
1478 770 1540 809 fol.
1568 772 1654 809 sine
1680 771 1766 809 loco
1804 777 1845 809 et
1874 783 1990 810 anno.
2022 774 2123 813 item

1152 839 1192 873 et
1220 832 1411 881 consilia,
1436 843 1540 883 quae
1577 830 1686 872 MSS.
1713 838 1851 871 servat-
1871 834 1968 872 Cod.
1999 836 2121 874 Felini

1153 897 1242 935 365.
1274 895 1388 935 Alius
1421 895 1547 934 codex
1579 895 1764 934 eiusdem
1795 894 1921 933 Felini
1962 907 1999 934 n.
2046 897 2122 935 408

1150 958 1255 997 hanc
1283 958 1582 997 adnot-ationem
1604 957 1739 997 exibet
1765 959 1849 1007 ipsa
1873 957 2034 996 doctiss.
2055 959 2125 997 Fe-

1151 1020 1219 1058 lini
1246 1032 1367 1060 manu
1404 1022 1615 1071 scriptam:
1640 1017 1974 1058 Bartholomaeus
2011 1021 2124 1059 Sozi-

1150 1094 1226 1122 uus
1245 1083 1313 1122 vir
1335 1083 1492 1123 doctiss.
1516 1095 1543 1121 a
1565 1094 1644 1134 quo
1669 1080 1899 1134 exemplum
1928 1079 2048 1120 buius
2078 1081 2124 1120 li-

1151 1143 1219 1184 bri
1238 1145 1379 1195 habui,
1403 1144 1562 1185 dicebat
1574 1144 1778 1185 audivisse
1802 1144 2038 1183 Marianum
2046 1156 2123 1196 pa-

1151 1211 1252 1246 trem
1281 1220 1399 1247 suum
1428 1208 1620 1247 dicentem
1648 1206 1862 1246 Antonium
1886 1205 1932 1245 de
1955 1206 2122 1254 Butrio,

1150 1269 1223 1320 qui
1253 1268 1348 1309 haec
1373 1270 1538 1310 consilia
1555 1281 1631 1321 per
1654 1267 1845 1308 rubricas
1869 1267 2061 1307 distinxit
2087 1272 2124 1308 et

1147 1330 1414 1382 abbreviavit,
1434 1331 1596 1372 sedasse
1619 1330 1746 1371 multa
1768 1329 1869 1370 bona
1893 1342 1950 1370 eae
1974 1330 2023 1369 iis
2048 1342 2121 1370 eoc-

1151 1393 1285 1442 tensis‚
1302 1407 1406 1446 quae
1428 1393 1650 1434 resecanda
1672 1406 1749 1432 uon
1769 1396 1903 1441 erant,
1922 1404 2012 1431 cum
2035 1393 2124 1432 uul-

1152 1454 1233 1494 lum
1253 1468 1309 1495 eac
1325 1455 1462 1496 verbis
1482 1456 1624 1495 borum
1643 1454 1953 1495 Calderinorum
1982 1459 2122 1494 careat

1152 1517 1248 1557 sale.
1271 1520 1389 1557 Porro
1415 1520 1454 1556 in
1478 1518 1551 1557 hoc
1577 1518 1720 1557 Codice
1745 1517 1908 1556 consilia
1939 1522 2035 1555 sunt
2064 1519 2124 1554 in-

1151 1584 1274 1631 tegra,
1292 1585 1332 1619 et
1348 1585 1518 1619 extensa
1540 1591 1632 1619 cum
1655 1579 1837 1629 pluribus
1858 1583 1897 1617 et
1914 1580 2034 1618 variis
2052 1578 2120 1618 ad-

1149 1643 1421 1683 notationibus
1449 1648 1632 1682 extremo
1672 1642 1839 1692 margini
1874 1641 2114 1693 adscriptis,

1150 1717 1251 1756 quas
1289 1705 1398 1744 dedit
1428 1705 1532 1744 idem
1558 1704 1748 1754 Felinus,
1773 1703 1870 1743 dum
1912 1705 2118 1742 saeviente

1147 1773 1260 1820 peste
1280 1767 1454 1819 abjUrbe
1478 1768 1734 1806 Praenestem
1756 1777 1800 1805 se
1821 1767 2040 1818 recepisset
2054 1775 2117 1805 an.

1149 1831 1265 1870 4493.

1199 1895 1257 1932 Jo.
1275 1893 1474 1933 Calderini
1490 1893 1774 1931 commentatio
1792 1892 1831 1929 in
1848 1890 2048 1930 rubricam
2069 1891 2118 1929 de

1147 1957 1284 1995 usuris
1307 1960 1421 1995 extat
1445 1956 1483 1993 in
1509 1954 1588 1994 MS.
1613 1953 1699 1993 cod.
1726 1954 1816 1992 449.
1841 1953 1938 1992 Bibl.
1963 1952 2100 1991 ¹felini.

1200 2018 1381 2068 Denique
1401 2016 1581 2056 eiusdem
1601 2016 1807 2065 scriptoris
1822 2019 1908 2052 erat
1929 2015 2022 2052 olim
2038 2019 2119 2053 tra-

1147 2085 1282 2120 ctatus
1306 2080 1354 2119 de
1379 2075 1692 2117 auctoritatibus
1712 2080 1787 2115 vet.
1814 2080 1852 2115 et
1869 2075 1964 2116 novi
1988 2076 2119 2114 Testa-

1146 2142 1270 2182 menti
1294 2142 1335 2182 in
1363 2138 1583 2180 canonibus
1608 2138 1783 2178 insertis.
1816 2138 1991 2178 Extabat
2021 2137 2116 2176 olim

1145 2207 1184 2244 in
1215 2206 1294 2245 MS.
1325 2204 1410 2244 cod.
1444 2204 1532 2243 446.
1563 2202 1661 2242 Bibl.
1693 2201 1844 2251 Felini3
1877 2200 1994 2240 modo
2024 2211 2120 2238 vero

1145 2268 1299 2307 avulsis
1323 2267 1458 2305 nescio
1477 2266 1595 2305 cuius
1617 2265 1757 2304 iniuria
1784 2264 1910 2313 foliis,
1933 2262 2029 2301 nihil
2050 2273 2118 2302 su—

1146 2334 1282 2381 perest
1311 2332 1594 2380 praeterquam
1625 2326 1828 2365 adnotatio
1857 2324 2054 2377 quaedam
2080 2326 2120 2363 in

1148 2393 1339 2444 principio
1363 2389 1530 2441 legenda
1555 2400 1657 2440 quae
1682 2387 1886 2427 defectum
1911 2390 2059 2426 monet.

1202 2451 1488 2494 CALDOMUS
1497 2452 1721 2502 Episcopus
1738 2451 1776 2488 in
1793 2449 1925 2489 Africa
1939 2454 2118 2498 tempore

1151 2518 1190 2555 S.
1215 2515 1422 2565 Cypriani,
1437 2512 1555 2563 cujus
1569 2512 1774 2563 Epistolae
1796 2512 1900 2550 inter
1917 2509 2118 2560 Epistolas

1147 2578 1255 2617 illius
1277 2576 1465 2626 Martyris
1495 2575 1697 2625 leguntur.
1729 2573 1827 2612 Vide
1865 2570 2118 2611 Blondellum

1149 2639 1198 2677 de
1227 2638 1435 2688 Episcopis
1458 2647 1545 2686 pag.
1571 2635 1634 2673 4-1.

1201 2697 1436 2739 CALDRlNl
1459 2694 1729 2747 repertorium
1761 2696 1908 2733 citatur
1932 2705 1954 2732 a
1992 2693 2118 2732 Theo-

1145 2762 1278 2801 dorico
1300 2759 1558 2809 Engelhusio.
1583 2758 1769 2795 Fortasse
1794 2756 1980 2806 intelligit
2010 2754 2116 2794 Indi-

1146 2836 1234 2863 cem
1255 2821 1449 2861 Johannis
1469 2818 1667 2859 Calderini
1689 2819 1727 2856 in
1744 2817 1985 2857 Decretales.
2012 2817 2118 2855 Inte-

1147 2897 1217 2937 ger
1246 2884 1389 2923 titulus
1417 2883 1548 2933 operis
1572 2881 1693 2919 estin
1735 2879 1908 2919 editione
1939 2879 2118 2930 Spirensi

1147 2948 1223 2987 An.
1250 2947 1344 2986 lii-84
1378 2945 1441 2984 fol.
1464 2942 1629 2982 Joannis
1657 2940 1844 2983 Caldrini
1863 2939 2002 2979 tabula
2028 2950 2119 2978 con-

1149 3010 1274 3049 tinens
1297 3011 1480 3046 auctores
1503 3010 1541 3045 et
1571 3004 1785 3045 sententias
1820 3002 1974 3042 Bibliae
1997 3005 2121 3054 prout

1149 3073 1189 3111 in
1208 3067 1550 3121 compilationibus
1582 3068 1841 3106 Decretorum
1866 3068 1904 3104 et
1933 3065 2121 3103 Decreta-

1147 3133 1243 3172 lium
1265 3131 1510 3170 inducuntur
1528 3162 1536 3178 ,
1558 3129 1664 3169 edita
1683 3141 1710 3167 a
1734 3127 1879 3167 Thomu
1894 3123 2118 3177 Dorniberq

1147 3195 1192 3235 de
1213 3192 1484 3244 Memminyen.
1860 3194 1864 3196 ’

1201 3253 1528 3297 CALENDARIA
1545 3259 1683 3294 vetera
1696 3252 1903 3304 complura
1921 3252 2118 3300 feruntur,

1148 3320 1196 3360 dc
1221 3318 1367 3370 quibus
1391 3317 1471 3356 dixi
1497 3317 1560 3356 lib.
1588 3317 1637 3356 IV
1662 3315 1929 3355 Bibliothecae
1954 3314 2120 3353 Latinae

1694 3396 1742 3432 {38
