2500 4009
316 182 396 220 ‘2¹28

313 252 503 291 similem,
545 250 770 299 addiditque
816 244 975 284 scwcnlo
1019 245 1088 284 hoc.
1136 249 1269 285 nostro

315 315 539 354 nasutiores
580 353 583 361 ¹
609 316 699 349 ntur
728 307 906 346 ee'nsdam
933 305 1069 346 verbis
1080 309 1094 356 )
1120 319 1272 359 paucos

314 377 489 428 reperiri
523 372 712 422 municipi
745 382 829 408 meo
866 368 1163 421 anteponendos.
1211 371 1272 410 Ex

315 441 375 478 his
399 441 583 488 scriptam
609 435 754 485 pariter
791 445 812 471 a
841 432 1015 471 Braccllo
1045 433 1272 472 Orationem

322 502 453 539 nescio
477 508 595 547 quam
619 495 836 534 crudimur.

364 563 404 599 ln
425 561 499 597 line
518 557 696 597 eiusdem
712 558 956 596 collectionis
976 557 1120 606 legitur
1139 569 1274 596 exem-

310 624 416 673 plum
434 621 590 660 tabulae
608 621 908 659 vetustissimae
929 631 990 658 an.
1012 621 1112 658 1506
1135 609 1285 677 iuven-j

310 692 369 723 tae
396 686 431 721 in
457 694 549 733 agro
565 682 766 721 Genuensi
792 682 971 720 milliario
991 693 1110 733 prope
1132 678 1285 721 urbe1n²

309 749 356 785 X.
381 752 458 784 etc.
484 746 621 796 Incipit
646 746 688 794 Q.
713 746 764 783 M.
790 744 981 783 ,llinutius
1006 756 1062 782 ec.

358 808 576 859 Epistolam
622 808 738 846 aliam
784 807 947 850 Bracelli
982 807 1050 845 (lat
1091 807 1268 846 collectio

303 871 571 923 Epistolarum
596 871 732 908 Franc.
758 869 915 908 Barbari
947 870 995 907 ab
1032 870 1119 908 lim.
1150 869 1265 909 Carti.

304 935 467 980 Quirino
498 944 703 982 nunquam
727 932 877 981 absque
909 932 1050 981 insigni
1089 933 1267 970 encomio

305 997 446 1035 literati
464 993 822 1040 conmemorando,
833 993 1135 1032 adoi·nata.Vide
1150 995 1262 1044 epist.

309 1060 379 1098 ¹:30
401 1058 491 1095 vide
507 1063 543 1095 et
563 1058 687 1107 Epist.
714 1056 786 1094 2178
808 1057 845 1093 in
870 1067 949 1106 qna
970 1056 1167 1094 Barbarus
1189 1056 1263 1095 frui

304 1134 346 1159 se
369 1122 538 1159 amicitia
558 1130 644 1157 enm
671 1117 794 1156 claris
817 1121 852 1156 et
867 1118 1140 1157 disertissimis
1162 1118 1263 1157 viris

301 1181 446 1222 Iacobo
483 1180 676 1221 Bracellio
712 1184 748 1219 et
783 1179 982 1219 Gochardo
1016 1181 1263 1219 Sarzanenst

301 1247 501 1295 gloriatur.

353 1309 494 1346 Peli-ns
509 1306 557 1345 de
578 1305 743 1345 BRACO
758 1306 1024 1354 Placentinus,
1041 1307 1166 1346 JCtus
1182 1308 1258 1345 cir-

297 1382 342 1408 ea
366 1369 527 1408 Annum
552 1370 652 1407 4:380
678 1369 836 1418 scripsit
856 1368 1130 1418 Repertorinm
1145 1368 1260 1408 Jaris

300 1431 490 1471 Canoniei
510 1430 657 1469 Ordine
681 1429 938 1481 Alphahetico
957 1459 965 1478 ,
990 1434 1029 1467 et
1052 1430 1164 1469 Jnris
1183 1430 1260 1470 Ca-

301 1494 428 1533 nonici
450 1492 729 1544 Compendinm
747 1522 755 1537 ,
779 1503 881 1543 quae
905 1492 1020 1530 ambo
1058 1491 1187 1531 adhuc
1219 1494 1257 1530 in

303 1557 551 1596 Bibliothecis
562 1556 710 1593 Galliae
721 1556 827 1593 MSta
841 1559 1063 1593 servantur.
1073 1554 1169 1593 Vide
1181 1556 1261 1593 (lu-

298 1621 436 1659 ‹linum
459 1626 552 1657 tom.
573 1619 621 1656 lll
640 1630 676 1668 p.
696 1618 811 1657 1220.
828 1618 891 1655 uhi
913 1619 1032 1655 etiam
1050 1618 1259 1668 scripsisse

301 1682 490 1722 Carmina
511 1713 518 1721 .
543 1686 583 1718 et
601 1681 700 1719 duas
724 1678 991 1717 Demosthenis
1021 1680 1228 1718 Orationes
1249 1708 1258 1727 ‚

297 1756 341 1781 ac
355 1743 519 1782 Lneiani
532 1743 705 1793 dialogos
722 1741 916 1791 quosdam
934 1741 1070 1778 Latine
1088 1741 1259 1778 vertisse

296 1810 471 1844 annotat.

353 1868 516 1906 Thomas
528 1864 950 1913 BRADWARDINUS,
978 1863 1148 1903 Lelando
1162 1864 1259 1903 Bre-

295 1930 552 1970 dowardinus
569 1960 575 1966 .
592 1929 678 1968 aliis
698 1928 744 1967 de
767 1926 1079 1973 Bradwardina,
1104 1926 1256 1977 Anglus

296 1994 585 2039 (licestrensis,
612 1991 631 2011 ²*
647 2001 719 2028 nec
749 1990 1016 2027 Dominieanis
1044 1990 1093 2037 a)
1117 2000 1256 2027 accen-

297 2055 471 2093 sendus,
504 2065 575 2091 nec
603 2053 899 2090 Franciscanis:
930 2051 973 2099 b)
1003 2052 1159 2100 ingenio
1187 2061 1255 2088 au-

297 2124 378 2155 tem
402 2121 441 2153 et
466 2113 760 2163 Philosophiae,
790 2112 1035 2157 Mathesoos,
1061 2122 1105 2149 ae
1129 2111 1256 2148 Theo-

301 2180 422 2224 los-*iae
465 2176 604 2225 insigni
626 2175 762 2224 peritia
804 2172 980 2210 Doctoris
1005 2170 1199 2223 profundi
1219 2172 1251 2220 c)

300 2226 458 2277 titulum
476 2237 828 2287 promeriiuszcum
848 2236 884 2272 in
897 2234 1136 2285 Archiepisc.
1153 2235 1254 2272 Can-

300 2302 540 2339 tuariensem
563 2297 598 2345 d,
619 2298 821 2336 Avenione
846 2301 1102 2334 consecratus
1125 2300 1253 2345 esset,

303 2366 338 2401 in
363 2362 542 2411 Angliam
578 2359 703 2398 redux·
742 2361 807 2397 vix
833 2359 1091 2409 quadraginta
1116 2359 1256 2397 diebus

302 2430 387 2476 post
410 2424 503 2461 obiit
519 2423 568 2461 26
588 2422 758 2472 August.
774 2434 805 2469 e)
828 2421 942 2460 Anno
968 2422 1081 2460 1349.
1107 2421 1257 2459 Praeci-

355 2531 368 2543 ·
391 2528 471 2560 Vide
483 2527 755 2559 Bradwardinum
781 2528 813 2558 in
837 2528 940 2557 Causa
959 2527 1026 2556 DE!
1045 2535 1077 2565 p.
1100 2525 1174 2557 550.

355 2580 386 2617 a)
404 2579 630 2609 Dominicanis
648 2576 808 2607 adscribit
826 2585 901 2608 cum
936 2575 1091 2606 Lusitano
1117 2575 1261 2615 aliisque

296 2631 460 2661 ,thamara
480 2636 554 2667 pag.
576 2627 633 2658 155
651 2633 683 2658 et
698 2626 759 2657 4⁸9
774 2627 814 2657 acl
830 2630 961 2656 Annum
981 2625 1061 2655 1575
1085 2626 1141 2664 qui
1157 2625 1261 2655 alium

295 2683 393 2711 etiam
409 2681 501 2718 lingit
520 2677 691 2708 Arlamum
712 2676 1017 2706 Bradwardinam
1032 2698 1041 2713 ‚
1063 2676 1120 2714 qui
1145 2679 1264 2706 contra

296 2730 488 2767 Pelagianos
504 2731 535 2758 et
550 2726 639 2757 Fidei
665 2726 774 2757 hostes
791 2727 961 2764 scripserit
980 2733 1055 2764 pag.
1074 2723 1147 2755 141,

356 2780 390 2815 b)
413 2778 672 2808 Franciseanum
696 2776 824 2807 faciunt
843 2777 1007 2815 Dupinius
1030 2775 1112 2806 Bibl.
1133 2773 1258 2806 Eccles.

296 2833 323 2858 vt
344 2828 492 2858 oudinus
518 2826 589 2858 ‘sed
607 2828 662 2865 qui
684 2828 752 2865 ipse
771 2825 834 2857 hoc
858 2829 1017 2856 retractat
1038 2828 1118 2855 tom.
1138 2824 1200 2860 ΙΙΙ,
1225 2832 1257 2862 p.

296 2879 374 2915 557)Χ
412 2881 577 2916 itemque;
600 2877 655 2906 alii
691 2879 900 2914 repugnante
934 2876 1036 2905 etiam
1063 2872 1258 2912 waslilingo.

297 2927 355 2957 Sed
377 2932 464 2957 recte
490 2925 672 2957 lticliardus
702 2926 814 2954 Simon
853 2923 1080 2955 Bibliothecae
1113 2922 1258 2954 selectae

296 2983 384 3007 tomo
403 2979 447 3013 ΙΙ,
472 2984 545 3016 pag.
567 2975 621 3006 97.
640 2974 669 3005 Il
686 2982 707 3013 y
725 2982 746 3003 a
776 2973 854 3002 bien
872 2974 952 3012 plns
985 2974 1018 3004 d·
1032 2981 1254 3012 appurence,

299 3027 352 3063 qn'
365 3027 388 3055 ι’(
408 3027 474 3055 n'a
493 3024 545 3055 dte‘
557 3025 595 3054 ni
612 3023 839 3055 Dominimin
858 3024 896 3052 ui
910 3023 1155 3055 Franciscain.
1171 3023 1259 3055 Adde

299 3076 455 3105 jacobum
474 3074 664 3106 Echardum
677 3079 767 3106 tomo
783 3075 890 3113 primo
902 3073 942 3104 (le
960 3073 1182 3113 scriptoribus
1197 3076 1258 3104 Do-

299 3126 472 3154 minicaniz
490 3133 562 3163 pag.
579 3123 651 3155 7⁴44.

361 3181 391 3207 e„
411 3175 566 3204 ”enricus
592 3175 733 3205 savilius
755 3174 959 3213 praefatione
977 3173 1018 3204 ad
1037 3181 1172 3205 causam
1191 3175 1255 3203 DE!

303 3226 417 3253 cotnra
435 3222 540 3257 eclam.
557 3228 584 3252 et
599 3224 843 3254 Warihonusad
859 3224 1041 3255 (laveihist.
1053 3223 1102 3255 lit.
1116 3226 1152 3254 Α.
1164 3222 1255 3254 1548.

360 3269 396 3307 d)
414 3269 501 3298 lilem
519 3275 606 3300 imno
621 3275 645 3302 1.
663 3274 798 3311 Augilai·
810 3281 920 3303 saerae
938 3283 1012 3313 paz.
1030 3272 1087 3303 ila
1102 3272 1140 3302 >¹12
1155 3275 1187 3303 et
1202 3271 1254 3303 tit.

359 3324 391 3358 v)
415 3323 550 3350 loannis
567 3322 696 3353 Lelandi
712 3324 918 3355 collectanea
940 3328 1030 3355 tomo
1048 3325 1159 3362 lll,1i.
1181 3322 1253 3354 117.

1018 175 1633 215 ΒΙΚΑΙ)“ἈΙΚΙ)ΙΝΗ5

1346 258 1469 296 puum
1501 247 1588 285 eius
1616 257 1716 297 opus
1737 246 1782 286 tle
1808 247 1944 287 Causa
1969 247 2063 287 DE!
2079 253 2217 290 contra
2240 253 2310 291 Pe-

1347 308 1493 359 laqinm
1517 308 1563 348 de
1587 312 1733 348 vertute
1768 321 2008 361 cansarum,
2032 315 2070 349 et
2091 311 2138 351 de
2160 313 2308 354 virente

1348 370 1422 409 Dei
1452 382 1598 409 causae
1621 382 1863 421 cansarum,
1900 373 2003 424 quod
2045 376 2308 416 Londinensis

1348 433 1618 472 Cancellarius
1640 434 1686 472 ad
1708 436 1981 474 Mertonenses
2000 448 2094 476 suos
2113 468 2121 484 ‚
2146 439 2231 478 sive
2259 439 2308 478 ad

1350 496 1566 535 Custodem
1597 501 1637 534 et
1670 498 1797 535 socios
1831 497 1956 536 Aulae
1992 499 2308 540 Mariodunensis

1347 559 1505 609 scripsit
1526 558 1601 597 An.
1628 560 1729 598 4344
1753 559 2010 598 distributum
2037 562 2074 598 in
2099 560 2221 602 libros
2233 563 2307 601 m.

1347 626 1465 671 atque
1485 621 1635 660 editum
1653 621 1701 660 ab
1716 622 1881 660 ilenrico
1898 622 2187 668 Savilio,Lond.
2202 627 2305 665 4648

1347 684 1408 722 fol.
1425 685 1554 722 MStos
1568 684 1703 735 plures
1719 682 1883 722 Codices
1902 688 2124 723 memorant
2137 686 2307 727 Jacobus

1343 746 1550 785 Echardus
1568 751 1627 793 ,et
1644 745 1866 784 Casimirus
1885 744 2068 785 Oudinus
2085 775 2093 793 ‚
2115 747 2217 787 Dum
2234 760 2304 789 au-

1344 813 1424 846 tem
1449 810 1629 859 queritur
1649 807 1962 846 Bradwardinus
1976 810 2098 846 totum
2111 809 2305 849 Mundam

1338 873 1430 921 post
1449 870 1651 921 Pelaqinm
1668 867 1828 916 abiisse,
1849 873 1970 918 atque
1985 869 2077 908 huie
2093 870 2182 910 vult
2199 873 2302 911 malo

1343 945 1572 983 occurrere,
1595 934 1677 983 ipse
1699 942 1839 982 parum
1865 930 2002 980 abest,
2027 932 2123 982 quin
2147 933 2186 971 in
2208 934 2306 974 alte-

1342 1007 1424 1033 ram
1449 1001 1669 1034 extremam
1692 998 1861 1044 partem,
1879 993 1916 1040 f)
1941 996 1981 1031 ct
2003 992 2052 1032 ad
2082 997 2304 1035 sententias

1339 1057 1572 1097 (lodschalci
1597 1068 1641 1095 ac.
1666 1054 1821 1094 Wiclefi
1846 1054 2051 1105 deflectat,
2072 1060 2117 1094 ut
2139 1067 2302 1109 appare-

1337 1121 1394 1158 hit
1417 1132 1467 1158 ex
1492 1119 1703 1158 sententiis
1728 1118 1841 1168 ejus,
1884 1117 2030 1167 quibus
2066 1117 2115 1157 ad
2151 1119 2300 1160 calcem

1336 1183 1465 1233 operis
1489 1182 1550 1219 sui
1575 1182 1775 1231 epitomen
1815 1181 1900 1230 ipse
1929 1180 2058 1219 voluit
2086 1180 2300 1232 exhibere,

1337 1256 1507 1295 quarum
1532 1243 1734 1282 nonnullis
1757 1253 1904 1294 paucas
1928 1242 2123 1292 quasdam
2141 1244 2299 1284 notulas

1333 1307 1511 1357 adspersi
1530 1336 1537 1353 ‚
1562 1307 1748 1356 quoniam
1773 1304 1935 1343 easdem
1952 1306 2208 1356 quaestiones
2230 1306 2298 1345 ho-

1333 1369 1395 1407 die
1434 1380 1455 1408 a
1492 1373 1574 1407 tam
1600 1369 1737 1406 multis
1760 1368 1898 1419 agitari
1933 1367 2060 1406 video.
2092 1359 2299 1408 Praeterea

1333 1435 1467 1469 autem
1489 1431 1613 1469 multa
1631 1431 1830 1469 subtiliter
1845 1429 2023 1481 disputat
2040 1461 2048 1481 ,
2064 1442 2295 1483 quanquam

1334 1505 1411 1532 non
1433 1493 1595 1545 perinde
1620 1493 1744 1532 solide
1767 1492 1928 1544 ubique,
1949 1491 2144 1532 adversus
2158 1492 2300 1532 Ethni-

1333 1567 1427 1603 σος,
1461 1555 1718 1606 philosophos
1743 1558 1783 1593 et
1806 1554 1978 1593 Judaeos
1995 1584 2003 1602 ‚
2023 1559 2159 1594 eontra
2197 1566 2297 1606 quos

1334 1623 1374 1655 et
1390 1618 1590 1669 religionis
1609 1617 1804 1656 naturalis
1820 1621 1860 1655 et
1875 1616 2123 1656 Christianae
2139 1616 2299 1668 dogma-

1334 1683 1372 1717 ta
1396 1679 1549 1717 erudite
1573 1680 1721 1730 passim
1747 1683 1908 1726 tuetur,
1933 1689 2007 1717 nee
2031 1689 2165 1717 sacras
2193 1679 2298 1718 litte-

1336 1752 1400 1778 ras
1423 1740 1539 1779 modo
1559 1745 1599 1778 et
1623 1742 1770 1790 scripta
1793 1740 2080 1790 Theologorum
2109 1739 2299 1778 Christia-

1336 1814 1477 1842 norum
1498 1832 1506 1848 ‚
1549 1801 1620 1841 sed
1665 1806 1706 1841 et
1737 1803 2032 1852 Romanorum,
2077 1802 2296 1852 Latineque

1332 1876 1450 1904 versa
1469 1865 1710 1904 Graecorum
1733 1868 1774 1903 et
1793 1863 1970 1903 Arabum
1993 1865 2149 1915 ¹scripta
2173 1867 2296 1903 testa-

1333 1931 1399 1966 tur
1421 1938 1464 1966 se
1484 1927 1701 1976 evolvisse,
1718 1937 1940 1976 provocans
1955 1925 2155 1965 interdum
2174 1927 2294 1971 etiam

1329 1989 1378 2026 ad
1399 1989 1674 2039 supposititia,
1699 1992 1744 2026 ut
1767 1988 1966 2026 Hermetis
1981 1988 2227 2038 Trismegisti
2243 1987 2293 2026 de

1326 2051 1449 2088 verbo
1471 2053 1647 2097 aeterno⁷
1664 2048 1890 2087 Aristotelis
1907 2049 1955 2087 de
1974 2050 2139 2088 seeretis
2163 2060 2293 2087 secre-

1328 2116 1479 2158 torum,
1497 2111 1680 2159 Sibylla&
1697 2110 1885 2149 Ovidium
1902 2110 1951 2149 de
1968 2111 2122 2160 Vetula,
2148 2111 2294 2162 Diony-

1327 2174 1431 2211 sium
1452 2171 1747 2223 Areopagitam,
1768 2176 1808 2210 et
1831 2172 1963 2210 varias
1987 2171 2185 2211 fabulosas
2205 2184 2294 2212 nar-

1326 2235 1523 2283 rationes,
1548 2233 1677 2284 qualis
1697 2245 1734 2272 v.
1760 2245 1794 2284 g.
1821 2237 1884 2271 est
1907 2233 2005 2272 haee
2028 2233 2077 2272 de
2098 2235 2293 2275 Constan-

1328 2297 1410 2334 tino
1432 2298 1570 2346 Magno
1599 2308 1684 2347 pag.
1710 2296 1773 2335 29.
1819 2293 2082 2334 Tradentibus
2119 2307 2292 2349 namque

1328 2358 1515 2397 Historiis
1531 2388 1539 2407 ,
1563 2358 1842 2397 Constantinus
1858 2358 2082 2409 Imperator
2100 2359 2291 2396 Romano-

1329 2432 1447 2468 rum,
1481 2432 1557 2471 per
1595 2419 1836 2471 sylvestrem
1869 2421 2042 2470 Papam,
2087 2419 2142 2458 ad
2175 2419 2293 2471 fidem

1331 2483 1543 2522 CHRISTI
1563 2484 1706 2521 Romae
1725 2492 1959 2531 conversus,
1995 2484 2033 2519 et
2066 2479 2118 2519 ab
2142 2479 2292 2520 Helena

1328 2545 1468 2595 reqina
1490 2547 1617 2583 matre
1636 2556 1736 2593 sna,
1759 2543 1911 2582 relictis
1935 2542 2065 2593 idolis,
2091 2543 2295 2584 inDEUM

1327 2607 1571 2646 ‚linlaeornm
1607 2605 1812 2655 credente,
1850 2609 1888 2644 et
1928 2609 2021 2644 tunc
2060 2605 2100 2644 in
2135 2606 2291 2646 Judaea

1329 2673 1465 2720 aqente
1497 2668 1680 2719 ‚qraviter
1719 2667 1974 2719 increpatus,
2017 2680 2060 2707 eo
2103 2668 2211 2720 quod
2247 2669 2287 2708 in

1331 2733 1485 2772 CJIRIS
1493 2732 1594 2770 TUM
1626 2729 1818 2769 hominem
1855 2729 2119 2781 crocifioeum,
2151 2730 2287 2782 potius

1325 2807 1444 2847 qnam
1461 2795 1500 2832 in
1513 2793 1583 2832 DE
1589 2794 1662 2832 ΠΜ
1671 2791 1915 2838 Judaeorum
1939 2791 2102 2831 credere
2123 2791 2287 2830 maluis-

1325 2861 1405 2896 set:
1429 2855 1585 2907 reflavit
1604 2854 1819 2905 Reyinam,
1843 2857 2041 2906 quatenus
2058 2862 2193 2893 secum
2215 2852 2285 2892 ad-

1325 2920 1486 2958 duceret
1512 2917 1724 2968 Mayistros
1768 2914 2077 2967 sapientissimos
2115 2913 2285 2954 Judaeu-

1325 2994 1431 3030 rnm7
1447 2981 1721 3032 disputaturos
1736 2990 1825 3017 eum
1835 2976 2068 3017 Doctorzbus
2084 2975 2281 3016 Christia-

1323 3056 1487 3083 norum.-
1514 3045 1623 3092 Qaae
1644 3039 1803 3080 veniens
1836 3051 1970 3079 secam
2006 3036 2182 3077 adduaeit
2204 3039 2283 3078 440

1324 3107 1432 3147 viros
1447 3100 1942 3144 doctissimoandaeoram
1956 3131 1966 3150 ,
1989 3109 2044 3139 ex
2063 3097 2207 3151 quibus
2228 3101 2278 3142 42

1377 3221 1401 3259 Γ)
1426 3222 1519 3253 Rich.
1533 3221 1646 3251 Simon
1669 3219 1794 3248 Lettres
1811 3215 1959 3252 choises,
1981 3224 2025 3246 ou
2049 3214 2283 3255 Bibliotheque

1319 3273 1468 3310 (tritique
1489 3275 1572 3301 tom.
1595 3270 1648 3298 lv.
1671 3269 1777 3297 Lettre
1797 3264 1833 3296 51
1861 3272 1904 3295 au
1932 3267 1967 3295 Ι».
2002 3263 2148 3296 Goudin.
2177 3265 2287 3297 Ludo-

1315 3324 1409 3354 vicus
1433 3319 1588 3352 Cellotius
1615 3319 1700 3349 llist.
1725 3314 1958 3347 Gotheschalci
1984 3317 2021 3347 v.
2051 3313 2100 3346 w.
