2500 3841
923 215 1243 256 CAEDMON

83 301 167 341 cap.
186 291 221 329 8.
241 288 318 328 Sed
339 286 372 325 is
393 296 466 325 nec
483 282 682 325 Caecilius
706 285 757 324 ibi
777 289 955 335 vocatur,
973 298 1045 325 nec

85 351 361 400 Caecilianus,
384 360 527 388 verum
553 346 785 397 Caelianus,
809 349 906 398 (non
928 349 1043 388 modo

82 416 122 452 in
145 414 254 453 Mss,
287 416 389 451 teste
412 410 664 460 Casaubono,
688 409 759 448 sed
793 414 834 449 et
859 412 898 448 in
926 411 1043 449 editis

80 479 172 514 ante
205 473 505 522 casaubonum)
550 472 615 511 ubi
644 472 895 523 Lampridius
928 474 1042 512 affert

79 537 314 577 Diadumeni
336 536 556 587 Epistolam
572 546 694 585 quam
711 535 837 583 fuere,
859 536 927 585 qui
950 547 1039 574 eam

76 599 275 638 dixissent
295 609 385 638 esse
409 597 531 648 hujus
555 595 748 636 Caeliani.
771 596 884 635 Alius
906 598 1038 647 etiam,

79 665 123 700 ut
142 660 320 709 videtur,
345 660 598 700 CAECILIUS
614 658 830 698 NATALIS
852 659 955 710 apud
972 661 1041 698 Mi-

76 723 239 762 nucium
256 723 447 770 Felicem,
470 723 538 772 qui
555 721 604 760 ab
623 722 787 760 Octavio
811 723 964 760 victum
981 733 1037 770 se,

74 788 114 823 et
135 787 375 836 persuasum
397 784 447 823 de
471 784 720 824 Christianae
738 784 951 834 Religionis
970 796 1038 823 ve-

74 847 209 896 ritate,
239 846 571 898 triumphatorem
614 846 758 884 erroris
796 846 1033 897 profitetur,

74 909 147 947 hoc
169 911 232 947 est
251 908 358 947 idem
380 909 546 947 Octavio
566 919 610 947 se
635 909 673 945 in
698 910 871 959 acceptis
888 908 1035 947 referre

70 970 327 1021 beneficium,
351 970 457 1021 quod
481 970 679 1009 Caecilius
702 969 801 1008 alter
822 970 861 1007 in
887 971 924 1009 S.
956 970 1035 1019 Cy-

70 1034 253 1084 prianum
277 1033 458 1072 contulit.
484 1032 675 1072 Similiter
697 1043 720 1070 a
743 1030 1031 1071 CAECILIANO

70 1094 110 1132 S.
147 1094 380 1145 Augustini,
415 1095 517 1134 alius
553 1093 604 1133 ad
637 1104 758 1144 quem
800 1092 1029 1143 Symmachi

68 1156 282 1208 Epistolae.

122 1219 346 1262 CAEDMON
358 1217 575 1258 Monachus
590 1216 750 1257 Ordinis
773 1216 1031 1266 Benedictini,

68 1282 196 1321 Bedae
221 1283 272 1321 IV
294 1282 345 1322 22
369 1282 462 1320 hist.
476 1279 638 1330 Anglor.
664 1278 854 1328 Cednom,
871 1279 970 1328 aliis,
986 1284 1032 1318 ut

70 1342 243 1382 Lelaudo
271 1354 356 1394 cap.
380 1343 443 1382 59.
475 1340 660 1390 Cedmon,
699 1341 765 1380 vel
808 1340 1031 1390 Ceadmon,

66 1416 168 1456 quae
191 1405 346 1453 Latine,
370 1405 436 1443 vel
452 1416 551 1444 num
575 1415 677 1455 quae
693 1404 911 1454 scripserit,
935 1403 1031 1441 mihi

66 1468 376 1517 incompertum:
401 1477 423 1504 a
445 1466 595 1516 Gangio
611 1470 745 1504 tamen
772 1468 1028 1514 memoratur,

64 1532 104 1566 et
128 1539 230 1578 quae
252 1527 359 1567 Beda
381 1527 431 1566 de
455 1528 520 1566 illo
537 1528 677 1576 refert,
701 1526 820 1578 digna
836 1527 1027 1565 memoria

61 1589 155 1628 mihi
179 1591 269 1628 visa
291 1593 399 1628 sunt.
424 1589 491 1628 Ait
513 1590 638 1635 enim,
669 1588 776 1639 quod
813 1588 876 1626 hic
904 1588 1026 1627 frater

61 1652 97 1689 in
121 1651 357 1691 Monasterio
380 1651 516 1690 Hildae
531 1650 779 1689 Abbatissae.
802 1653 922 1700 (quae
945 1651 1020 1689 An.

59 1713 136 1752 3330
160 1712 266 1752 diem
290 1713 418 1763 obiit.)
448 1711 596 1751 Divina
630 1711 768 1763 qratia
795 1711 1023 1762 specialiter

57 1773 238 1825 insicsnis,
259 1773 442 1812 carmina
477 1773 662 1824 reliqioni
694 1777 732 1812 et
760 1773 904 1825 pietati
928 1778 1023 1826 apta

54 1835 191 1888 facere
215 1834 379 1886 solebat,
402 1835 459 1874 ita
480 1839 527 1874 ut
547 1835 737 1887 quicquid
779 1847 835 1873 eac
867 1835 1022 1874 Divinis

56 1897 200 1937 litteris
216 1909 294 1950 per
316 1896 551 1950 interpretes
591 1897 777 1946 disceret,
812 1896 880 1935 lzoc
910 1897 1016 1949 ipse,

50 1963 143 2011 post
156 1959 368 2012 pusillum,
393 1958 526 1998 verbis
541 1958 706 2010 poeticis
726 1957 911 1997 maxima
925 1971 1019 1998 sua-

55 2022 176 2062 vitate
191 2025 230 2061 et
241 2025 532 2073 compunctione
555 2020 780 2071 compositis
806 2020 846 2059 in
868 2032 957 2069 sua,
980 2020 1021 2059 id

55 2088 115 2123 est
134 2083 354 2136 Anqlorum
373 2082 510 2134 linqua
527 2081 760 2135 proferret:
784 2082 899 2133 cujus
928 2094 1019 2121 car-

54 2145 227 2186 minibus
248 2145 466 2184 multorum
494 2157 611 2197 saepe
630 2144 757 2183 animi
776 2144 831 2183 ad
852 2149 1020 2183 contem-

54 2212 136 2247 tum
159 2207 302 2259 seculi,
327 2211 365 2246 et
386 2207 441 2246 ad
462 2207 678 2259 appetitum
697 2210 792 2245 sunt
806 2206 912 2246 vitae
935 2219 1018 2246 coe-

54 2270 161 2310 lestis
184 2269 353 2310 accensi.
377 2270 432 2308 Et
450 2263 608 2321 quidem
626 2267 700 2307 alii
714 2272 808 2320 post
833 2268 945 2308 illum
978 2269 1018 2308 in

49 2336 162 2384 pente
197 2331 417 2384 Anylorum
444 2330 634 2383 reliyiosa
664 2335 851 2384 poemata
880 2330 1017 2383 faeere

53 2393 279 2444 tentabant,'
296 2393 367 2433 sed
385 2392 520 2432 nullus
541 2393 579 2432 ei
596 2393 863 2445 aequiparari
873 2394 1013 2445 potuit.

53 2479 103 2484 --
127 2454 180 2493 Αἰ
199 2455 282 2506 ipse
317 2459 480 2505 cuncta,
505 2466 607 2506 quae
643 2453 838 2493 audiendo
862 2454 1016 2493 discere

46 2520 223 2569 poterat,
240 2515 541 2555 rememorando
557 2527 703 2564 secum,
721 2519 758 2554 et
769 2515 891 2567 quasi
902 2527 1016 2554 mun—

51 2579 144 2618 dum
159 2577 335 2626 animal,
360 2576 600 2615 ruminando
621 2576 662 2615 in
685 2588 847 2615 carmen
867 2576 1014 2615 dulcis-

52 2642 197 2678 simum
220 2636 490 2687 convertebat,
514 2637 756 2690 suaviusque
778 2639 1011 2688 resonando,

53 2701 231 2741 dot-tores
271 2711 365 2740 suos
387 2699 566 2739 vicissim
602 2699 806 2738 auditores
839 2699 1017 2752 faciebat

52 2775 156 2803 suos.
182 2761 363 2803 Canebat
377 2764 512 2800 autem
533 2761 554 2783 *
577 2760 624 2799 de
646 2761 844 2799 creatione
865 2761 1012 2811 mundi,

52 2829 89 2864 et
109 2824 262 2877 origine
284 2823 452 2863 humani
468 2823 627 2875 9eneris
641 2855 651 2871 ,
677 2827 714 2861 et
745 2827 823 2861 tota
853 2824 1014 2864 Genesis

53 2887 248 2938 historia,
282 2886 329 2926 de
370 2896 535 2938 cyre-ssu
573 2884 705 2924 Israel
733 2897 789 2924 ea:
823 2886 1010 2938 AEyypto,

92 3017 122 3043 ¹*
151 3032 294 3062 loannes
333 3028 588 3060 Tinmuthensis
615 3029 648 3058 in
676 3027 815 3058 historia
839 3035 938 3058 aurea
953 3030 1014 3060 MS.

48 3078 106 3109 lib.
129 3079 181 3108 XX
203 3072 277 3118 cap.
298 3078 318 3109 7
344 3079 431 3118 apud
455 3078 636 3108 Ileiiricum
658 3078 874 3107 Wartiionuni
898 3076 938 3106 nd
956 3079 1015 3108 Iis-

46 3136 110 3158 ser.
132 3126 173 3158 de
197 3129 378 3167 scripturis
415 3129 587 3166 sacrisque
620 3126 810 3157 vernaculis
846 3134 920 3165 bug.
942 3126 1017 3158 550.

49 3176 194 3208 (sednon
228 3176 314 3216 fecit
336 3176 430 3207 mira
452 3176 642 3216 poemata,
667 3175 771 3214 quasi
805 3184 867 3214 per
893 3184 1014 3206 <nunes

46 3234 172 3256 sacrae
187 3226 396 3266 Scripturae
409 3226 598 3257 historias:
614 3242 654 3248 —-
673 3225 852 3255 Divinitas
872 3226 1016 3256 edoctus

46 3274 86 3304 in
111 3274 238 3313 linqua
258 3275 382 3315 patr-ta
403 3275 522 3314 facere
546 3275 710 3305 carmina
745 3274 1016 3313 compunctiva.-

47 3323 103 3355 cui
116 3323 236 3356 nullus
251 3325 347 3358 alius
364 3325 403 3356 in
420 3325 624 3364 hujusmodi
640 3325 759 3365 potuit⁶
774 3325 1018 3365 aequiparari.

2010 216 2090 256 289

1120 290 1158 324 et
1186 287 1367 338 inyressu
1404 298 1445 325 in
1483 289 1634 325 terram
1662 285 2010 338 repromissionis:
2041 287 2088 325 de

1118 348 1211 387 aliis
1229 349 1419 399 plurimis
1442 352 1595 388 Sacrae
1618 348 1854 400 Scripturae
1878 347 2082 387 historiis.-

1117 409 1162 448 cle
1182 410 1453 449 incarnatione
1476 410 1673 450 DOMINI
1691 422 1739 449 ac
1761 410 1946 461 passione
1967 414 2005 449 et
2016 422 2081 457 re-

1114 473 1374 522 surrectione,
1392 477 1430 512 et
1440 472 1668 512 ascensione
1689 472 1728 511 in
1743 472 1892 511 coelum
1910 486 1916 511 :
1943 472 1989 511 de
2007 472 2080 511 ad-

1114 539 1233 573 ventu
1248 535 1424 586 Spiritus
1444 535 1627 575 Sanctiet
1639 534 1916 585 Apostolorum
1933 533 2079 572 doctri-

1114 608 1191 634 na.-
1216 596 1308 636 item
1323 596 1370 635 de
1391 600 1546 635 terrore
1564 595 1866 648 futiu'ijudicii,
1885 600 1923 635 et
1937 596 2077 635 horro-

1113 670 1158 697 re
1175 671 1326 711 poenae
1358 657 1603 709 9ehennahs,
1641 669 1687 696 ac
1724 657 1927 697 dulcedine
1963 659 2080 708 reyni

1113 720 1290 760 coelestis
1299 719 1424 759 multa
1438 719 1621 757 carmina
1635 718 1820 771 faciebat.
1842 720 1920 758 Sed
1939 724 1974 759 et
1991 719 2075 758 alia

1105 782 1320 834 perplura,
1341 782 1388 820 de
1409 780 1604 831 beneficiis
1620 784 1658 819 et
1669 780 1836 832 judiciis
1849 781 2019 830 Divinis,
2035 782 2075 819 in

1109 842 1253 895 quibus
1276 842 1430 882 cunctis
1452 841 1625 881 homines
1645 840 1696 880 ab
1716 853 1853 879 amore
1880 841 2074 880 scelerum

1107 904 1367 954 abstrahere,
1392 903 1448 943 acl
1481 903 1726 943 dilectionem
1749 915 1844 942 vero
1881 907 1920 941 et
1951 903 2073 942 soler-

1108 967 1204 1005 tiam
1227 965 1350 1006 bonae
1374 966 1540 1006 actionis
1565 965 1749 1005 eaecitare
1772 963 1958 1004 curabat.
1976 967 2074 1005 -Veri

1107 1030 1346 1070 Caedmonis
1378 1030 1552 1081 genuina
1582 1039 1709 1079 pauca
1747 1032 1991 1078 supersunt,
2024 1028 2074 1066 de

1106 1092 1251 1141 quibus
1276 1092 1470 1142 Georgius
1495 1091 1702 1130 Hickesius
1734 1091 1773 1128 in
1803 1089 2073 1129 Grammatica

1105 1153 1447 1204 Anglo—Saxonica
1470 1158 1511 1192 et
1531 1152 1848 1192 Moeso-Gothica
1884 1163 1917 1191 c.
1938 1154 2072 1191 XXIII

1106 1227 1143 1266 p.
1169 1215 1258 1265 487,
1284 1217 1372 1255 489.
1395 1216 1523 1261 Quam
1546 1226 1643 1254 vero
1678 1226 1730 1253 ex
1753 1214 1970 1253 Usseriano
1999 1215 2073 1255 Co-

1106 1277 1192 1315 dice
1214 1276 1291 1315 An.
1314 1278 1438 1325 4655,
1465 1277 1500 1314 4.
1523 1276 1762 1315 Franciscus
1802 1277 1948 1314 Junius
1975 1275 2072 1314 Am-

1105 1339 1315 1378 stelodami
1338 1338 1503 1377 edididit
1523 1338 1784 1389 paraphrasin
1803 1337 2008 1376 Geneseos
2030 1342 2072 1377 et

1104 1402 1272 1440 aliarum
1312 1401 1570 1439 historIarum
1600 1400 1755 1438 Veteris
1795 1400 2068 1450 Testamenti,

1102 1474 1271 1513 eamque
1285 1462 1501 1503 Caedmoni
1517 1460 1707 1499 adscribit
1727 1461 1766 1498 in
1786 1461 1891 1498 notis
1905 1461 1954 1498 ad
1969 1462 2069 1500 Wil—

1100 1525 1296 1564 leramum
1325 1536 1362 1575 p.
1389 1524 1480 1563 248.
1510 1534 1600 1562 eam
1636 1522 1687 1561 ad
1727 1523 1844 1573 longe
1863 1522 2066 1572 juniorem

1098 1591 1271 1626 aetatem
1294 1597 1384 1625 esse
1408 1584 1684 1632 referendam,
1709 1584 1816 1623 idem
1853 1584 2064 1624 Hickesius

1098 1661 1176 1687 non
1200 1649 1369 1689 dubitat.
1395 1648 1521 1688 Simili
1545 1647 1716 1686 faculate
1740 1647 1917 1685 carmina
1932 1675 1941 1690 ‚
1965 1649 2064 1697 opti-

1096 1712 1172 1750 mis
1194 1712 1325 1750 Poetis
1348 1722 1428 1749 non
1463 1709 1693 1758 inficianda,
1717 1720 1768 1747 ex
1804 1701 1984 1760 tempore
2013 1709 2064 1748 ad

1095 1778 1300 1824 stuporem
1344 1771 1595 1811 audientium
1631 1770 1887 1819 effundendi,
1927 1775 2064 1810 nostra

1095 1839 1225 1874 aetate
1262 1834 1367 1886 apud
1408 1834 1630 1872 Germanos
1672 1836 1832 1870 nostros
1875 1834 2063 1871 enitescit

1091 1898 1192 1936 Dan.
1215 1896 1561 1936 Schoenemannus
1591 1905 1670 1932 non
1707 1894 1843 1944 procul
1881 1895 2062 1932 Berolino

1091 1961 1229 1998 Pastor
1261 1960 1369 1999 Eccl.
1407 1957 1692 2005 Geltoviensis,
1731 1955 1780 1994 de
1818 1966 2060 2006 quocunque

1091 2022 1290 2071 proposito
1315 2022 1552 2070 argumento
1576 2019 1676 2056 mira
1699 2017 1903 2056 disserens
1918 2017 2060 2056 verbo-

1092 2094 1183 2121 rum
1206 2083 1426 2131 suavitate,
1446 2081 1650 2127 acumine,
1667 2079 1795 2129 copia,
1820 2078 2059 2128 delectuque

1091 2148 1131 2182 et
1154 2143 1328 2195 pondere
1346 2142 1651 2182 sententiarum.
1667 2141 1738 2178 Hic
1754 2144 1874 2178 natus
1889 2140 2060 2190 Gryphi—

1092 2206 1280 2254 svaldiae,
1291 2217 1310 2244 a
1322 2207 1487 2244 Rectore
1503 2208 1543 2243 et
1557 2201 2060 2252 SenatuAcadeniia02Gry-

1091 2268 1404 2318 phiswaldensis
1441 2267 1563 2305 hocce
1597 2266 1873 2304 testimonium
1897 2265 1990 2303 tulit
2018 2266 2058 2303 in

1090 2333 1383 2380 programmate
1408 2329 1563 2380 publico
1588 2328 1837 2380 promulgato
1861 2326 1907 2365 A.
1934 2328 2055 2376 «1620,

1091 2391 1139 2429 29
1164 2390 1251 2441 Maj.
1276 2390 1406 2441 Hujus
1429 2389 1594 2441 insissnis
1616 2388 1711 2428 doni
1730 2401 1819 2428 cum
1834 2389 2055 2437 Rostocliii,

1093 2452 1313 2501 Gustrovii,
1336 2456 1375 2490 et
1386 2451 1630 2503 praesertim
1653 2451 1694 2489 in
1717 2450 1823 2489 Aula
1838 2451 2055 2490 Strelizen-

1089 2514 1127 2552 si
1135 2546 1147 2563 ,
1172 2513 1244 2552 ubi
1266 2513 1506 2564 laryissimis
1529 2512 1653 2551 Ducis
1673 2512 1930 2551 Serenissimi
1949 2524 2055 2551 sum-

1088 2575 1192 2615 tibus
1207 2573 1589 2623 nutritur,illustria
1605 2573 1794 2612 edidisset
1807 2573 2051 2622 documenta,

1080 2638 1173 2688 pati
1191 2649 1268 2675 ‘non
1286 2636 1430 2687 potuit,
1467 2638 1513 2673 ut
1544 2633 1762 2673 Academia
1804 2646 1880 2673 sua
1910 2635 2052 2686 patria

1085 2698 1235 2737 diutius
1252 2698 1398 2749 iynara
1420 2700 1521 2736 esset
1536 2696 1655 2747 liujus
1675 2695 1777 2733 tanti
1794 2694 1875 2734 sibi
1895 2708 1921 2733 a
1945 2697 2016 2734 DE
2020 2698 2052 2735 Ο

1086 2760 1262 2799 concessi
1284 2758 1470 2810 beneficii.
1494 2758 1663 2809 Ideoque
1686 2760 1776 2794 ante
1800 2755 1954 2808 aliquot
1965 2757 2050 2797 dies

1086 2822 1256 2861 modeste
1275 2834 1301 2859 a
1320 2819 1430 2859 nobis
1449 2820 1575 2872 petiit,
1600 2823 1644 2857 ut
1666 2817 1746 2858 sibi
1767 2817 1904 2857 liceret
1923 2819 1961 2859 in
1969 2831 2048 2870 pu-

1087 2883 1190 2923 blica
1199 2883 1399 2923 Cathedra
1413 2881 1618 2935 fizscultatis
1628 2880 1746 2933 liiijus
1765 2891 1863 2919 suae
1871 2881 2047 2933 poeticae

1080 2945 1287 2997 publicum
1310 2945 1425 2984 edere
1453 2943 1659 2995 specimen.
1701 2943 1944 2994 consp-effato
1974 2944 2048 2982 ita—

1085 3018 1161 3059 que
1179 3006 1240 3045 die
1263 3006 1313 3047 27
1335 3006 1418 3057 ΜΗ]
1422 3006 1435 3043 i
1446 3005 1688 3056 ,llafsistratu
1702 3004 1947 3051 „lcadetnica
1965 3017 2047 3044 una

1084 3080 1174 3107 cum
1195 3067 1348 3107 civibus
1372 3072 1408 3106 et
1430 3066 1646 3119 hospitibus
1672 3079 1747 3105 non
1766 3067 1936 3117 parmis,
1958 3068 2047 3119 qui-

1084 3131 1176 3169 dam
1200 3142 1255 3169 eas
1286 3129 1398 3169 nobis
1421 3129 1472 3168 ab
1496 3130 1575 3181 ipso
1603 3129 1734 3180 petiit,
1762 3133 1805 3166 ut
1831 3128 1877 3166 de
1910 3128 2047 3181 consu-

1084 3193 1189 3232 sione
1214 3191 1443 3242 linquarum
1473 3203 1635 3230 carmen
1662 3189 1824 3242 aliquod
1848 3189 2044 3241 siuiderct.

1090 3257 1217 3305 chflcs
1244 3252 1306 3291 illc
1329 3265 1541 3292 conscensa
1567 3251 1769 3292 Catleedra
1790 3251 1836 3289 de
1860 3250 1933 3289 hac
1962 3264 2046 3292 ηια-

1089 3315 1191 3355 teria
1229 3315 1282 3354 ita
1307 3315 1446 3365 nitide,
1473 3315 1527 3354 ita
1569 3313 1745 3365 copiose,
1773 3313 1888 3366 idque
1918 3314 2044 3356 miaeto

1620 3395 1668 3433 37
