2500 4009
410 246 486 285 310

413 317 579 356 facultas
604 314 649 352 A.
678 312 789 351 1501.
811 318 1001 346 concessa
1024 311 1086 345 est
1109 307 1206 345 alios
1229 307 1362 345 laurea

408 379 607 430 ¹apollinea
631 371 819 418 ornandi,
845 374 978 409 exstat
999 368 1102 420 apud
1126 369 1361 409 Goldastum

410 449 501 479 tom.
527 440 576 476 Ill
601 435 941 475 Constitutionum
974 431 1242 482 Imperialium
1273 443 1361 482 pag.

414 504 500 541 482·

463 554 646 601 parmata
668 558 847 610 prodiere
877 556 1152 605 Nox-imbergae
1178 555 1292 595 4502.
1325 554 1359 592 4.

410 623 657 673 Argentorati
686 620 798 660 1613.
826 620 860 657 t.
884 618 1061 657 Odarum
1083 618 1168 656 libri
1190 617 1252 656 lV.
1268 615 1359 667 Epi-

406 688 675 737 qrammatum
699 683 785 722 libri
808 684 851 721 Y.
873 683 1103 720 Parnassus
1129 678 1271 731 biceps.
1302 679 1362 716 Li-

411 751 467 788 bri
490 749 550 787 IV.
572 746 788 793 Amorum,
813 744 1017 784 decennali
1047 742 1360 794 peregrinatione

409 812 622 860 conscripti
647 809 847 859 dicatique
870 806 1135 846 Maximiliano
1159 806 1186 843 1.
1216 805 1277 843 Ex
1300 803 1360 840 bis

408 875 528 924 petita
553 870 760 911 Salinaria
777 902 786 917 ι,
813 870 897 907 sivo
927 868 1139 918 descriptio
1163 866 1360 905 admiran-

410 937 551 975 darum
591 934 831 983 Cryptarum
863 930 1136 969 salinariarum
1166 930 1199 976 a)
1239 938 1358 979 prope

409 997 639 1038 Cracoviam
656 996 718 1033 1111.
739 996 768 1032 Ι.
783 994 908 1043 elegia
926 993 961 1029 6.
978 1003 1078 1042 quae
1094 995 1226 1030 exstat
1240 991 1359 1028 etiam

408 1063 444 1098 in
477 1059 628 1098 Pistorii
654 1062 759 1094 tomo
784 1057 798 1094 Ι
825 1055 1063 1103 scriptorum
1088 1064 1223 1091 rerum
1252 1052 1360 1090 Polo-

410 1125 606 1161 01001001.
628 1119 802 1158 Basileae
828 1117 942 1156 4:582.
966 1116 1027 1154 sol.
1049 1119 1089 1153 01
1113 1116 1151 1151 10
1169 1114 1360 1153 1100511011

406 1183 675 1233 hodoeporicis
709 1191 797 1230 pag.
827 1177 915 1216 579.
945 1177 1122 1215 Basileae
1162 1176 1291 1223 4580,
1322 1174 1357 1212 8.

408 1246 618 1294 Utrobique
643 1243 764 1281 ctiam
791 1240 964 1280 Carmen
987 1237 1040 1276 acl
1067 1236 1260 1277 Vistulam
1285 1235 1360 1287 slu—

410 1309 515 1346 vium
541 1318 590 1344 ex
612 1305 677 1343 lib.
699 1305 725 1342 Ι.
751 1303 877 1353 elogia
902 1303 962 1341 435.
989 1305 1029 1339 et
1053 1299 1098 1338 de
1122 1297 1359 1346 vesontlbus,

411 1372 495 1408 sive
520 1364 760 1406 bi'ssontz'bus
779 1374 997 1413 eorumque
1023 1362 1245 1400 venatione.
1266 1359 1363 1400 Vide

409 1438 447 1469 01
471 1431 632 1470 delicias
649 1431 856 1467 Poetarum
878 1425 1202 1464 Germanicorum
1223 1423 1366 1462 Grute—

409 1495 538 1532 rianas
559 1497 652 1530 tom.
679 1492 711 1529 11
734 1502 824 1541 pag.
849 1490 925 1527 245
949 1510 998 1516 --
1021 1487 1110 1526 270.

458 1557 626 1595 Carmen
652 1553 699 1591 de
724 1552 896 1591 diversis
936 1550 1187 1589 diversorum
1217 1548 1360 1587 studiis

412 1623 451 1655 01
476 1616 720 1656 humoribus.
747 1613 990 1652 Francofurti
1018 1613 1054 1649 in
1080 1612 1116 1649 8.
1138 1612 1223 1648 sine
1247 1621 1362 1649 anno.

464 1678 665 1730 Opuscula
682 1674 926 1715 Rosswitliae
944 1686 965 1713 e
986 1675 1063 1712 MS.
1082 1673 1306 1712 Monasterii
1326 1672 1365 1710 S.

409 1741 613 1786 Emerani,
630 1738 940 1777 Ratisbonensis.
956 1736 1234 1785 Norimbergae
1251 1735 1365 1773 4504.

409 1804 442 1841 4.
468 1803 515 1841 de
540 1801 683 1852 quibus
709 1801 808 1838 infra
834 1801 871 1836 in
897 1796 1177 1837 ROSWITHA.

461 1866 629 1903 Carmen
650 1862 696 1900 cle
720 1862 799 1900 situ
823 1865 860 1899 et
886 1858 1065 1899 moribus
1096 1857 1335 1896 Germaniae
1350 1888 1361 1906 ‚

409 1929 447 1964 in
473 1926 643 1964 Simonis
669 1923 848 1963 Schardii
878 1926 983 1960 tomo
1010 1922 1023 1960 Ι
1049 1925 1088 1960 01
1118 1920 1246 1958 501010
1283 1931 1366 1958 ser-

408 1999 522 2027 mone
552 1986 597 2025 de
634 1984 857 2036 Hercyniae
895 1983 1030 2034 syleae
1073 1980 1364 2033 maynitucline,

410 2062 501 2089 cum
527 2050 726 2099 superiore
746 2047 951 2094 Carmine,
975 2050 1015 2083 ct
1038 2047 1079 2083 B.
1103 2044 1280 2082 Rhenani
1301 2044 1366 2081 III.

413 2112 520 2148 libris
558 2120 689 2147 rerum
727 2108 1052 2145 Germanicarum
1072 2136 1080 2154 ,
1117 2105 1366 2155 Argentorati

417 2172 532 2210 4610.
555 2172 591 2207 8.

468 2233 522 2270 De
540 2231 702 2281 oriqine,
727 2230 819 2277 situ,
836 2227 1014 2266 moribus
1030 2231 1067 2265 et
1081 2226 1272 2265 institutis
1294 2226 1368 2265 No-

412 2293 653 2343 rimberqae,
678 2292 775 2330 liber
795 2295 959 2329 curante
978 2289 1162 2327 Bilibaldo
1187 2288 1368 2338 Pirckay-

415 2367 521 2395 mero
546 2354 688 2405 prodiit
712 2354 987 2401 Norimbergae
1014 2353 1127 2390 4504.
1155 2351 1190 2388 [ι.
1216 2350 1304 2388 10(Ιο
1329 2351 1366 2387 10

413 2419 606 2457 Francisci
633 2417 771 2454 lrenici
796 2416 952 2463 exegesi
968 2414 1220 2459 Germaniae,
1246 2413 1369 2460 11303-

413 2491 508 2518 0030
534 2479 727 2518 4518101.
754 2482 792 2515 et
818 2479 855 2514 in
880 2477 1045 2526 repetita
1067 2474 1154 2524 ejus
1174 2473 1366 2522 editione,

410 2546 574 2581 curante
597 2542 747 2579 Joanne
767 2539 918 2578 Adamo
943 2535 1192 2584 Bernliardo,
1216 2536 1364 2574 Hanov.

418 2604 527 2643 1728.
554 2604 614 2641 fol.
641 2607 679 2641 et
706 2604 743 2640 10
769 2601 915 2640 laudati
942 2598 1208 2648 l'irckaymeri
1232 2597 1368 2647 Operi-

414 2668 487 2705 bus
512 2666 709 2703 historicis
739 2675 823 2714 pag.
857 2663 944 2701 446.
976 2660 1223 2699 Francofurti
1253 2660 1368 2698 4665.

414 2730 473 2767 sol.
497 2727 796 2777 Avtographum
813 2725 986 2763 auctoris
1010 2724 1191 2774 religiose
1215 2723 1364 2760 servari

415 2793 451 2828 10
477 2790 716 2829 Bibliotheca
740 2786 1055 2836 Norimbergensi
1072 2816 1082 2833 ,
1114 2785 1268 2823 notavit
1290 2783 1364 2822 Ge-

412 2854 542 2903 orgius
556 2853 704 2889 Remus
726 2852 762 2887 in
780 2849 959 2900 Epistola
975 2848 1022 2887 ad
1040 2847 1262 2885 Jobannem
1278 2847 1364 2885 Kir-

411 2915 653 2953 chmannum
673 2942 680 2961 ,
706 2914 809 2949 inter
829 2910 1032 2949 Gudianus
1056 2920 1141 2960 pag.
1167 2908 1258 2947 249.

464 2977 518 3015 De
540 2975 622 3015 vita
651 2976 690 3014 S.
714 2972 896 3020 Sebaldi,
922 2972 1089 3012 Carmen
1122 2970 1361 3022 sapphicum

415 3039 508 3076 libro
531 3038 578 3076 dc
598 3037 852 3085 Norimbcrga
877 3033 1148 3084 subjunctum.

467 3113 498 3151 a)
523 3117 565 3144 ne
589 3114 638 3144 liis
656 3117 787 3153 praeter
809 3112 932 3143 (30110111
951 3113 1111 3151 Georgius
1129 3114 1237 3142 Dousa
1254 3113 1288 3142 in
1306 3112 1365 3142 iti·

410 3171 485 3193 nere
507 3162 877 3202 Constantinopolitano
902 3169 975 3200 pag.
1001 3161 1049 3192 11.
1072 3170 1121 3200 sq.
1155 3161 1365 3192 Bernhardus

410 3212 537 3241 Cizunnr
573 3214 605 3241 in
643 3212 865 3250 ‹lc-scriptione
900 3213 1057 3241 Poenino,
1083 3219 1122 3249 pa
1149 3234 1157 3242 .
1184 3210 1255 3241 ⁰235.
1291 3208 1362 3240 751.

410 3259 564 3288 editioni<
583 3263 815 3291 ‹ic-rinanicae:
836 3261 1088 3300 Phi'o<‹›plii‹·ac
1108 3262 1363 3291 'transactiones

409 3309 604 3338 Anaicanac
628 3314 705 3340 tom.
733 3312 741 3338 Ι
767 3319 784 3347 11
829 3310 915 3340 wlf).
940 3319 1005 3349 seq.
1033 3311 1265 3344 waarnseilius
1283 3315 1362 3342 torn.

412 3359 436 3385 11
464 3364 558 3395 perat·
585 3357 740 3388 libroruin
762 3360 958 3398 juvenilium
982 3368 1056 3399 pag.
1081 3360 1152 3391 622.
1177 3364 1242 3392 etc.

1174 236 1605 275 CENSORINO

1488 306 1639 344 Eorum
1665 304 1750 358 sere
1774 305 1970 353 omnium,
2001 316 2102 357 quae
2130 303 2315 344 Rhetores
2344 306 2384 345 in

1437 367 1662 407 Orationem
1683 367 1818 406 venire
1833 367 2040 417 adserunt,
2058 379 2112 406 ea:
2129 367 2314 407 Cicerone
2328 367 2387 407 in-

1434 430 1527 470 dex.
1544 431 1704 481 lugolst.
1723 431 1836 469 4532.
1855 431 1891 468 8.
1907 430 2069 481 Argent.
2091 431 2329 470 4534.4568.
2349 431 2384 468 8.

1486 494 1541 531 De
1557 490 1848 531 conscribendis
1864 492 2049 544 Epz'stolis
2069 492 2159 531 ibid.
2176 496 2217 531 et
2235 493 2384 543 Tiguri,

1434 567 1505 595 000
1523 567 1598 594 1100
1618 555 1799 594 Coloniae
1821 556 1834 594 4
1847 553 1933 592 537.
1950 555 1986 592 8.
2006 555 2180 593 Basileae
2198 555 2211 593 4
2224 554 2321 601 567,
2343 553 2378 591 8.

1485 619 1540 656 De
1563 619 1650 655 arte
1686 615 1944 666 versificandi
1969 617 2006 654 in
2034 617 2067 654 t.
2099 617 2185 654 5100
2213 626 2316 655 3000
2340 619 2381 654 01

1435 681 1534 718 loco.
1562 680 1617 717 De
1653 677 1837 717 laudibus
1876 678 2130 729 eloquentiae.
2166 676 2386 730 Paneyyrz's

1435 740 1538 779 Ducl
1556 740 1768 778 Bavariae.

1489 802 1695 841 Orationes
1709 801 1849 840 variae
1864 806 1903 839 et
1916 800 2116 852 Epistolae
2131 802 2180 841 ad
2194 802 2385 849 diversos,

1433 871 1557 904 metro
1581 870 1620 902 01
1644 875 1770 915 prosa.
1792 863 1887 903 Vide
1908 864 2169 903 Trithemium
2186 875 2269 915 cap.
2285 865 2374 904 922.

1489 925 1837 974 leeorlericee‘dem,
1859 927 1944 964 sive
1961 930 2101 976 poema
2117 925 2316 965 heroicum
2335 927 2383 966 de

1434 991 1552 1029 rebus
1569 988 1797 1027 Theoderici
1813 989 1929 1039 Regis
1945 987 2187 1035 Gothorum,
2206 991 2246 1026 et
2269 1000 2387 1038 quam

1434 1052 1607 1103 prosario
1638 1050 1800 1088 molitus
1824 1060 2007 1088 sermone
2040 1053 2102 1088 est
2133 1048 2387 1087 Germaniam

1436 1113 1681 1153 illustratam
1696 1113 1901 1151 absolvere
1918 1112 1995 1150 fato
2011 1111 2293 1162 praeveniente
2304 1111 2390 1151 Cel—

1437 1182 1499 1215 tes
1519 1180 1580 1214 051
1601 1175 1835 1225 prohibitus.

1486 1241 1541 1278 De
1555 1237 1838 1278 CENSORINO
1852 1236 2135 1286 Grammatico,
2150 1237 2216 1286 qui
2233 1246 2254 1274 3
2270 1236 2388 1275 CHri-

1437 1303 1484 1340 sti
1511 1301 1634 1339 sacris
1658 1300 1811 1338 alienus
1828 1299 1971 1338 librum
1996 1299 2250 1337 notissimum
2268 1296 2314 1336 de
2328 1296 2389 1336 die

1439 1361 1575 1402 Natali
1609 1362 1658 1401 ad
1695 1362 1740 1408 Q.
1765 1362 1981 1401 Cerellium
2019 1362 2234 1399 Patronum
2269 1370 2387 1399 suum

1437 1428 1540 1465 01103
1563 1424 1723 1464 Annum
1744 1424 1899 1463 CHristi
1915 1424 2004 1463 238.
2023 1424 2203 1474 scripsit,
2221 1423 2318 1462 satis
2334 1421 2391 1461 di-

1438 1492 1547 1527 ctum
1574 1489 1609 1525 in
1634 1487 1879 1526 Bibliotheca
1903 1487 2041 1524 Latina
2064 1486 2128 1524 lib.
2153 1486 2217 1524 III.
2243 1495 2327 1536 cap.
2353 1485 2387 1522 4.

1438 1552 1720 1601 Fragmentum
1746 1550 1798 1588 illi
1820 1548 2066 1598 subjectum,
2090 1548 2182 1587 licet
2205 1547 2253 1587 ad
2275 1558 2390 1599 argu-

1439 1618 1619 1652 mentum
1643 1613 1728 1651 libri
1753 1612 1801 1651 de
1826 1612 1888 1650 die
1914 1612 2038 1650 Natali
2062 1622 2139 1649 non
2170 1611 2310 1657 faciat,
2335 1614 2395 1648 ta-

1440 1688 1530 1716 men
1548 1676 1754 1714 Censorini
1780 1674 1900 1724 hujus
1924 1685 2014 1712 0550
2038 1685 2086 1712 ex
2111 1673 2185 1712 alia
2211 1673 2314 1711 illius
2335 1672 2392 1710 lu-

1439 1738 1694 1786 cubratione,
1731 1748 1807 1775 non
1838 1735 2042 1775 dubitabat
2074 1735 2260 1773 Barthius
2290 1735 2393 1772 notis

1440 1800 1488 1839 ad
1513 1799 1775 1838 Claudiauum
1791 1800 2028 1838 Mamertum
2043 1808 2130 1848 pag.
2156 1797 2244 1835 340.
2272 1795 2391 1847 idque

1438 1862 1527 1901 alibi
1553 1866 1813 1900 ostensurum
1842 1871 1884 1898 se
1914 1863 1976 1898 est
1999 1859 2210 1910 pollicitus.
2242 1857 2392 1897 Censo-

1441 1926 1573 1963 rinum
1592 1925 1694 1962 inter
1710 1924 1923 1974 scriptores
1946 1921 1994 1961 de
2018 1925 2101 1960 arte
2117 1921 2394 1968 Grammatica,

1440 1989 1507 2037 qui
1529 1983 1613 2026 suis
1637 1986 1806 2024 saeculis
1830 1985 1990 2022 honoris
2012 1983 2135 2022 decus
2158 1983 2392 2030 habuerint,

1441 2060 1518 2087 una
1542 2060 1633 2088 cum
1660 2046 1910 2093 Palaemone,
1937 2045 2081 2093 Phoca,
2111 2043 2235 2083 Probo
2255 2044 2389 2083 laudat

1440 2110 1633 2148 Alcuinus
1649 2109 1744 2146 libro
1764 2108 1812 2146 de
1827 2111 1980 2156 septem
2000 2107 2152 2145 artibus
2167 2117 2253 2157 pag.
2273 2105 2389 2145 4247.
2440 2131 2442 2133 v

1442 2172 1631 2221 Operum.

1494 2232 1828 2272 CENTULENSE
1855 2230 2089 2279 Chronicon,
2116 2230 2234 2280 infra,
2258 2229 2393 2270 HARI-

1443 2295 1645 2334 ULPllUS.

1493 2356 1821 2401 CEOLFRIDUS,
1841 2355 1927 2394 aliis
1947 2354 2280 2401 GEOLFRIDUS,
2301 2355 2391 2392 Pre-

1441 2421 1626 2470 sbytcret
1641 2422 1730 2469 post
1747 2419 1780 2467 a)
1798 2417 2055 2456 Benedictum
2073 2417 2297 2467 Biscopium
2314 2414 2392 2454 Ab-

1440 2484 1509 2521 bas
1534 2482 1571 2520 S.
1595 2481 1698 2520 Petri
1723 2485 1762 2518 01
1787 2481 1913 2527 Pauli,
1937 2479 2097 2519 Ordinis
2117 2478 2389 2528 Benedictini,

1442 2543 1777 2582 Wiromutliensis
1806 2546 1845 2581 et
1873 2542 2141 2581 Girovicensis
2170 2541 2209 2578 in
2251 2539 2391 2592 Anglia

1441 2617 1510 2656 per
1533 2616 1657 2644 annos
1687 2604 1848 2643 XXXV.
1874 2603 1977 2642 diem
2002 2602 2106 2653 apud
2131 2603 2326 2654 Lingonas
2351 2603 2388 2639 iu

1440 2668 1562 2706 Gallia
1586 2667 1831 2706 Narbonensi
1855 2665 1949 2704 obiit
1977 2666 2022 2704 A.
2048 2663 2138 2704 746.
2161 2662 2197 2703 7.
2229 2661 2388 2704 Calend.

1440 2730 1596 2770 Octobr.
1622 2729 1763 2768 aetatis
1788 2727 1849 2767 74.
1875 2727 2004 2778 dignis
2027 2726 2210 2766 laudibus
2239 2736 2262 2764 a
2283 2724 2387 2764 Beda

1438 2792 1473 2841 b)
1498 2803 1616 2842 quem
1640 2790 1818 2829 doctrina
1842 2789 1999 2838 imbuit,
2023 2787 2268 2838 celebratus,
2289 2787 2388 2826 Con-

1440 2855 1585 2893 sulenti
1611 2853 1788 2898 Naitoni‚
1811 2853 1905 2902 Regi
1929 2853 2154 2900 Pictorum,
2175 2849 2207 2899 0)
2231 2848 2277 2887 de
2297 2847 2388 2899 leyi—

1437 2916 1532 2955 tima
1543 2913 1813 2954 observatione
1826 2912 2004 2952 Paschae
2018 2916 2058 2951 et
2073 2911 2119 2950 de
2135 2914 2298 2951 tonsura
2312 2908 2387 2948 cle-

1436 2979 1635 3025 ricorum,
1673 2977 1831 3027 scripsit
1869 2975 2006 3014 utilem
2042 2971 2286 3025 Epz'stolam,
2315 2983 2385 3022 per

1435 3052 1553 3091 quam
1579 3041 1660 3090 ipse
1689 3038 1780 3087 Regi
1807 3037 2021 3084 satisfecit,
2051 3039 2091 3073 et
2113 3035 2196 3072 Rex
2219 3036 2380 3083 gentem

1434 3101 1600 3142 suamad
1611 3098 1859 3140 concordiam
1868 3098 2070 3137 Ecclesiae
2085 3095 2258 3135 reduxit.
2275 3096 2381 3134 Hanc

1486 3208 1517 3246 3)
1540 3207 1621 3239 Vide
1644 3204 1822 3237 rolandum
1849 3211 1922 3242 cap·
1945 3201 2002 3233 81.

1485 3258 1520 3297 b)
1548 3259 1634 3288 idem
1658 3256 1816 3286 Leiawius
1841 3261 1912 3292 cap.
1938 3252 1990 3282 89.

1486 3308 1517 3344 c)
1542 3307 1730 3344 Sigebertus
1748 3311 1818 3342 cap.
1834 3303 1885 3333 67.
1901 3302 1940 3332 (10
1954 3300 2171 3340 scriptoribus
2189 3299 2382 3332 ecclesiast.

1428 3357 1631 3388 'tritbemius
1659 3362 1733 3393 cap.
1755 3352 1828 3384 240.
1856 3357 1887 3384 et
1910 3353 1937 3381 11
1962 3352 2015 3383 ⁶20.
2038 3350 2156 3382 illustr.
2178 3336 2383 3394 Benedictin.
