2500 4009
406 195 457 235 δὴ
1159 195 1631 236 ALEXANDER

401 265 614 305 Hermanni
626 267 846 305 Torrentini
859 265 1090 314 ‚Kemponis
1111 264 1361 305 Thessalien-

400 328 479 373 sis,
516 332 554 365 et
594 328 757 366 aliorum
796 325 1141 374 explanationibus
1179 337 1223 365 ac
1253 338 1361 365 com-

401 390 547 426 mentis
568 393 822 437 praeteream.
844 385 943 433 Eas,
964 386 1031 435 qui
1051 386 1175 434 volet,
1197 387 1235 425 in
1256 388 1359 426 Hen-

401 448 560 486 dreicliii
587 446 810 497 pandectis,
834 450 874 484 et
895 448 1053 496 Loyseri
1079 448 1248 488 llistoria
1265 449 1359 487 Poe-

398 512 527 546 tarum
551 505 665 545 medii
692 507 777 543 aevi
806 518 892 557 pag.
928 507 1007 546 767
1042 510 1221 559 reperiet..
1259 510 1355 549 Vide

397 570 513 605 etiam
527 566 1102 607 DiariumEruditorumltaliae
1112 572 1353 618 tenrxxlv,

395 640 479 678 pag.
506 628 581 665 270
619 638 701 677 seq.
730 627 794 666 ubi
833 634 1103 668 memorantur
1139 630 1353 670 Alexandri

395 688 514 738 hujus
535 690 634 736 vita,
659 694 699 726 et
720 689 944 728 emendatio
965 702 1010 729 ac
1030 692 1352 742 supplementum

399 749 628 788 doctrinalis
652 749 738 800 ejus
754 762 775 788 a
792 752 949 789 Pontico
964 753 1143 799 Virunio,
1161 757 1354 802 notaeque

395 812 560 849 Joannis
589 812 785 849 Francisci
823 812 1027 850 Broccardi
1059 813 1239 862 Pyladis,
1272 815 1355 851 Bri—

391 874 553 919 xiensis,
571 883 719 911 excusa
732 875 746 911 1
758 873 846 913 502,
859 874 891 910 li.
905 874 1006 912 Sane
1023 874 1234 912 identidem
1248 876 1353 924 typis

395 935 643 984 exscriptum
673 939 735 973 est
767 934 838 971 hoc
870 935 1109 982 Doctrinale‚
1134 935 1257 973 donec
1291 936 1356 972 Jo-

387 994 529 1033 hannis
547 995 812 1044 Despauterii,
831 994 879 1031 de
894 1006 972 1044 quo
991 996 1110 1043 infra,
1127 1001 1167 1034 et
1188 996 1352 1034 aliorum

388 1055 594 1093 meliorum
619 1056 977 1094 Grammaticorum
996 1056 1292 1095 lucubrationes
1309 1059 1353 1096 il-

387 1116 453 1154 lud
476 1116 656 1154 manibus
673 1115 920 1155 studentium
937 1115 956 1138 ³*
970 1127 1195 1155 excussere.
1230 1119 1351 1157 Wad-

385 1177 531 1223 dingus
569 1181 677 1214 notat
713 1177 924 1215 Alexandri
965 1178 1150 1216 Carmina
1182 1180 1348 1218 tersiora

385 1239 537 1277 reddita
561 1239 608 1276 ab
637 1239 811 1277 Iluberto
850 1238 1091 1276 Susannaeo.
1116 1238 1234 1288 Apud
1263 1241 1346 1280 Ou-

384 1299 522 1337 dinum
554 1298 826 1336 Grammatico
852 1298 1081 1349 versificata
1109 1311 1159 1338 ex
1199 1301 1343 1341 Codice

382 1361 459 1398 MS.
481 1359 720 1410 appellatur,
742 1361 793 1398 ita
814 1361 939 1408 enim,
965 1372 1041 1399 non
1063 1360 1271 1412 verificata
1290 1363 1346 1402 le-

382 1419 555 1470 gendum
571 1424 644 1459 est.
661 1420 778 1471 Apud
793 1421 1098 1461 llendreichium
1117 1422 1344 1463 Doctrz'nale

377 1480 615 1532 ylossatum,
640 1482 726 1521 sive
760 1482 904 1531 codex,
928 1484 967 1521 in
991 1495 1068 1533 quo
1097 1484 1341 1525 Glossarium

381 1542 503 1592 hujus
519 1543 734 1582 Alexandri
751 1543 1072 1596 Alphabeticum,
1088 1546 1258 1586 traditur
1272 1559 1342 1586 ex—

379 1609 463 1643 tare
488 1605 590 1643 3000
629 1616 848 1654 annorum,
887 1606 992 1656 quod
1022 1619 1229 1658 perperam
1268 1610 1340 1647 im-

381 1677 566 1716 pressum
591 1677 706 1704 nemo
726 1677 804 1704 non
828 1666 938 1706 videt
960 1679 1029 1718 pro
1054 1668 1142 1707 300.
1162 1669 1256 1708 Prae
1275 1680 1338 1708 ce-

383 1729 479 1766 teris
508 1732 641 1766 autem
664 1729 872 1767 memorari
910 1733 1085 1768 meretur
1108 1729 1227 1780 hujus
1249 1729 1340 1771 Ale-

378 1788 518 1827 xandri
553 1790 718 1828 Summa
754 1791 840 1828 sive
875 1789 1124 1841 Aryumenta
1164 1791 1341 1843 capitam

377 1849 548 1887 omnium
571 1848 815 1889 Biblicorum
836 1851 1048 1902 utriusque
1075 1852 1336 1900 Testamenti,

380 1911 564 1950 versibus
600 1911 843 1952 hexametris
866 1914 1005 1952 CCXII
1031 1916 1133 1963 (non
1162 1919 1208 1953 ut
1230 1915 1338 1965 apud·

374 1973 636 2012 Possevinum
661 1974 770 2025 legas
799 1973 1003 2013 duodecim
1025 1973 1224 2024 milh'bus)
1247 1987 1337 2015 suc-

374 2034 504 2071 cincte
540 2034 844 2085 comprehensa,
873 2036 1063 2086 brevique
1099 2037 1337 2088 interpreta-

378 2095 482 2132 tione
506 2093 641 2144 adjuta
664 2095 771 2133 hunc
794 2097 832 2133 in
855 2096 1016 2135 modum
1036 2110 1044 2137 :

491 2179 582 2268 δὲ,
607 2181 806 2262 raginam
820 2255 830 2270 ,
859 2183 1039 2264 ΡΕΕῗΞΑΝΤ
1057 2258 1067 2272 ,
1091 2185 1190 2266 Agin.
1207 2258 1218 2274 ‚

528 2280 662 2361 131505011
677 2353 686 2368 ‚
708 2333 758 2363 ΕΤ
781 2281 883 2362 ΑΒῖΞΑ
912 2333 976 2363 Fir
990 2357 1000 2370 ,
1022 2284 1204 2365 ΙΝΤΒῚᾸΝΤ.

434 2378 523 2466 dies,
547 2379 684 2468 liguur}
697 2430 805 2468 vitae,
827 2431 925 2470 primi
949 2381 1122 2474 pirenteffi
1149 2381 1335 2471 occiditur,

507 2478 728 2568 transierint,
754 2536 773 2559 a
797 2479 886 2568 Νίὲό,
910 2531 944 2561 in
967 2481 1094 2562 Zr'eam.

373 2594 515 2634 Prodiit
538 2594 611 2633 hoc
634 2596 903 2637 Summarium
938 2597 1131 2636 Biblicum
1159 2599 1196 2635 in
1221 2609 1338 2649 appa-

374 2662 461 2695 ratu
481 2657 528 2695 ad
545 2658 665 2697 Biblia
683 2659 857 2696 maxima
878 2658 1072 2697 Johannis
1095 2659 1142 2698 de
1165 2659 1200 2698 la
1216 2660 1336 2710 Ilaye,

373 2719 529 2757 Parisiis
548 2720 647 2758 1660
664 2720 725 2757 fol.
738 2724 777 2757 et
794 2731 831 2757 in
847 2721 865 2757 J
871 2720 1005 2770 osephi
1022 2722 1195 2759 Mariaea
1211 2722 1336 2760 Turre

374 2781 541 2818 Januen.
570 2785 676 2818 tomo
703 2782 765 2819 111.
804 2782 1104 2820 Institutionum
1136 2781 1184 2820 ad
1218 2782 1334 2821 Verbi

375 2842 502 2879 bivini
530 2842 828 2891 intelligentiam
856 2854 892 2892 p.
930 2844 1018 2881 564.
1044 2845 1206 2882 Parmae
1232 2843 1326 2883 1711

377 2902 437 2940 sol.
455 2903 591 2941 Plures
608 2903 920 2941 Summariorum
940 2903 1212 2954 hujuscemodi
1228 2906 1335 2943 Mne—

377 2966 618 3003 rnonieorum
648 2977 692 3003 ac
727 2965 1060 3015 Compendiorum
1094 2967 1330 3004 Biblicorum

377 3026 595 3075 Scriptores
610 3026 760 3065 dabunt
775 3028 869 3064 Rev.
889 3032 1022 3065 noster
1041 3028 1210 3066 Woliius
1224 3031 1330 3065 tomo

379 3086 422 3122 ll.
443 3088 700 3127 Bibliothecae
717 3088 925 3127 lIebraicae
942 3100 1026 3139 pag.
1049 3089 1137 3128 247.
1159 3090 1331 3127 Joannes

434 3182 444 3192 ”
471 3185 611 3214 loannes
633 3183 840 3215 maldonatus
863 3192 939 3223 pag.
957 3183 995 3214 15
1010 3185 1115 3224 Epist.
1136 3185 1206 3216 Cur
1221 3184 1333 3224 iyicur

376 3229 619 3262 Alexandrum
635 3256 644 3270 ,
675 3234 920 3264 I’aserannam
937 3237 968 3264 et
985 3237 1098 3265 totam
1115 3234 1217 3266 illam
1239 3238 1332 3265 vate-

379 3287 455 3309 rum
478 3278 796 3314 Grammaticorum
815 3281 1014 3315 barbariem
1029 3282 1271 3322 ablefsavimus
1287 3284 1304 3315 3

1434 267 1596 307 Micliael
1620 269 1791 321 Langius
1812 273 2093 314 Dissertatione
2117 276 2166 316 dc
2195 278 2393 331 Compen-

1434 328 1508 367 diis
1545 330 1717 380 Biblicis,
1741 331 1919 372 Altdorlii
1947 336 2057 374 1697.
2087 337 2278 389 Georgius
2300 342 2392 380 Ser-

1434 391 1551 440 pilius
1570 393 1809 441 praefatione
1824 394 1872 432 ad
1896 396 2056 435 Davidis
2070 398 2118 437 de
2139 400 2387 441 Schweinitz-

1432 451 1553 490 Biblia
1589 453 1712 491 Parva
1733 482 1740 501 ,
1765 455 1998 494 Ratisbonae
2026 458 2126 497 1718
2144 490 2153 508 ,
2177 461 2213 498 8.
2238 462 2384 500 Christ.

1429 510 1616 551 Albertus
1640 514 1830 551 Ermilius
1844 515 2083 563 praefatioue
2106 518 2155 556 ad
2170 520 2385 560 Christiani

1429 573 1632 612 Reimanni
1649 573 1836 612 Suldenes
1852 574 1973 623 ABG,
1995 577 2203 618 Lubbenae
2227 580 2330 621 1728
2345 584 2382 621 8.

1428 634 1536 679 Quae
1555 638 1687 672 autem
1706 633 1930 674 Alexandro
1951 642 2085 675 nostro
2104 639 2209 689 apud
2225 641 2386 681 Sixtum

1426 696 1644 733 Senensem
1667 699 1707 733 et
1730 696 1826 734 alios
1845 696 2075 737 tribuuntur
2096 697 2204 738 Acta
2222 699 2386 752 Aposto-

1428 755 1556 793 lorum
1578 754 1762 796 versibus
1782 768 1982 807 eoepressa
2002 759 2201 811 Leoninis,
2225 763 2290 802 illa
2313 765 2387 803 Pe«

1428 817 1475 854 tri
1497 815 1546 853 de.
1568 817 1662 866 Riga
1676 827 1764 855 esse
1788 817 1973 857 laudatus
1991 820 2173 860 Oudinus
2192 822 2293 863 bene
2311 835 2381 864 an-

1428 877 1589 914 notavit.
1602 876 1710 915 Idem
1721 881 2070 919 memoratMStam
2080 882 2119 920 in
2128 883 2384 934 UltraJectina

1427 938 1665 977 Bibliotheca
1704 940 1885 979 Massam
1918 941 2103 992 Compati
2134 946 2296 984 metrice
2331 947 2386 986 ab

1426 998 1650 1038 Alexandro
1673 1002 1933 1051 compositam>
1950 1002 1999 1041 ad
2021 1003 2117 1043 Jura
2137 1006 2272 1044 Matris
2305 1007 2384 1047 Ec*

1426 1061 1568 1099 clesiae
1592 1062 1862 1101 observanda:
1887 1074 1984 1102 eum
1998 1063 2269 1116 Alyorithmo,
2292 1067 2377 1106 Ka-

1425 1121 1603 1161 lenam-io
1618 1154 1628 1171 ,
1650 1127 1690 1162 et
1713 1123 1907 1174 Sphaera.

1477 1185 1499 1207 *θ
1520 1185 1670 1223 Versus
1711 1185 1797 1224 illos
1833 1192 2057 1225 exametros
2091 1187 2246 1227 authori
2286 1188 2380 1228 huic

1420 1244 1636 1283 attributus
1649 1257 1891 1296 quamquam
1915 1258 1993 1285 non
2021 1259 2121 1298 nego
2141 1248 2215 1299 legi
2231 1250 2378 1300 pariter

1419 1306 1457 1343 in
1474 1310 1662 1356 apparatu
1681 1307 1728 1345 ad
1745 1308 1867 1347 Biblia
1885 1310 2059 1348 maxima
2076 1309 2115 1347 P.
2131 1310 2188 1348 De
2202 1310 2239 1348 la
2253 1311 2374 1361 Hayo,

1417 1366 1484 1405 diu
1508 1370 1641 1405 tamen
1665 1372 1781 1407 antea
1804 1370 1982 1419 expressi
1997 1371 2104 1420 typis
2126 1370 2374 1421 prodierunt3

1417 1428 1502 1478 lego
1526 1429 1632 1467 enim
1656 1429 1741 1467 illos
1761 1431 1799 1466 in
1822 1429 1955 1468 Bibliis
1977 1441 2068 1469 cum
2088 1431 2381 1471 concordantiis

1415 1489 1569 1528 Veteris
1601 1494 1641 1527 et
1663 1490 1762 1529 Novi
1785 1491 2028 1529 Testa-menti
2056 1491 2172 1530 editis
2199 1493 2380 1532 Venetiis-

1414 1550 1517 1601 apud
1543 1553 1687 1590 Lucam
1707 1550 1924 1590 Antonium
1944 1552 2000 1590 De
2023 1551 2170 1592 Giunta
2183 1553 2381 1592 Florenti-.

1415 1624 1512 1653 num
1537 1624 1599 1651 an.
1627 1613 1741 1652 1511.

1463 1673 1773 1715 ALEXANDER
1789 1674 2082 1724 Vulturnensis,
2100 1675 2140 1714 in
2155 1675 2375 1726 Campania-

1415 1737 1543 1775 Felice
1562 1737 1800 1787 Episcopus,
1818 1737 1976 1786 scripsit
1997 1736 2124 1776 Vitam
2142 1737 2183 1776 S.
2205 1735 2371 1786 Alberti,

1413 1798 1720 1837 Moncorbiensis
1743 1799 1782 1836 in
1806 1797 1949 1848 Apulia
1961 1797 2163 1848 Episcopi,
2183 1808 2291 1848 quae
2302 1809 2378 1837 exa

1411 1864 1491 1899 stat
1519 1861 1559 1898 in
1587 1858 1698 1899 Actis
1725 1859 1960 1899 Sanctorum
1995 1860 2018 1898 5
2046 1857 2192 1910 Aprilis
2219 1862 2314 1898 tom.
2350 1859 2367 1897 Ι

1436 1932 1496 1971 ag.
1528 1921 1616 1959 434.

1409 1933 1434 1971 p
1462 1980 1774 2021 ALEXANDER
1807 1980 2050 2029 Wendocus,
2079 1981 2165 2019 sive
2197 1979 2364 2020 Venedo-

1409 2042 1505 2091 tius,
1549 2042 1969 2091 Cambro-Britannus‚
2013 2042 2080 2090 qui
2109 2039 2224 2079 Anuo
2261 2042 2367 2082 1238

1409 2104 1514 2142 diem
1539 2103 1643 2141 obiit.
1665 2101 1765 2151 Ejus
1805 2100 1986 2147 Postillas
2022 2101 2064 2139 in
2100 2100 2366 2151 Psalterium,

1410 2165 1671 2204 Sermones-et.
1685 2164 1879 2202 Lecturas-
1889 2163 2046 2202 Pitseus
2061 2173 2146 2213 pag.
2169 2163 2249 2202 308
2259 2174 2369 2202 corne

1413 2229 1617 2264 memorat.

1464 2287 1632 2337 Ogerius
1654 2285 1911 2326 ALFERIUS.
1934 2285 2051 2335 infra,
2076 2284 2271 2326 Chronica
2293 2283 2368 2325 As-

1412 2347 1551 2388 tensia.

1463 2408 1738 2449 ALFONSUS.
1762 2407 1873 2457 vide,
1897 2406 2208 2448 ALPHONSUS.

1462 2471 1721 2510 ALFRFDUS
1741 2469 1946 2521 Anylicus,
1966 2481 2086 2521 quem
2100 2473 2360 2521 cognomento

1411 2532 1685 2584 Philosophum
1716 2530 1831 2570 Anno
1861 2531 1961 2571 4270
2001 2532 2168 2580 vixisse,
2206 2532 2367 2570 Pitseus

1410 2607 1496 2646 pag.
1521 2596 1589 2634 351
1620 2597 1799 2642 annotat,
1823 2597 2072 2644 testaturque
2095 2593 2216 2631 etiam
2233 2591 2274 2631 in
2288 2603 2368 2631 me-

1410 2661 1519 2696 teora
1541 2654 1763 2695 Aristotelis
1787 2656 2014 2706 scripsisse,
2036 2658 2077 2692 et
2100 2653 2141 2693 in
2167 2652 2369 2694 Boethium

1408 2718 1454 2757 cle
1478 2715 1747 2758 Consolatione
1770 2715 2042 2768 Philosophiae
2078 2719 2119 2754 et
2143 2715 2286 2754 librum
2314 2713 2361 2753 de

1406 2779 1574 2828 Musica,
1600 2781 1632 2817 is
1661 2779 1743 2829 ipse
1771 2781 1860 2826 est,
1891 2776 1939 2816 de
1969 2787 2047 2827 quo
2076 2775 2156 2815 dixi
2179 2785 2298 2826 supra
2325 2775 2365 2811 in

1407 2841 1672 2888 AELFREDO,
1693 2839 1759 2878 ubi
1783 2839 1903 2877 etiam
1927 2838 1976 2876 de
1999 2835 2164 2889 Abfredo
2178 2833 2364 2875 Reverla—

1406 2902 1514 2941 cens-i
1535 2902 1748 2948 Historico,
1771 2904 1811 2938 et
1833 2899 1881 2937 de
1900 2896 2060 2950 Alfredo
2082 2897 2222 2947 Maqno
2244 2896 2361 2946 Rege.

1405 2962 1554 3001 Alfredi
1580 2961 1702 3012 hujus
1726 2961 1853 3011 Magni
1882 2960 2000 3009 Leqes
2024 2958 2142 2996 etiam
2170 2954 2367 2995 Ecclesia-

1403 3023 1525 3063 sticae
1547 3024 1655 3062 circa
1677 3020 1838 3060 Annum
1857 3019 2010 3058 Cllristi
2034 3015 2110 3055 887
2130 3016 2200 3055 sed
2223 3015 2368 3068 Anglo-

1406 3085 1598 3123 Saxonica
1641 3083 1773 3133 lingua
1812 3079 2081 3131 promulgatae
2127 3080 2289 3116 exstant
2324 3079 2360 3117 iu

1403 3146 1590 3183 (lvilelmi
1635 3140 1839 3182 Lombardi
1880 3136 2156 3190 αρχαιονομίᾳ,
2200 3138 2364 3177 Londini

1405 3208 1526 3254 1568,
1553 3207 1574 3244 4
1599 3209 1639 3243 et
1662 3205 1700 3242 in
1727 3200 1952 3252 Appendice
1993 3198 2087 3238 Abr.
2113 3199 2291 3238 Wheloci
2321 3199 2369 3238 ad

1399 3269 1525 3310 Bedac
1554 3268 1695 3307 Hister.
1720 3262 1949 3304 Ecclesiast.
1983 3260 2241 3311 Cantabrigae
2269 3261 2369 3300 4644
