2500 3841
958 251 1141 289 i)E7..-x

57 327 98 364 S.
137 325 371 375 Hieronymo
403 320 709 371 dedicaverant,
745 322 929 374 quoniam
956 320 1010 360 ad

58 398 201 426 manus
220 385 303 436 ejus
324 382 502 436 defuncti
516 385 637 433 (atqui
662 386 808 436 scripta
823 384 906 437 jam
925 389 1011 423 erat

58 460 82 488 a
103 451 251 488 Dextro
273 446 348 486 An.
374 446 451 486 392)ι
482 457 574 484 cum
619 446 886 497 Hieronymus
909 447 1014 485 obio-

58 513 110 550 rit
127 510 289 550 demum
311 509 413 557 420.)
425 507 640 560 pervenire
664 520 740 547 non
764 509 896 560 potuit
910 541 920 557 ‚
939 521 1014 547 au-

59 576 164 613 ctam
186 575 224 611 et
241 569 516 623 locupletatam
548 569 621 609 tibi
646 582 851 624 nuncupo,
882 575 929 610 ut
947 572 1016 610 IIi-

57 635 282 674 storiarum
297 633 497 685 scriptori,
525 637 563 672 et
577 633 712 685 patris
736 634 814 673 mei
836 636 1014 684 (Paciani)

58 696 345 737 amantissimo.
369 695 471 735 Vale.
499 697 646 735 Verum
671 697 915 736 Calderionis
938 697 1019 735 edi-

59 762 114 800 tio
130 760 265 800 habet:
290 760 332 799 S.
355 757 591 810 Presbytero
608 758 845 811 Hieronymo
869 759 1017 798 nonita

64 821 340 874 locupletatam
364 821 615 861 dicaveram:
636 820 706 860 secl
733 821 831 873 quia
853 821 907 860 ad
929 823 1016 874 ejus

60 883 239 938 defuncti
256 895 402 924 manus
412 884 627 937 pervenire
651 895 728 923 non
745 884 891 936 potuit,
917 884 1017 923 mul-

59 948 110 987 tis
125 947 221 987 locis
233 951 394 986 auctam
414 947 766 999 locupletatamque
786 946 859 986 tibi
871 947 1021 986 homini

61 1010 240 1063 Hispano
263 1009 452 1050 Laletano
475 1013 512 1048 et
530 1009 803 1049 Historiarum
826 1009 1017 1061 scriptori

63 1077 203 1112 ornato
225 1076 265 1112 et
277 1072 358 1112 mei
373 1072 646 1112 amantissimo
669 1084 864 1124 nuncupo.
893 1071 997 1111 Vale.

114 1134 292 1174 Didacus
310 1135 468 1184 DEZA,
491 1135 653 1174 Ordinis
675 1135 1014 1183 Praedicatorum,

63 1196 290 1248 Theologus
313 1196 668 1245 salmanticensis,
693 1197 908 1246 Inquisitor
941 1196 1019 1235 Ge-

62 1259 208 1299 neralis
225 1287 234 1307 ,
252 1261 374 1309 atque
398 1269 448 1296 ex
468 1258 663 1309 Episcopo
683 1257 990 1297 Salmanticensi
1009 1286 1018 1306 ,

63 1321 278 1362 Giennensi
295 1350 304 1368 ‚
316 1319 524 1360 Palentino
543 1324 584 1359 et
598 1320 821 1372 Hispalensi
838 1320 1021 1372 designa-

62 1389 131 1425 tus
164 1382 501 1433 Archiepiscopus
534 1382 764 1431 Toletanus,
806 1383 901 1421 obiit
942 1382 1017 1421 An.

69 1447 172 1488 ⁴523
198 1447 234 1496 a)
257 1445 400 1485 aetatis
423 1446 582 1484 LXXX.
604 1444 705 1497 Ejus
720 1446 877 1497 scripta:
896 1446 1020 1484 Prae-

63 1508 244 1549 lectiones
259 1518 455 1547 novarum
479 1507 758 1547 defensionum
768 1519 846 1560 pro
863 1508 903 1548 S.
926 1507 1020 1546 Tho-

66 1583 134 1612 ma
154 1570 364 1624 Aquinate,
396 1571 433 1609 in
457 1575 629 1621 quatuor
652 1570 772 1609 libros
796 1571 1022 1610 Sententia-

62 1646 167 1674 rum.
189 1633 338 1685 Hispali
367 1631 486 1680 45477
519 1632 583 1671 fol.
605 1636 777 1683 quatuor
797 1633 1016 1672 Volumini-

63 1697 328 1748 buS,quorum
336 1694 513 1734 secundo
524 1693 735 1745 subjicitur
743 1693 1019 1748 Defensorzum

63 1770 134 1810 pro
157 1758 298 1797 eodem
322 1757 474 1795 Thoma
496 1761 634 1796 contra
654 1756 863 1796 Nicolaum
872 1759 1019 1810 Lyram

64 1825 105 1859 et
133 1820 356 1858 invectivas
375 1817 567 1857 Matthiae
589 1817 764 1858 Dorinck
792 1821 829 1858 in
855 1821 1020 1871 replica-

64 1881 238 1921 tionibus
257 1884 395 1920 contra
424 1879 595 1919 Paulum
626 1880 870 1932 Buryensem
900 1893 1021 1933 super

64 1945 187 1985 Biblia
206 1975 215 1993 ‚
239 1942 345 1995 quod
375 1944 590 1994 separatim
612 1942 767 1982 viderat
796 1944 926 1983 lucem
957 1945 1022 1983 Hi-

0 2038 1 2050 .
66 2007 165 2060 spali
195 2007 290 2048 4494
318 2035 326 2055 ,
352 2006 388 2044 4.
414 2010 454 2044 et
480 2006 604 2044 Paris.
628 2006 756 2055 4544,
788 2006 824 2044 8.
861 2007 1022 2045 Statuta

64 2070 258 2109 ministris
281 2069 382 2108 sacri
407 2067 618 2107 tribunalis
636 2068 887 2108 observanda
900 2069 1023 2108 edita-

69 2145 149 2184 que
172 2131 320 2183 Hispali
336 2131 438 2171 4500
459 2134 501 2169 et
519 2130 774 2181 Methymnae
795 2132 881 2170 sive
903 2132 1024 2171 Medi-

71 2207 146 2236 nae
169 2195 305 2245 Campi
327 2192 402 2232 An.
421 2193 539 2233 4504.
553 2191 772 2233 Concilium
788 2193 1023 2246 Hispalense

69 2259 145 2299 An.
166 2258 294 2308 4542,
317 2260 408 2308 post
440 2256 654 2296 editionem
677 2258 952 2308 Hispalensem
981 2259 1022 2296 in

72 2323 95 2362 4
118 2322 281 2361 obvium
304 2321 345 2358 in
367 2318 541 2371 Aguirrii
558 2319 744 2358 Conciliis
760 2321 1023 2371 Hispaniaein

70 2385 206 2424 limine
230 2383 328 2422 tomi
350 2382 372 2421 4
392 2382 459 2422 ubi
480 2393 686 2421 sermones
701 2382 881 2421 aDidaco
902 2383 1025 2421 habiti

70 2458 157 2499 pag.
183 2447 218 2485 4.
247 2449 288 2484 et
308 2445 359 2484 23
385 2448 426 2483 et
448 2444 585 2495 Capita
622 2445 784 2484 Concilii
809 2445 945 2493 LXIV,
983 2446 1022 2482 in

71 2508 217 2560 quibus
240 2510 361 2558 caput
389 2507 423 2545 V
441 2537 453 2555 ,
492 2509 632 2545 contra
669 2505 956 2545 Vaticinatores
990 2510 1029 2544 et

69 2572 219 2621 Mayos.
238 2570 367 2621 Caput
385 2569 423 2607 X
443 2597 452 2616 ‚
477 2566 523 2607 de
548 2567 661 2620 festis
686 2566 927 2619 quibusdam
960 2566 1028 2606 tol-

74 2631 211 2672 lendis.
242 2632 371 2682 Caput
394 2631 502 2680 XXI,
523 2641 571 2668 ne
591 2630 632 2668 in
645 2629 835 2669 Ecclesiis
849 2630 951 2682 fiant
965 2642 1029 2669 re-

69 2693 410 2749 praesentat-iones
446 2691 654 2732 Passionis
675 2723 686 2740 ,
713 2692 1030 2732 Resurrectionis

77 2756 257 2801 CHristi.
275 2755 449 2808 aliaque.
475 2755 604 2806 Caput
628 2754 711 2793 LIII
732 2783 740 2803 ,
770 2765 818 2792 ne
840 2765 956 2793 arces
991 2753 1033 2793 in

83 2818 272 2860 Ecclesiis
284 2819 583 2858 construantur.

127 2883 304 2931 Caetera,
325 2881 459 2920 nescio
475 2891 525 2919 an
547 2878 652 2918 edita
671 2909 679 2928 ,
701 2882 820 2918 sunt:
846 2879 1033 2917 Monotes-

133 2987 168 3028 a)
186 2990 259 3020 Non
276 2986 358 3018 1525
376 2991 414 3020 ut
430 2987 583 3019 Nicolaus
600 2986 766 3017 Antonius
784 2989 864 3016 tom.
876 2985 904 3017 i.
917 2986 1040 3017 Biblio-

73 3038 190 3071 thecae
228 3040 394 3079 Hispanae
421 3045 497 3078 pag.
524 3035 586 3067 216
611 3042 719 3075 neque
737 3034 881 3066 1515.ut
898 3038 1040 3067 ioannes

32 3087 36 3093 ¹
83 3088 248 3120 Gottl'ried
266 3087 417 3119 Olearius
434 3089 469 3119 in
486 3086 694 3119 Bibliotheca
710 3087 912 3125 scriptorum
928 3085 1045 3117 Eccle-

77 3140 291 3172 siasticorum
305 3145 381 3178 pag.
398 3137 470 3169 197.
484 3137 567 3169 Vide
583 3136 798 3176 Epitaphium
814 3137 917 3166 nezae
929 3159 939 3173 ,
953 3134 1042 3174 quod

75 3192 184 3222 exstat
201 3188 328 3228 Hispali
346 3211 356 3227 ,
374 3191 407 3219 et
423 3186 566 3220 refertur
599 3195 618 3217 a
646 3185 768 3217 Jacobo
792 3184 944 3217 Eckardo
958 3209 967 3222 ,
985 3187 1041 3224 qui

79 3240 120 3271 de
135 3240 202 3272 boc
219 3239 344 3271 nidaco
359 3263 370 3276 ‚
387 3246 487 3278 quem
502 3237 556 3269 ille
573 3238 706 3276 Deeam
719 3235 884 3277 appellat,
904 3237 1044 3267 caeteris

79 3291 273 3322 accuratius
289 3288 423 3322 disserit
442 3293 524 3320 tom.
539 3288 560 3319 Ξ
591 3287 632 3319 de
658 3285 878 3327 scriptoribus
909 3286 1043 3317 Ordinis

80 3338 355 3372 praedicatorum
373 3347 446 3379 pag.
463 3336 516 3369 51.
535 3346 612 3377 seq·
623 3338 687 3376 Qui
705 3337 780 3368 aliis
800 3335 940 3368 Jacobus
957 3360 966 3373 ‚
983 3337 1042 3367 ni-

80 3390 193 3431 spanis
217 3387 353 3421 auribus
371 3388 515 3420 Didacus
531 3388 582 3420 vel
601 3389 714 3423 bicgo.

1969 245 2043 284 2223

1082 331 1203 359 saron
1224 352 1230 361 .
1255 322 1339 358 sive
1364 331 1420 359 eac
1440 321 1615 371 quatuor
1639 317 1674 355 E
1678 314 1868 367 vanyeliis
1890 327 2015 354 unum
2033 349 2041 363 ,

1087 395 1165 423 una
1188 395 1280 422 cum
1305 381 1447 422 affecta
1474 392 1545 420 nec
1569 380 1750 420 absoluta
1790 379 1942 418 Catena
1976 392 2042 416 ve-

1086 451 1215 485 terum
1236 447 1397 484 Patrum
1417 474 1425 491 ,
1446 445 1510 483 illa
1530 443 1832 494 exponentium.
1868 441 2042 493 Eaeposi-

1088 508 1137 546 tio
1147 506 1347 547 Orationis
1360 506 1599 545 Dominicae.
1610 505 1644 543 E
1646 503 1794 543 ruditio
1811 505 2039 550 Pastorum,

1086 581 1158 608 seu
1187 569 1234 609 de
1254 580 1390 608 eorum
1415 580 1512 619 erya
1535 566 1615 606 sibi
1635 566 1809 606 creditas
1839 577 1930 605 oves
1965 565 2046 618 offi-

1091 633 1164 671 cz'o.
1183 631 1349 671 Reiectio
1369 630 1415 668 de
1437 632 1599 668 Peccato
1621 628 1827 679 Oriqinali.
1851 627 2045 667 Homiliae

1093 695 1133 734 in
1148 694 1265 733 totius
1275 692 1374 731 anni
1388 691 1509 744 festos
1527 695 1564 730 et
1580 691 1801 730 Dominicos
1818 690 1913 729 (lies.
1932 691 2046 730 Com-

1091 755 1313 797 mentarius
1329 753 1535 793 inchoatus
1553 753 1594 791 in
1610 752 1885 804 Apocalypsin.
1907 754 1963 792 De
1979 764 2048 792 au-

1091 821 1213 859 ctario
1234 818 1282 858 ad
1306 816 1503 856 Vincentii
1522 814 1698 853 Bandelli
1713 815 1857 853 librum
1877 814 1924 853 dc
1950 815 2049 855 Con-

1089 881 1263 933 ceptione
1286 881 1330 918 B.
1354 878 1511 918 Mariae
1543 876 1744 928 Viryinis,
1770 876 1845 915 An.
1872 878 1984 924 4502,
2007 878 2040 915 4.

1093 944 1218 993 edito,
1241 943 1341 980 infra
1361 942 1402 978 in
1420 939 1709 979 VINCENTIO.

1141 1005 1294 1045 DIBINI
1320 1001 1576 1044 Correctoria
1597 1002 1707 1041 MSS.
1739 1002 1779 1039 in
1808 999 2051 1039 Bibliotheca

1088 1066 1487 1118 Quedlimburgensi,
1513 1064 1562 1104 de
1596 1064 1743 1115 quibus
1770 1063 1815 1102 V.
1841 1063 1883 1102 C.
1908 1062 2050 1100 Tobias

1088 1130 1295 1171 Eekardus
1316 1131 1355 1168 in
1372 1129 1510 1167 notitia
1527 1127 1633 1166 illius
1652 1125 1931 1174 Bibliothecae,
1946 1124 2053 1163 edita

1090 1194 1166 1234 An.
1191 1193 1306 1233 4723.
1330 1193 1364 1231 4.
1390 1203 1480 1243 pag.
1498 1190 1563 1229 20.
1587 1190 1694 1230 Sunt
1708 1186 1909 1240 Epistolae
1923 1186 2053 1226 variis

1090 1256 1137 1296 de
1158 1254 1319 1295 casibus
1338 1253 1393 1293 ad
1410 1253 1624 1306 Episcopos
1641 1283 1648 1302 ,
1671 1252 1762 1291 item
1777 1251 1832 1290 ad
1853 1249 2048 1291 Carolum

1090 1322 1233 1370 Re9em
1256 1318 1460 1368 (Carolum
1479 1318 1542 1356 IV.
1561 1315 1864 1367 Imperatorem)
1887 1317 1925 1352 et
1942 1312 2053 1365 ipsus

1094 1381 1234 1422 Caroli
1267 1380 1315 1420 de
1350 1379 1479 1419 variis
1512 1377 1777 1430 aryumentis,
1817 1375 2020 1428 Epistolae
2038 1408 2048 1424 ,

1093 1444 1321 1495 Privileyia,
1344 1442 1537 1483 Mandata
1561 1447 1636 1481 etc.

1146 1507 1424 1555 DlCTlNIUS,
1450 1505 1678 1557 Symphosii
1706 1504 1892 1554 Episcopi
1916 1502 2022 1541 filius
2044 1532 2053 1551 ,

1091 1572 1313 1623 Episcopus
1336 1570 1376 1608 in
1399 1568 1585 1620 Hispania
1609 1566 1883 1605 Asturicensis
1902 1596 1910 1614 ‚
1931 1563 2052 1614 quus

1092 1634 1283 1673 memoria
1305 1632 1354 1672 ab
1379 1632 1443 1671 illa
1466 1630 1645 1671 Ecclesia
1669 1630 1892 1668 etiamnum
1912 1627 2056 1666 colitur

1095 1698 1132 1737 2.
1149 1697 1268 1744 Junii,
1291 1696 1332 1745 a)
1358 1692 1414 1734 Ob
1439 1691 1689 1733 Priscilliani
1702 1690 1886 1730 haeresin
1901 1720 1909 1728 .
1932 1700 2055 1741 quam

1086 1757 1376 1811 profitebatur,
1401 1758 1519 1809 ejecto
1558 1766 1647 1795 cum
1684 1753 1777 1793 aliis
1806 1754 1893 1805 eJ'us
1923 1755 2054 1790 sectae

1091 1819 1296 1873 Episcopis
1312 1819 1427 1859 Anno
1443 1819 1596 1859 CHristi
1613 1818 1702 1857 384.
1722 1819 1760 1855 in
1777 1815 1938 1866 Syuodo
1955 1814 2056 1854 Cae-

1092 1883 1429 1935 sar-Augustana,
1470 1879 1663 1920 successit
1697 1877 1912 1924 Turibius‚
1951 1881 2056 1915 teste

1093 1946 1216 1987 ldatio
1253 1947 1293 1984 in
1323 1944 1533 1984 Chronico.
1573 1942 1653 1982 Sed
1694 1941 1882 1981 damnato
1921 1949 2054 1978 errore

1095 2020 1167 2050 suo
1191 2007 1229 2058 b)
1253 2008 1470 2059 resipuisse
1493 2010 1534 2044 et
1562 2005 1611 2044 ab
1633 2004 1814 2044 Ecclesia
1843 2004 2052 2052 receptum

1095 2074 1240 2111 iterum
1259 2069 1504 2110 Dictinnium
1519 2070 1676 2105 constat
1705 2077 1756 2104 ex
1785 2063 2004 2103 Innocentii
2024 2063 2052 2101 Ι.

1093 2133 1270 2185 Epistola
1303 2131 1353 2171 ad
1389 2129 1596 2181 Synodum
1636 2128 1897 2173 Toletanam,
1927 2129 1968 2164 et
2002 2135 2053 2163 ex

1095 2197 1237 2235 Leonis
1250 2194 1379 2245 Magni
1392 2191 1574 2243 Epistola
1596 2191 1676 2230 XV.
1702 2189 1752 2229 ad
1772 2188 1978 2228 Turibium
1994 2198 2061 2226 ca-

1095 2259 1176 2310 pite
1201 2258 1262 2297 46.
1292 2258 1332 2294 in
1365 2267 1445 2306 qua
1477 2260 1612 2294 tamen
1637 2254 1786 2304 scripta
1809 2250 1996 2290 Dictinnii
2023 2258 2058 2297 c)

1096 2321 1227 2371 legere
1256 2319 1461 2371 prohibet,
1484 2318 1589 2356 sicut
1611 2315 1867 2366 Augustinus
1898 2322 2059 2362 quoque

1098 2384 1194 2423 libro
1210 2387 1348 2422 contra
1358 2380 1609 2420 mendacium
1627 2378 1676 2417 ad
1693 2376 1957 2417 Consentium
1973 2385 2058 2424 cap.

1098 2448 1134 2485 3.
1157 2451 1198 2485 et
1220 2444 1282 2485 47.
1306 2448 1347 2483 et
1369 2443 1593 2482 Concilium
1621 2443 1888 2480 Braccarense
1913 2447 2056 2476 secun-

1098 2508 1212 2556 dum,
1228 2507 1303 2546 An.
1329 2506 1418 2545 563.
1434 2515 1585 2544 canone
1606 2502 1668 2543 47.
1692 2501 1946 2552 Augustinus
1971 2509 2060 2548 spe—

1098 2571 1232 2609 ciatim
1256 2571 1450 2608 memorat
1466 2566 1652 2605 Dictinnii
1674 2564 1839 2609 librum,
1855 2561 1972 2611 cujus
1990 2570 2058 2597 no-

1100 2644 1191 2672 men
1226 2632 1300 2670 fuit
1320 2628 1443 2675 libra,
1458 2640 1504 2666 eo
1521 2627 1626 2678 quod
1647 2637 1723 2677 per
1739 2627 1939 2663 tractatus
1964 2621 2060 2660 duo-

1101 2693 1225 2733 (lecim
1265 2688 1524 2744 quaestionib.
1544 2687 1653 2727 velut
1678 2686 1807 2725 unciis
1845 2690 1923 2734 (tot
1953 2685 2059 2722 enim

1103 2757 1201 2795 libra
1220 2755 1392 2801 constat)
1418 2749 1720 2803 explicabatur:
1741 2749 1845 2799 quod
1863 2748 2057 2798 scripturn

1104 2817 1422 2858 Priscillianistae
1444 2813 1563 2853 tantis
1587 2811 1770 2851 eaetulere
1791 2808 1997 2854 laudibus,
2014 2811 2060 2846 ut

1105 2880 1222 2920 talem
1245 2878 1413 2927 libram,
1438 2889 1519 2929 qua
1542 2873 1764 2914 horrendae
1794 2869 2062 2923 blasphemiae

1161 2985 1195 3025 a)
1219 2984 1425 3017 benedictini
1448 2982 1489 3013 ad
1513 2980 1690 3020 Augustin.
1712 2983 1791 3009 tom.
1815 2976 1835 3007 6
1862 2974 1941 3007 edit.
1963 2978 2069 3006 Amst.

1101 3044 1176 3077 pag.
1201 3034 1276 3066 5⁶20.

1162 3085 1197 3123 b)
1222 3087 1257 3115 in
1280 3082 1409 3122 synodo
1441 3081 1599 3112 Toletana
1639 3082 1698 3109 An.
1726 3077 1788 3107 400
1813 3074 1888 3107 vide
1918 3075 2064 3113 aguit-rii

1106 3134 1254 3166 concilia
1278 3134 1369 3172 Bisp.
1392 3135 1474 3162 tom.
1492 3131 1510 3160 ι)
1529 3137 1604 3170 pag.
1629 3127 1702 3159 157.
1718 3126 1840 3158 Nicolai
1862 3126 1999 3156 Antonii
2020 3126 2072 3156 Bi-

1102 3184 1302 3216 bliothecam
1324 3185 1470 3213 veterem
1492 3181 1674 3219 Hispanam
1702 3179 1743 3207 ιΙ.
1764 3176 1783 3206 5
1807 3183 1881 3215 pag.
1908 3172 1981 3206 131.

1164 3235 1197 3273 c)
1213 3232 1304 3264 Adde
1321 3231 1537 3263 paschasium
1563 3227 1777 3267 Quesneiium
1793 3225 1835 3256 ad
1858 3226 1976 3255 Leonis
2000 3225 2069 3255 Ma-

1103 3286 1159 3324 gni
1182 3285 1287 3324 Epist.
1311 3284 1377 3312 XV.
1399 3288 1475 3320 pag.
1499 3278 1573 3310 449.
1599 3277 1788 3309 Tiiiemont.
1806 3281 1888 3307 tom.
1911 3276 1982 3305 vili
2003 3281 2073 3306 me·

1108 3342 1192 3365 inor.
1218 3342 1292 3373 pag.
1316 3331 1388 3362 518.
1424 3333 1459 3361 D.
1483 3328 1628 3360 'rhomae
1647 3328 1748 3366 litigii
1779 3324 1998 3365 appendicem
2026 3324 2066 3356 de

1108 3381 1349 3415 haeresiarchis
1373 3390 1403 3421 p.
1426 3380 1500 3411 ⁶233.
