2500 4009
452 206 525 245 178

451 274 479 311 13
494 275 706 325 vangelum
723 288 806 326 pag.
829 276 904 312 ⁸2²3
920 281 958 314 et
979 276 1152 314 (laufridi
1170 275 1375 315 Foussardi
1393 308 1405 326 ,.

454 336 666 374 Cenomani
691 337 860 385 Epistola
884 336 931 375 ad
953 338 1111 376 Petrum
1136 337 1405 386 Securibile1n‚

450 397 775 435 Areliidiaconum
820 397 1203 452 Rothomagensem,
1247 405 1295 444 de
1330 406 1403 446 hac

447 458 573 496 Bedae
585 460 620 494 in
639 458 743 495 Pauli
760 458 957 509 Epistolas
974 461 1254 504 lucubratione.
1272 467 1404 514 Quan-

450 530 571 568 quam
591 529 684 555 vero
708 520 1045 562 Comnwntarium
1066 523 1258 575 ejusmodi
1286 530 1404 570 colle-

452 581 556 624 ‚uisse
576 590 619 617 se
644 579 748 618 Beda
763 582 845 632 ipse
859 588 1044 624 testatur.
1059 586 1271 640 laudatque
1285 593 1402 632 etiam

449 643 581 690 Lupus
595 642 855 682 Ferrariensis
869 645 994 696 Epist.
1009 648 1059 686 76
1076 654 1115 687 et
1130 651 1364 693 Hincmarus
1379 656 1402 693 2

447 701 640 741 adversus
673 705 1026 747 (lotheschalcum2
1051 714 1182 750 tamen
1207 716 1402 764 genuinus

450 763 575 802 Bedae
593 765 630 802 in
646 766 845 817 Epistolas
862 771 967 809 Pauli
984 778 1292 815 commentarius
1307 789 1403 817 non-

444 825 539 864 dum
566 827 695 867 lucem
723 829 840 879 vidit,
862 834 928 882 qui
967 835 1043 873 MS.
1085 838 1268 877 exstabat
1296 840 1399 890 apud

446 887 730 929 Mabillonium:
749 894 779 939 ej
808 892 1094 935 collectaneum
1107 898 1235 938 Bedae
1249 900 1287 939 in
1301 901 1401 954 Apo-

445 948 601 988 stolum.
626 963 682 990 ex
720 954 916 1004 Operibus
937 958 980 996 B.
1004 958 1234 1010 ,tlufflcstim‘t
1257 963 1400 1003 Editus

446 1017 580 1050 autem
604 1014 683 1063 ille,
705 1027 822 1065 quem
839 1018 1112 1071 vulgavitjam
1132 1022 1262 1064 dietus
1279 1026 1401 1065 Bous-

446 1073 588 1112 sardus
603 1075 675 1114 An.
699 1078 799 1116 4499
822 1079 883 1118 fol.
905 1092 976 1119 nee
995 1083 1122 1123 Bedae
1137 1090 1216 1134 est,
1233 1097 1306 1125 nec
1322 1089 1401 1127 PE-

450 1138 530 1175 Tltl
557 1138 718 1178 Abbatis
743 1142 1004 1192 Tripolitanae
1019 1147 1264 1199 Provinciae,
1280 1161 1399 1200 quem

448 1200 573 1238 simile
596 1212 694 1251 opus
719 1202 950 1254 adornasse,
974 1213 1130 1248 constat
1165 1221 1214 1248 ex
1249 1211 1402 1251 Cassio-

447 1260 540 1299 doro
563 1274 646 1313 cap.
667 1267 690 1301 8
714 1265 880 1306 divinar.
905 1268 992 1307 lect.
1019 1282 1091 1309 nec
1110 1271 1406 1314 Bar-tholomaei

453 1323 668 1374 [rhinatis.
686 1326 734 1365 de
754 1327 870 1378 cujus
894 1331 1133 1383 milleloquio
1149 1334 1403 1385 Augustinia-

450 1396 498 1422 no
517 1396 634 1437 supra
651 1400 735 1439 pag.
760 1391 835 1430 485
851 1392 920 1431 sed
939 1394 1096 1445 FLOltl,
1111 1397 1280 1447 Magistri
1304 1400 1404 1449 Lug-

448 1445 659 1499 dunensis,
672 1452 846 1491 Illonachi
863 1454 901 1493 S.
920 1456 1132 1507 Trudonis,
1149 1460 1215 1509 qui
1233 1460 1400 1499 similem

450 1514 778 1552 commentarium
803 1518 1072 1568 concinnavit,
1097 1531 1173 1558 non
1197 1532 1244 1559 ex
1269 1522 1404 1571 Augu-

449 1572 553 1609 stino
576 1573 720 1622 solum,
737 1578 803 1626 qui
818 1577 977 1617 videtur
1000 1580 1061 1618 hic
1083 1582 1164 1631 ipse
1185 1582 1259 1621 sub
1275 1583 1401 1622 Bedae

451 1635 608 1672 nomine
628 1635 774 1686 editus,
800 1640 868 1678 sed
907 1646 946 1679 et
979 1642 1098 1681 alium
1134 1656 1183 1682 ex
1221 1645 1400 1684 Patribus

448 1695 554 1734 aliis.
581 1697 797 1749 Cym-iano,
822 1702 995 1752 Hilario,
1011 1703 1236 1752 Ambrosio,
1259 1707 1401 1745 Pacia-

446 1768 511 1803 ’1ιο,
532 1758 784 1811 Hieronymo,
809 1763 1000 1815 Ephraim
1015 1767 1204 1815 Diacono,
1222 1767 1400 1816 Paulino,

445 1817 679 1869 .-11191este‘110,
702 1824 822 1863 Leone
842 1827 960 1877 Papa,
981 1827 1014 1865 F
1017 1826 1198 1878 ulyentiO,
1216 1834 1255 1867 et
1269 1829 1395 1869 Αυίίο.

447 1880 589 1919 Confer
631 1884 885 1926 Sirmondum
925 1889 973 1927 ad
1014 1888 1178 1929 Avitum
1224 1896 1330 1930 tomo
1364 1894 1396 1931 11

445 1942 617 1992 Operum
638 1957 724 1997 pag.
752 1949 825 1987 447
859 1950 1082 1990 Chitletium
1104 1952 1140 1989 in
1167 1954 1326 1992 Paulino
1356 1955 1400 1993 il-

447 2004 627 2053 lustrato,
644 2013 683 2045 et
699 2011 859 2059 praefat.
876 2011 923 2049 ad
946 2013 1193 2062 Fulgentium
1212 2015 1395 2054 Ferrand.

447 2070 485 2101 et
510 2077 594 2115 pag,
620 2070 696 2107 3¹22
721 2071 923 2111 Baluzium
949 2074 994 2111 ad
1022 2076 1118 2125 Lupi
1142 2076 1266 2126 Epist.
1291 2076 1341 2114 76
1357 2081 1398 2115 et

446 2126 680 2167 Richardum
706 2133 905 2171 Simonem
930 2135 997 2182 ΙΙΙ,
1027 2135 1076 2173 24
1102 2138 1290 2176 Historiae
1314 2138 1398 2176 Cri-

448 2186 546 2224 tieae
569 2189 662 2227 Novi
688 2193 927 2232 Testamenti
952 2207 1036 2246 pag.
1061 2198 1135 2235 344
1161 2209 1218 2248 sq.
1245 2200 1286 2237 ln
1311 2200 1399 2239 Cla-

449 2249 590 2287 rissimi
617 2253 677 2289 W.
702 2253 746 2291 Ιί.
771 2255 957 2294 Tentzelii
987 2257 1148 2309 dialogis
1173 2263 1396 2300 vernaculis

449 2310 553 2359 legas
573 2313 835 2354 ,liabillonium
860 2318 1072 2368 pollicitum
1099 2322 1135 2358 in
1158 2321 1284 2361 lucem
1307 2323 1397 2361 ede-

447 2385 488 2410 re
513 2375 843 2416 Commentariwn
863 2380 1061 2430 (jeminum
1079 2382 1208 2421 Bedae
1224 2384 1263 2422 in
1279 2385 1399 2424 Paula·

446 2436 662 2490 Iz'pistolasjs
688 2439 756 2477 sed
792 2453 906 2480 nemo
940 2454 1015 2481 non
1052 2444 1160 2483 videt
1185 2446 1396 2496 yenuinum

448 2498 519 2549 legi
545 2505 733 2551 oportere.

760 2594 789 2632 T
812 2591 844 2631 Ο
867 2595 900 2634 M
924 2593 957 2634 Ο
1003 2595 1081 2634 ΠΙ.

501 2677 692 2718 Ilomiliae
715 2680 845 2719 XXXV
862 2682 1071 2722 aestivales
1108 2683 1155 2722 de
1190 2685 1394 2738 Tempore,

502 2741 691 2780 llomiliae
714 2743 876 2781 XXXIII
893 2744 1103 2785 aestivales
1137 2745 1183 2786 de
1217 2748 1372 2788 Sanctis
1386 2779 1395 2793 ,

449 2814 492 2838 a«-
516 2803 563 2839 ‹le
587 2803 828 2843 dedicatione
864 2807 1046 2846 altarium
1070 2814 1111 2848 et
1133 2811 1368 2861 templorum
1386 2842 1394 2857 ,

451 2877 520 2902 nee
547 2877 620 2903 non
643 2869 840 2905 communi
865 2870 1097 2909 Sanctorum
1122 2884 1157 2922 p.
1179 2873 1241 2912 94.

503 2926 693 2965 Ilomile'ae
717 2929 747 2966 X
755 2929 783 2966 V
795 2928 990 2979 hyemales
1005 2931 1050 2969 de
1067 2935 1236 2984 tempore
1252 2946 1287 2985 p.
1305 2935 1392 2974 483.

507 2988 694 3027 llomiliae
714 2990 821 3028 XXII
840 2992 1211 3043 Quaclraqesimales
1233 3009 1268 3047 p.
1292 2998 1379 3036 248.

508 3051 600 3087 llum
608 3050 696 3089 iliae
712 3052 797 3090 XVI
811 3051 1004 3101 hyemales
1023 3055 1068 3094 cle
1084 3057 1239 3096 Sanctis
1256 3070 1291 3109 p.
1303 3060 1390 3098 290.

509 3114 711 3152 Sermones
748 3114 856 3152 rarii
891 3115 976 3153 XXI
1009 3129 1175 3166 quorum
1207 3127 1396 3170 primores

459 3308 470 3337 5
493 3264 663 3336 'cs-‘roma
689 3266 709 3295 Ι.
736 3266 882 3300 Analect.
901 3275 974 3307 pag.
997 3268 1033 3299 51
1060 3273 1089 3301 et
1115 3278 1219 3303 novae
1237 3270 1396 3305 editionis

470 3320 487 3336 υ
504 3332 509 3337 .
540 3314 607 3339 ΔΜ.

1324 209 1530 250 BEDAE

1481 277 1559 318 duo
1581 284 1676 320 sunt
1699 281 1736 319 in
1756 280 2031 322 solennitatem
2057 284 2096 322 S.
2118 283 2327 336 Wigberti,
2349 289 2428 325 ter·
2455 292 2465 300 '

1480 340 1559 379 tius
1581 342 1620 380 S.
1645 342 1924 392 Scholastieae,
1949 345 1986 382 in
2003 343 2117 396 cujus
2133 345 2291 385 tandem
2306 348 2426 386 etiam

1477 403 1650 441 carmina
1673 403 1867 454 quaedam
1891 399 2076 456 leguntur
2095 418 2131 459 p.
2156 408 2231 446 350
2252 418 2334 459 seq.
2352 408 2429 447 Ho-

1476 464 1604 503 miliae
1629 465 1702 504 sub
1725 465 1852 503 Bedae
1876 467 2033 505 nomine
2055 479 2101 506 ae
2123 479 2359 508 sermonem:
2376 470 2430 508 si-

1476 537 1525 564 ve
1548 531 1593 565 ut
1616 527 1654 564 in
1679 527 1717 565 S.
1746 527 1930 565 Bonifacii
1961 528 2138 578 Epistola
2177 530 2233 569 IX
2261 535 2428 570 vocatur

1476 587 1767 626 Lectionarium
1780 587 2106 628 anniversarium
2124 591 2289 629 seorsim
2309 601 2431 631 excu-

1477 661 1566 688 sum
1591 651 1708 689 Paris.
1733 655 1773 688 et
1802 651 1947 689 Lovani
1971 651 1996 690 2
2015 651 2168 690 Volum.
2205 653 2245 690 in
2283 652 2353 690 81⁰
2382 653 2428 692 ln

1477 711 1538 749 his
1553 717 1647 750 sunt
1661 711 1854 762 quaedam
1878 723 1954 750 non
1973 713 2113 762 integri
2129 723 2336 753 sermones
2356 713 2425 753 sed

1475 773 1636 812 laciniae
1673 786 1722 813 ex
1751 774 2000 814 sermonibus
2032 774 2098 813 vel
2133 777 2428 816 commentariis

1474 836 1601 875 Bedae
1625 837 1823 884 revulsae,
1849 840 1892 875 ut
1907 835 1989 886 jam
2018 837 2170 876 notavit
2195 837 2333 877 Sixtus
2357 839 2426 878 Se-

1474 899 1621 937 nensis.
1646 899 1700 936 De
1717 897 1882 948 singulis
1904 898 2108 948 speciatim
2123 897 2306 949 videnda,
2324 911 2426 951 quae.

1474 965 1603 999 monet
1628 960 1873 999 Mabillonius
1895 963 1936 998 et
1956 971 2005 998 ex
2024 970 2070 998 eo
2092 959 2276 1000 Oudinus
2289 965 2385 1000 tom.
2410 963 2425 1001 Ι

1473 1034 1557 1074 pag.
1585 1023 1684 1061 4699
1709 1033 1768 1073 sq.

1524 1083 1724 1123 Scintillae
1747 1085 1831 1123 sive
1854 1083 1927 1122 loci
1946 1094 2179 1124 communes
2207 1085 2424 1124 sententia-

1474 1158 1561 1185 rum
1585 1158 1632 1185 ex
1654 1147 1776 1185 sacris
1799 1146 1940 1185 litteris
1976 1150 2016 1185 et
2044 1145 2224 1186 Patribus
2251 1146 2428 1198 digestae

1474 1219 1543 1258 per
1565 1209 1691 1259 capita
1720 1209 1804 1247 sive
1845 1208 1982 1247 titulos
2011 1208 2157 1248 LXXX
2177 1208 2199 1232 *
2219 1219 2306 1260 pag.
2337 1208 2427 1248 370.

1475 1270 1530 1308 De
1547 1269 1860 1321 Anglosaxonica
1877 1271 2060 1310 versione
2082 1270 2322 1320 Scintillarii,
2338 1270 2430 1310 vide

1476 1333 1729 1371 Franciseum
1746 1333 1908 1372 Junium
1926 1333 2046 1384 praef.
2065 1331 2115 1371 ad
2134 1332 2370 1384 glossarium
2388 1333 2427 1371 in

1477 1394 1691 1444 Ulphilam,
1721 1399 1762 1433 et
1795 1394 2096 1446 Humphredum
2134 1389 2360 1445 Waalejum
2389 1395 2429 1432 in

1476 1456 1660 1507 Catalogo
1685 1456 1871 1501 librorum
1903 1456 2272 1507 septentrionalium
2300 1457 2340 1495 in
2368 1457 2430 1496 Bi-

1474 1514 1680 1557 bliotheeis
1700 1518 1886 1569 Angliae,
1911 1523 2017 1557 tomo
2040 1519 2086 1557 ΙΙ.
2116 1518 2256 1570 Operis
2291 1517 2428 1558 meke-

1475 1581 1571 1619 siani
1597 1593 1632 1632 p.
1659 1582 1720 1619 86.
1747 1581 1842 1620 Vide
1864 1585 1904 1619 et
1927 1581 2027 1620 infra
2047 1579 2320 1620 DEFENSOR.

1526 1641 1697 1682 Libellus
1716 1642 1762 1682 de
1784 1642 1949 1684 Muliere
1970 1642 2071 1696 forti
2095 1654 2134 1694 p.
2166 1643 2240 1682 459
2270 1643 2309 1680 in
2337 1643 2430 1682 Pro-

1472 1705 1618 1743 verbio.
1644 1706 1793 1753 XXXI,
1819 1705 1974 1745 llo-ult.

1527 1766 1583 1804 De
1607 1765 1744 1819 officiis
1768 1765 1941 1815 libellus,
1965 1778 2015 1805 ex
2040 1767 2203 1806 Patrum
2225 1765 2342 1805 dictis
2363 1776 2432 1805 ex-

1474 1831 1637 1878 cerptus
1660 1839 1745 1879 pag.
1773 1827 1858 1866 467.
1881 1829 1955 1867 Vix
1975 1827 2092 1879 digna
2113 1827 2218 1867 Beda
2249 1827 2431 1867 collecta-

1473 1899 1544 1928 nea
1565 1887 1697 1939 judice
1720 1889 1931 1937 Quesnello
1964 1901 2050 1942 pag.
2075 1891 2144 1930 55⁴
2179 1889 2227 1929 ad
2256 1891 2427 1929 Leonem

1471 1955 1672 2003 Magnum:
1710 1957 1750 1992 et
1784 1951 1952 2003 junioris
1975 1953 2178 2004 scriptoris
2204 1961 2294 1991 esse
2317 1962 2430 2003 opor-

1472 2013 1545 2063 tet,
1572 2017 1609 2052 in
1630 2026 1707 2066 quo
1730 2013 1967 2053 Anastasius
1995 2015 2140 2053 citatur
2163 2015 2202 2051 in
2225 2014 2308 2052 vita
2331 2013 2428 2053 Mel-

1471 2076 1622 2114 chiadis
1641 2076 1777 2126 Papae.

1525 2138 1765 2187 Fraqmenta
1783 2135 2019 2188 alleyorz‘cae
2035 2136 2370 2188 interpretationis
2387 2137 2425 2176 in

1472 2199 1665 2250 quaedam
1703 2201 1830 2251 capit-a
1868 2198 2194 2247 Proverbiorum,
2217 2211 2304 2253 pag.
2337 2200 2424 2240 476.

1470 2261 1693 2313 Sapientiae
1712 2274 1796 2313 pag.
1824 2262 1911 2311 484,
1938 2262 2025 2302 485.
2040 2262 2323 2312 Ecclesiastiei,
2337 2274 2424 2314 pag.

1472 2323 1559 2362 483.
1578 2323 1779 2364 Psalmum
1800 2324 1877 2364 XC.
1902 2336 1988 2376 pag.
2011 2325 2098 2364 484.
2117 2326 2168 2365 Et
2184 2324 2230 2364 de
2249 2324 2425 2366 Salomo-
2498 2382 2500 2386 .

1470 2397 1516 2423 ne
1541 2387 1650 2437 Ileye.
1675 2398 1760 2438 pag.
1784 2387 1870 2426 486.

1781 2485 1810 2523 Τ
1830 2484 1862 2523 o
1880 2473 1981 2524 ΜΟ
2012 2484 2113 2524 vm.

1525 2564 1641 2604 Liber
1664 2564 1710 2604 de
1734 2563 1869 2618 templo
1891 2563 2126 2615 Salomonis,
2168 2575 2255 2616 pag.
2281 2567 2315 2605 4.
2344 2565 2424 2605 Ηυ-

1467 2626 1534 2677 jus
1556 2628 1696 2677 Operis
1719 2628 1779 2666 sui
1803 2626 1852 2665 de
1876 2631 2077 2666 structura
2090 2627 2227 2678 templi
2250 2626 2425 2666 Salomo-

1471 2691 1532 2727 nis
1553 2693 1672 2739 atque
1706 2689 1934 2740 allegoricae
1957 2687 2045 2739 ejus
2086 2689 2422 2740 interpretationis

1471 2751 1650 2789 meminit
1670 2749 1773 2790 Beda
1798 2751 1835 2788 in
1859 2750 2035 2802 Epistola
2062 2750 2111 2790 ad
2133 2749 2320 2790 Albinum
2344 2748 2423 2788 Ab—

1471 2813 1614 2851 batem.

1521 2875 1576 2913 De
1612 2886 1688 2913 sere
1723 2873 1877 2913 dierum·
1913 2873 2125 2923 creatione,
2159 2884 2244 2926 pag.
2275 2873 2326 2913 52
2353 2871 2422 2912 ad-

1467 2935 1514 2974 de
1538 2940 1631 2974 tom.
1653 2937 1717 2985 lv,
1742 2948 1778 2987 p.
1804 2938 1818 2975 4
1850 2940 1890 2975 et
1913 2937 1950 2974 in
1975 2935 2047 2974 hoc
2084 2936 2168 2987 ipso
2201 2939 2294 2974 tom.
2326 2933 2412 2972 Vlll

1470 3009 1554 3048 pag.
1575 2997 1624 3035 79
1648 3008 1756 3048 seqq.
1781 2997 1981 3044 Quaedam
2006 3008 2054 3035 ex
2079 2996 2141 3034 his
2162 2998 2318 3047 praeter
2336 3005 2420 3033 rem

1471 3059 1593 3097 relata
1616 3058 1663 3097 ad
1686 3059 1913 3098 JUNILIUM
1953 3057 2090 3096 Afrum
2114 3060 2326 3095 auctorem.
2357 3056 2421 3095 Vi—

1472 3119 1520 3158 de
1539 3121 1739 3160 Dallaeum
1764 3120 1812 3159 de
1837 3130 1912 3158 usu
1931 3119 2102 3157 Patrum.
2125 3128 2210 3169 pag.
2237 3118 2297 3157 46.

1529 3271 1541 3283 ·
1566 3271 1659 3311 Apud
1680 3269 1929 3310 speelmannum
1952 3273 2030 3302 tom.
2057 3272 2066 3300 1
2091 3268 2215 3302 concil.
2234 3267 2369 3309 Angli-‘ie
2388 3275 2424 3308 p.

1470 3322 1531 3352 ²230
1559 3320 1664 3353 Tituli
1687 3320 1815 3352 LXXII.
2228 3337 2231 3341 -
