2500 3841
900 219 1342 262 DLUGOSSUS

122 295 208 338 cst,
233 290 507 339 evicerintque
543 288 702 327 saeculo
739 288 900 329 demum
940 297 1081 330 octavo

122 352 343 400 coaluisse3
368 362 460 390 cum
498 350 636 389 multis
666 354 800 390 tamen
838 353 934 392 haec
969 358 1081 393 tanta

121 413 341 463 antiquitas
357 413 578 463 suspiciosa
594 413 667 461 sit3
693 424 836 452 novam
853 415 968 453 aliam
993 427 1081 466 pro-

119 475 320 514 bationem
345 473 820 525 idipsumadstruontem
844 478 983 516 afferre
1014 488 1080 528 op-

117 542 334 589 portunum
360 538 533 576 maxime
550 536 696 587 judico.
715 538 952 590 Suppeditat
970 541 1075 579 illam

115 600 195 640 MS.
225 600 360 640 Codex
384 601 422 638 in
445 599 672 639 Cathedrali
694 601 863 639 Luconsi
890 607 1077 641 servatus

115 666 157 701 ct
168 662 335 702 Saeculo
349 662 450 701 VllI.
468 661 625 700 labente
643 662 829 712 scriptus,
844 662 892 702 de
907 675 984 714 quo
1005 675 1077 715 ego

117 724 358 775 peculiarem
375 724 517 774 scripsi
533 724 862 764 Dissertationem
889 727 1079 765 insertam

115 791 143 825 t.
158 787 263 826 XLV
277 787 520 826 collectionis
535 787 817 837 opusculorum
836 799 938 838 quae
953 789 1080 827 Vene-

114 850 180 888 tiis
203 849 359 901 prodiit.
384 848 568 900 Legenda
593 849 641 887 ibi
664 859 753 888 sese
770 849 884 888 offert
898 850 1076 900 Epistola

113 911 258 950 Gelasii
269 913 396 962 Papae
412 921 521 949 more
536 915 786 950 caeterarum
805 912 1077 958 formularum,

113 985 216 1025 quae
241 974 281 1012 in
304 973 401 1012 libro
422 974 572 1012 Diurno
596 971 787 1023 leguntur
811 978 966 1012 resecta
987 975 1074 1012 sine

119 1036 182 1075 die
207 1040 248 1074 et
271 1036 436 1075 consule
460 1040 581 1085 atque
618 1036 705 1074 eius
729 1035 775 1074 ad
802 1046 921 1086 quem
953 1036 1075 1073 missa

113 1102 178 1136 est
201 1097 430 1136 nominibus
453 1108 596 1136 carens
625 1109 675 1136 ex
699 1108 778 1148 quo
798 1101 906 1136 certo
933 1097 1078 1135 indicio

113 1158 452 1210 deprehendimus
469 1158 552 1208 jam
588 1163 674 1198 tum
716 1163 867 1198 certam
903 1159 1075 1209 aliquam

113 1220 390 1260 collectionem
416 1220 676 1259 formularum
694 1221 730 1258 in
758 1232 858 1260 usus
881 1221 1080 1260 Ecclesiu-

113 1284 235 1322 sticos
257 1283 451 1322 extitisse.
479 1283 581 1322 Cum
608 1294 702 1321 vero
728 1283 829 1322 hanc
849 1284 975 1334 ipsam
1006 1283 1082 1321 for-

113 1345 263 1384 mulam
289 1346 327 1382 in
353 1344 450 1383 libro
474 1343 616 1384 diurno
642 1345 844 1396 legamus,
869 1346 960 1396 quis
999 1356 1076 1382 non

108 1406 200 1457 jure
223 1405 474 1446 inferendum
504 1407 577 1445 sibi
603 1407 801 1457 judicaret
838 1407 981 1446 librum
1017 1408 1081 1445 Di-

114 1481 260 1508 urnum
272 1468 356 1519 jam
373 1473 470 1508 tunc
485 1467 731 1508 innotuisse?
745 1471 846 1509 Cum
866 1481 958 1508 vcro
981 1469 1078 1508 hacc

105 1532 191 1582 ipsa
215 1531 387 1570 formula
409 1531 569 1570 brevior
593 1533 645 1570 sit
663 1561 671 1579 ‚
692 1536 732 1570 et
748 1532 927 1571 nonnihil
949 1533 1078 1571 variet-

108 1594 158 1633 ab
172 1593 303 1641 editis,
320 1595 516 1644 integram
538 1594 601 1632 hic
622 1593 715 1633 dare
736 1600 866 1644 Juvat.
879 1594 1080 1646 Incipiunt

110 1655 322 1696 constituta
350 1657 390 1696 S.
422 1655 574 1695 Gelasii
599 1656 734 1707 Papae
751 1688 761 1705 ‚
788 1668 893 1708 quae
914 1655 1076 1708 Episco-

107 1718 155 1771 pi
171 1718 212 1757 in
231 1717 480 1757 ordinatione
500 1730 576 1757 sua
599 1718 811 1770 accipiunt.

164 1782 276 1833 Papa
300 1779 364 1819 ille
380 1813 390 1829 ,
416 1780 520 1820 clero
536 1813 547 1830 ,
570 1781 704 1820 ordini
730 1780 842 1832 plebi
864 1781 1075 1821 consisten-

110 1840 215 1881 tibus
236 1842 276 1881 in
292 1842 451 1881 civitate
469 1841 550 1881 illa.
568 1841 850 1882 Probabilibus
866 1842 1075 1882 desideriis

113 1903 260 1943 vestris
287 1902 387 1942 nihil
403 1903 612 1943 attulimus
638 1903 842 1943 tarditatis
859 1918 870 1953 ;
885 1906 1075 1944 Fratrem

109 1965 229 2004 etiam
258 1969 294 2004 et
315 1965 588 2018 coepiscopum
610 1969 793 2005 nostrum
817 1966 929 2006 illum
961 1966 1073 2007 vobis

111 2023 388 2070 ordinavimus
417 2025 693 2074 sacerdotem,
731 2026 800 2065 cui
825 2026 1005 2066 dedimus
1036 2027 1075 2065 in

107 2086 308 2126 mandatis
343 2098 391 2125 ne
413 2098 591 2138 unquam
633 2086 901 2127 ordinationes
933 2100 1075 2140 presu-

107 2152 191 2188 mat
223 2147 384 2188 illicitas
398 2181 409 2198 ,
434 2160 482 2187 ne
503 2147 732 2200 biqamum,
770 2154 844 2188 aut
860 2151 931 2202 qui
948 2150 1074 2202 viryi-

107 2223 196 2251 nem
213 2223 291 2250 non
325 2215 385 2251 est
404 2211 569 2251 sortitus
609 2223 809 2262 umorem)
833 2224 958 2265 neque
991 2212 1078 2252 inli-

105 2277 278 2312 teratum
295 2305 306 2324 ,
327 2272 392 2312 vel
413 2273 453 2312 in
476 2272 655 2325 qualibet
669 2274 849 2325 corporis
872 2279 992 2326 parte
1015 2275 1074 2314 vi-

107 2334 247 2374 tiatum
269 2338 343 2374 aut
361 2347 418 2374 eoo
432 2336 652 2387 poenitente
671 2335 736 2375 vel
750 2336 890 2375 curiae
904 2336 967 2376 vel
989 2337 1072 2376 cui-

107 2395 201 2436 libet
221 2395 436 2436 conditioni
462 2395 681 2436 obnoxium
696 2429 708 2447 ,
738 2401 995 2450 notatumque
1019 2398 1074 2437 ad

107 2469 248 2497 sacros
271 2457 430 2497 ordines
458 2459 669 2509 permittat
704 2459 905 2498 accedere.
936 2459 1015 2499 Sed
1036 2460 1075 2499 si

106 2530 206 2572 quos
229 2519 457 2558 huiusmodi
475 2519 578 2572 forte
601 2520 800 2571 repererit
825 2532 902 2558 ‘non
925 2521 1075 2560 audeat

100 2593 350 2633 promovere.
379 2579 502 2633 Afros
523 2580 676 2632 passim
703 2581 757 2620 ad
786 2581 1070 2623 ecclesiasticos

108 2643 267 2683 ordines
275 2642 576 2695 praetendentes
588 2641 699 2681 nulla
711 2643 865 2683 ratione
880 2645 1076 2698 suscipiat

106 2706 203 2758 quia
230 2704 362 2757 aliqui
383 2715 521 2743 eorum
544 2703 787 2754 Manichaei,
814 2704 945 2757 aliqui
956 2706 1072 2746 reba-

99 2768 250 2820 ptizati
279 2767 439 2818 saepius
474 2769 570 2805 sunt
594 2765 769 2817 probati.
813 2767 1068 2817 Ministeria‚

105 2832 225 2882 atque
241 2833 429 2868 ornatum
447 2827 668 2878 Ecclesiae,
688 2827 752 2867 vel
766 2829 961 2882 quidquid
975 2831 1074 2871 illud

108 2895 169 2932 est
180 2891 222 2931 in
228 2891 472 2944 patrimonio
489 2890 575 2930 eius
602 2902 678 2930 non
701 2890 879 2931 minuere
898 2893 1070 2944 studeat,

108 2953 180 2994 sed
200 2965 361 3005 auqere.
400 2954 457 2992 De
481 2952 615 2992 reditu
637 2965 732 2992 vero
755 2953 980 3005 Ecclesiae,
1010 2956 1073 2996 vel

108 3014 301 3054 obla-tione
311 3013 507 3067 fidelium,
526 3018 700 3066 qitatuor
713 3013 841 3068 faciat
858 3017 1069 3068 portiones,

108 3089 284 3129 quarum
308 3089 431 3116 unam
461 3075 542 3116 sibi
562 3078 761 3125 retineat;
796 3077 968 3118 alteram
996 3081 1071 3120 cle-

109 3137 208 3177 ricis
226 3150 302 3191 pro
331 3139 551 3192 officiorum
589 3150 755 3178 suorum
779 3139 986 3181 sedulitate
1014 3142 1072 3181 di-

111 3198 297 3238 stribuat.
322 3200 493 3240 Tertiam
504 3199 756 3252 pauperibus
777 3204 814 3240 et
833 3203 1070 3254 pe7·097·1'121's.

112 3264 309 3311 Quartam
344 3262 633 3302 Ecclesiasticis
667 3262 816 3302 tabulis
839 3265 990 3304 noverit
1011 3279 1071 3305 re-

110 3323 368 3373 servandam,
398 3324 444 3364 de
468 3324 615 3376 quibas
639 3323 769 3364 divino
795 3326 871 3365 crit
898 3326 1069 3367 redditu-

2039 227 2117 267 1255

1154 306 1228 333 rus
1247 294 1370 347 officio
1387 294 1596 333 rationem.
1616 293 1892 334 Ordinationes
1916 307 2009 335 vero
2025 309 2119 348 pre-

1153 354 1408 407 sbyterorum
1422 368 1493 395 seu
1508 356 1776 395 Diaconorum
1792 357 1951 396 nonnisi
1963 359 2112 409 quarti,

1153 417 1310 469 septimi
1330 416 1394 456 vel
1415 417 1559 456 decimi
1575 419 1769 458 mensium
1783 418 1964 471 Jeiunz'is‚
1989 419 2060 459 sed
2084 424 2121 458 et·

1155 479 1339 529 inpressu
1367 480 1715 531 quadrayesemali
1750 485 1869 533 atque
1906 481 2118 521 medianae

1153 552 1318 592 vespere
1359 540 1521 581 sabbati
1560 541 1852 582 celebrandum.
1885 544 2119 584 Sacrosann

1154 606 1286 642 autem
1307 602 1496 654 baptismi
1511 609 1767 644 sacramenta
1797 606 1956 645 nonnisi
1978 607 2018 644 in
2042 609 2120 646 Pa-

1153 664 1283 704 schali
1299 664 1542 704 solemnitate
1562 670 1600 704 et
1621 668 1863 708 Pentecostes
1894 669 2115 708 meminerit

1153 737 1238 766 esse
1251 725 1498 777 praebenda,
1516 728 1694 778 eaeceptis
1722 728 1878 781 liis‚qui
1890 731 2029 770 mortis
2046 743 2117 770 ur-

1149 791 1294 838 yentur
1313 786 1512 838 periculo,
1534 800 1582 827 ue
1612 788 1651 826 in
1687 794 1893 829 aeternum
1916 798 2114 842 pereant,

1151 848 1298 888 talibus
1314 848 1427 888 debet
1439 849 1625 889 remediis
1644 850 1867 890 subveniri:
1894 854 1995 893 Huic
2019 868 2112 906 erqo

1152 911 1258 950 sedis
1293 915 1454 950 nostrae
1482 916 1701 963 praecepta
1743 916 1925 954 servanti
1967 917 2116 957 devotis

1152 972 1299 1012 animis
1329 985 1397 1013 vos
1435 978 1587 1026 oportet
1622 979 1665 1014 ut
1699 975 2115 1028 irrelieprensibzlem‚

1147 1033 1429 1087 placidumque
1442 1036 1517 1088 fiat
1529 1047 1674 1088 corpus
1699 1036 1886 1077 ecclesiae
1906 1052 1980 1091 per
2003 1041 2117 1080 Chri-

1153 1100 1259 1136 stum
1282 1098 1493 1137 Dominum
1514 1102 1693 1138 nostrum
1710 1100 1782 1151 qui
1802 1100 1901 1140 vivit
1919 1105 1958 1140 et
1975 1108 2116 1153 reynat

1152 1172 1242 1199 cum
1266 1161 1344 1199 Deo
1384 1162 1505 1200 Patre
1542 1161 1801 1213 omnipotente
1825 1167 1861 1201 et
1880 1165 1945 1214 Sp.
1969 1165 2114 1204 Sancto

1154 1223 1232 1261 Per
1256 1223 1386 1262 omnia
1407 1223 1570 1263 saecula
1593 1223 1848 1263 saeculorum
1870 1225 2006 1265 Amen.
2026 1227 2047 1249 ³*

1207 1286 1266 1325 Ab
1291 1287 1364 1325 hoc
1393 1287 1609 1326 Pontificali
1638 1288 1787 1326 Diurno
1812 1288 1926 1339 longe
1950 1288 2109 1328 diversa

1157 1352 1252 1387 sunt
1290 1348 1592 1398 DIURNALIA,
1618 1350 1703 1388 sive
1742 1351 1876 1388 Horae
1910 1352 2116 1391 DIURNAE

1158 1411 1420 1460 Breviarium,
1445 1412 1606 1450 Graccis
1629 1408 1894 1464 καθημερινὰ,
1919 1426 2021 1464 quae
2048 1427 2117 1453 va-

1159 1473 1214 1510 ria
1240 1477 1405 1511 exstant
1424 1478 1464 1512 ot
1488 1476 1609 1513 variis
1627 1476 1664 1513 in
1690 1476 1786 1514 locis
1801 1478 1977 1528 excripta
1995 1479 2115 1528 typis,

1153 1538 1198 1573 ut
1208 1534 1404 1574 Diarnale
1418 1536 1650 1576 Parisiense
1666 1538 1817 1577 editum
1829 1540 1987 1578 Parisiis
1999 1541 2013 1579 4
2026 1540 2115 1578 496.

1153 1596 1277 1635 forma
1315 1599 1495 1644 minore,
1517 1598 1817 1652 Antwerpiense
1851 1601 1966 1640 4553.
1998 1601 2116 1641 4670.

1149 1660 1369 1698 Romanum
1395 1661 1512 1700 4560.
1534 1666 1574 1700 et
1609 1673 1728 1712 jussu
1766 1663 1988 1702 Clementis
2012 1664 2113 1703 Vlll.

1151 1723 1401 1773 recognitum
1429 1724 1545 1763 4602.
1561 1723 1827 1764 Ambianense
1848 1725 1961 1765 4670.
1983 1725 2118 1766 Eccle-

1148 1782 1233 1822 siae
1253 1784 1546 1824 Maronitarum
1572 1787 1683 1825 Rom.
1710 1788 1825 1827 4584.
1849 1788 1884 1826 8.
1910 1793 1987 1827 etc.

1201 1847 1245 1884 In
1269 1846 1396 1885 indice
1420 1848 1597 1886 Romano
1622 1849 1844 1888 Clementis
1868 1851 1936 1888 Xl.
1962 1863 1999 1901 p.
2024 1851 2111 1890 434..

1151 1909 1256 1946 inter
1294 1908 1416 1947 libros
1453 1909 1675 1960 prohibitos
1713 1911 1885 1950 refertur
1922 1911 2116 1951 Diurnale

1147 1971 1368 2009 Romanum
1382 2003 1393 2020 ,
1413 1972 1655 2022 impressum
1673 1972 1856 2024 Lugduni
1882 1976 1921 2011 in
1947 1973 2113 2013 aedibus

1142 2032 1343 2071 Philiberti
1367 2034 1509 2072 Rolloti
1534 2038 1575 2072 et
1599 2034 1887 2074 Bartholomaei
1915 2037 2028 2074 Fren.

1201 2096 1244 2133 In
1280 2095 1525 2135 Bibliotheca
1559 2097 1803 2144 Telleriana‚
1829 2098 1944 2137 hodie
1976 2099 2014 2137 S.
2040 2099 2116 2137 Ge-

1150 2156 1317 2195 noveiae
1341 2158 1462 2196 Paris.
1495 2162 1629 2197 exstat
1652 2159 1730 2197 MS.
1762 2158 1959 2199 Diurnale
1984 2161 2113 2214 Officii

1143 2229 1221 2269 pro
1242 2218 1437 2258 Praesule
1455 2218 1520 2259 vel
1532 2221 1686 2272 Majore
1702 2252 1713 2269 ,
1730 2232 1821 2260 cum
1837 2221 1924 2261 vult
1938 2222 2114 2276 officiare

1147 2282 1189 2320 in
1211 2275 1395 2321 Ecclesia
1420 2283 1647 2323 Turonensi.

1200 2346 1390 2392 Joannes,
1406 2346 1705 2387 DLUGOSSUS
1719 2348 1752 2397 a)
1770 2349 2005 2400 cognomine
2023 2360 2118 2400 gen-

1146 2408 1286 2457 tilitio,
1320 2409 1407 2447 sive
1444 2408 1669 2460 anglinus,
1694 2415 1928 2461 praeceptor
1945 2411 1982 2459 b)
2018 2411 2115 2449 filio-

1145 2481 1233 2510 rum
1256 2470 1443 2510 Casimiri
1464 2472 1530 2510 Ill.
1543 2472 1662 2523 Regis
1678 2473 1875 2520 Poloniae‚
1893 2473 2025 2511 senior
2041 2474 2115 2512 Ca-

1146 2532 1317 2572 nonicus
1332 2533 1611 2573 Cracoviensis
1634 2538 1675 2573 et
1696 2534 1931 2584 designat-us
1951 2533 2116 2573 Archie-

1146 2595 1337 2645 piscopos
1362 2596 1649 2646 Leopoliensis,
1676 2595 1746 2634 sed
1767 2600 1984 2645 antequam
2004 2597 2115 2636 inau-

1145 2661 1381 2706 guraretur7
1421 2657 1542 2696 rebus
1580 2658 1768 2696 humanis
1806 2661 1994 2696 exemtus
2030 2657 2106 2697 An.

1148 2719 1263 2757 4480.
1290 2719 1352 2757 29.
1377 2717 1493 2768 Maji,
1518 2720 1661 2758 aetatis
1686 2719 1748 2758 65.
1785 2720 1950 2770 Scripsit
1979 2720 2111 2759 Histo—

1145 2780 1234 2818 riae
1267 2779 1474 2819 Polonicae
1498 2792 1520 2819 a
1547 2782 1759 2821 Slavorum
1794 2782 2111 2833 Polonorumque

1146 2843 1363 2894 originibus
1408 2854 1538 2894 usque
1573 2843 1620 2882 ad
1660 2855 1810 2882 annum
1846 2845 2109 2884 emortualem

1147 2916 1267 2944 suum
1293 2903 1416 2943 libros
1438 2905 1548 2944 XIII.
1570 2906 1632 2944 Ex
1654 2905 1717 2943 his
1740 2916 1818 2944 sea:
1835 2917 2037 2957 primores
2063 2908 2112 2945 li-

1145 2967 1228 3015 bri,
1253 2969 1320 3018 qui
1352 2968 1389 3005 in
1415 2966 1489 3006 An.
1518 2967 1632 3007 4240.
1651 2967 1865 3013 desinunt,
1888 2969 2108 3018 praemissa

1147 3030 1228 3068 vita
1253 3031 1428 3069 auctoris
1446 3029 1529 3079 jam
1554 3030 1656 3069 lecta
1672 3041 1693 3068 a
1710 3030 1897 3069 Cromero
1915 3061 1922 3079 ‚
1943 3030 2109 3081 Dlugos—

1200 3141 1233 3177 a)
1256 3143 1364 3174 Minus
1390 3148 1480 3175 recte
1507 3144 1586 3175 aliis
1622 3144 1846 3183 antossns,
1888 3144 2113 3184 Duylosclms

1140 3195 1204 3223 etc.
1229 3191 1404 3224 slavonica
1428 3195 1518 3225 enim
1554 3194 1698 3225 dialecto
1721 3193 1846 3233 layas,
1878 3193 2005 3233 (Itanos
2021 3219 2032 3235 ,
2063 3200 2112 3227 est

1136 3242 1269 3280 longus.

1201 3290 1235 3320 bi
1262 3293 1410 3323 niarium
1436 3294 1652 3325 Erulilmwn
1679 3293 1794 3325 ltaliae
1819 3300 1898 3325 toln.
1922 3297 2011 3325 XXV!
2034 3305 2107 3336 pag.

1147 3340 1201 3371 5045
1228 3349 1298 3379 seq.
