<?xml version="1.0" encoding="UTF-8"?>
<!DOCTYPE html PUBLIC "-//W3C//DTD XHTML 1.0 Transitional//EN"
    "http://www.w3.org/TR/xhtml1/DTD/xhtml1-transitional.dtd">
<html xmlns="http://www.w3.org/1999/xhtml" xml:lang="en" lang="en">
 <head>
  <title>
</title>
<meta http-equiv="Content-Type" content="text/html;charset=utf-8" />
  <meta name='ocr-system' content='tesseract 3.04.00' />
  <meta name='ocr-capabilities' content='ocr_page ocr_carea ocr_par ocr_line ocrx_word'/>
</head>
<body>
  <div class='ocr_page' id='page_1' title='image "./bibliothecalatin01fabruoft_0491.png"; bbox 0 0 2500 3841; ppageno 0'>
   <div class='ocr_carea' id='block_1_1' title="bbox 0 399 54 3841">
    <p class='ocr_par' dir='ltr' id='par_1_1' title="bbox 0 399 54 3841">
     <span class='ocr_line' id='line_1_1' title="bbox 0 399 54 3841; baseline 0 0"><span class='ocrx_word' id='word_1_1' title='bbox 0 399 54 3841; x_wconf 95' lang='lat' dir='ltr'> </span> 
     </span>
    </p>
   </div>
   <div class='ocr_carea' id='block_1_2' title="bbox 902 221 1353 263">
    <p class='ocr_par' dir='ltr' id='par_1_2' title="bbox 902 221 1353 263">
     <span class='ocr_line' id='line_1_2' title="bbox 902 221 1353 263; baseline -0.002 -1"><span class='ocrx_word' id='word_1_2' title='bbox 902 221 1353 263; x_wconf 70' lang='lat' dir='ltr'><strong>DITHMARUS</strong></span> 
     </span>
    </p>
   </div>
   <div class='ocr_carea' id='block_1_3' title="bbox 125 294 1092 1597">
    <p class='ocr_par' dir='ltr' id='par_1_3' title="bbox 129 294 1088 597">
     <span class='ocr_line' id='line_1_3' title="bbox 132 294 1086 346; baseline -0.005 -8"><span class='ocrx_word' id='word_1_3' title='bbox 132 300 317 339; x_wconf 89' lang='lat' dir='ltr'>Citantur</span> <span class='ocrx_word' id='word_1_4' title='bbox 336 297 385 336; x_wconf 88' lang='lat' dir='ltr'>ab</span> <span class='ocrx_word' id='word_1_5' title='bbox 406 307 452 335; x_wconf 90' lang='lat' dir='ltr'>eo</span> <span class='ocrx_word' id='word_1_6' title='bbox 476 298 510 345; x_wconf 82' lang='lat' dir='ltr'>a)</span> <span class='ocrx_word' id='word_1_7' title='bbox 539 295 789 344; x_wconf 80' lang='lat' dir='ltr'>Ambrosius,</span> <span class='ocrx_word' id='word_1_8' title='bbox 807 294 1060 346; x_wconf 79' lang='lat' dir='ltr'>Augustinus</span> <span class='ocrx_word' id='word_1_9' title='bbox 1079 324 1086 343; x_wconf 88' lang='lat'>,</span> 
     </span>
     <span class='ocr_line' id='line_1_4' title="bbox 130 357 1088 409; baseline -0.006 -8"><span class='ocrx_word' id='word_1_10' title='bbox 130 361 325 409; x_wconf 79' lang='lat' dir='ltr'>Basilius,</span> <span class='ocrx_word' id='word_1_11' title='bbox 357 358 580 409; x_wconf 76' lang='lat' dir='ltr'>Boethius,</span> <span class='ocrx_word' id='word_1_12' title='bbox 614 359 852 407; x_wconf 81' lang='lat' dir='ltr'>Caesarius,</span> <span class='ocrx_word' id='word_1_13' title='bbox 880 357 1088 397; x_wconf 89' lang='lat' dir='ltr'>Cassiodo-</span> 
     </span>
     <span class='ocr_line' id='line_1_5' title="bbox 131 420 1085 473; baseline -0.004 -12"><span class='ocrx_word' id='word_1_14' title='bbox 131 434 227 471; x_wconf 86' lang='lat' dir='ltr'>rus,</span> <span class='ocrx_word' id='word_1_15' title='bbox 262 421 478 473; x_wconf 80' lang='lat' dir='ltr'>Gregorius</span> <span class='ocrx_word' id='word_1_16' title='bbox 510 423 639 473; x_wconf 88' lang='lat' dir='ltr'>Papa,</span> <span class='ocrx_word' id='word_1_17' title='bbox 663 420 829 468; x_wconf 88' lang='lat' dir='ltr'>Holkot,</span> <span class='ocrx_word' id='word_1_18' title='bbox 853 420 1056 459; x_wconf 87' lang='lat' dir='ltr'>Hubertus</span> <span class='ocrx_word' id='word_1_19' title='bbox 1077 449 1085 468; x_wconf 82' lang='lat'>,</span> 
     </span>
     <span class='ocr_line' id='line_1_6' title="bbox 129 481 1086 535; baseline -0.005 -12"><span class='ocrx_word' id='word_1_20' title='bbox 129 484 311 524; x_wconf 88' lang='lat' dir='ltr'>Isidorus</span> <span class='ocrx_word' id='word_1_21' title='bbox 333 515 342 535; x_wconf 88' lang='lat'>,</span> <span class='ocrx_word' id='word_1_22' title='bbox 365 483 565 532; x_wconf 84' lang='lat' dir='ltr'>Thomas,</span> <span class='ocrx_word' id='word_1_23' title='bbox 590 483 762 522; x_wconf 87' lang='lat' dir='ltr'>Jacobus</span> <span class='ocrx_word' id='word_1_24' title='bbox 784 481 832 521; x_wconf 88' lang='lat' dir='ltr'>de</span> <span class='ocrx_word' id='word_1_25' title='bbox 860 482 1058 532; x_wconf 82' lang='lat' dir='ltr'>Voragine</span> <span class='ocrx_word' id='word_1_26' title='bbox 1078 510 1086 529; x_wconf 89' lang='lat'>,</span> 
     </span>
     <span class='ocr_line' id='line_1_7' title="bbox 129 545 693 597; baseline -0.005 -10"><span class='ocrx_word' id='word_1_27' title='bbox 129 546 370 587; x_wconf 86' lang='lat' dir='ltr'>Aristoteles</span> <span class='ocrx_word' id='word_1_28' title='bbox 389 578 400 597; x_wconf 86' lang='lat'>,</span> <span class='ocrx_word' id='word_1_29' title='bbox 423 545 593 586; x_wconf 89' lang='lat' dir='ltr'>Ovidius</span> <span class='ocrx_word' id='word_1_30' title='bbox 617 550 693 585; x_wconf 89' lang='lat' dir='ltr'>etc.</span> 
     </span>
    </p>

    <p class='ocr_par' dir='ltr' id='par_1_4' title="bbox 125 606 1092 1597">
     <span class='ocr_line' id='line_1_8' title="bbox 183 606 1091 660; baseline -0.006 -11"><span class='ocrx_word' id='word_1_31' title='bbox 183 610 205 634; x_wconf 80' lang='lat'><em>*</em></span> <span class='ocrx_word' id='word_1_32' title='bbox 234 610 274 649; x_wconf 93' lang='lat' dir='ltr'>Si</span> <span class='ocrx_word' id='word_1_33' title='bbox 299 610 390 660; x_wconf 90' lang='lat' dir='ltr'>quis</span> <span class='ocrx_word' id='word_1_34' title='bbox 414 613 522 649; x_wconf 88' lang='lat' dir='ltr'>amat</span> <span class='ocrx_word' id='word_1_35' title='bbox 543 620 682 648; x_wconf 86' lang='lat' dir='ltr'>eorum</span> <span class='ocrx_word' id='word_1_36' title='bbox 703 608 950 659; x_wconf 80' lang='lat' dir='ltr'>Scriptorum</span> <span class='ocrx_word' id='word_1_37' title='bbox 976 606 1091 645; x_wconf 88' lang='lat' dir='ltr'>Cata-</span> 
     </span>
     <span class='ocr_line' id='line_1_9' title="bbox 128 668 1088 724; baseline -0.006 -12"><span class='ocrx_word' id='word_1_38' title='bbox 128 673 264 724; x_wconf 86' lang='lat' dir='ltr'>logum</span> <span class='ocrx_word' id='word_1_39' title='bbox 293 672 518 723; x_wconf 76' lang='lat' dir='ltr'>inspicere,</span> <span class='ocrx_word' id='word_1_40' title='bbox 548 682 720 722; x_wconf 89' lang='lat' dir='ltr'>quorum</span> <span class='ocrx_word' id='word_1_41' title='bbox 751 670 934 709; x_wconf 83' lang='lat' dir='ltr'>meminit</span> <span class='ocrx_word' id='word_1_42' title='bbox 962 668 1088 707; x_wconf 91' lang='lat' dir='ltr'>Disci-</span> 
     </span>
     <span class='ocr_line' id='line_1_10' title="bbox 127 731 1090 786; baseline -0.006 -12"><span class='ocrx_word' id='word_1_43' title='bbox 127 734 273 786; x_wconf 91' lang='lat' dir='ltr'>pulus,</span> <span class='ocrx_word' id='word_1_44' title='bbox 298 734 353 773; x_wconf 93' lang='lat' dir='ltr'>illi</span> <span class='ocrx_word' id='word_1_45' title='bbox 376 734 552 785; x_wconf 78' lang='lat' dir='ltr'>profecto</span> <span class='ocrx_word' id='word_1_46' title='bbox 577 734 679 774; x_wconf 90' lang='lat' dir='ltr'>alius</span> <span class='ocrx_word' id='word_1_47' title='bbox 703 745 726 773; x_wconf 90' lang='lat' dir='ltr'>a</span> <span class='ocrx_word' id='word_1_48' title='bbox 746 732 923 771; x_wconf 84' lang='lat' dir='ltr'>Fabricio</span> <span class='ocrx_word' id='word_1_49' title='bbox 948 731 1090 770; x_wconf 89' lang='lat' dir='ltr'>Biblio-</span> 
     </span>
     <span class='ocr_line' id='line_1_11' title="bbox 126 795 1088 845; baseline -0.005 -10"><span class='ocrx_word' id='word_1_50' title='bbox 126 796 331 836; x_wconf 90' lang='lat' dir='ltr'>thecarius</span> <span class='ocrx_word' id='word_1_51' title='bbox 376 795 588 835; x_wconf 88' lang='lat' dir='ltr'>adeundus</span> <span class='ocrx_word' id='word_1_52' title='bbox 631 799 769 844; x_wconf 63' lang='lat' dir='ltr'>esset,</span> <span class='ocrx_word' id='word_1_53' title='bbox 800 805 893 833; x_wconf 88' lang='lat' dir='ltr'>nam</span> <span class='ocrx_word' id='word_1_54' title='bbox 939 803 1088 845; x_wconf 87' lang='lat' dir='ltr'>paucos</span> 
     </span>
     <span class='ocr_line' id='line_1_12' title="bbox 126 857 1088 910; baseline -0.004 -13"><span class='ocrx_word' id='word_1_55' title='bbox 126 857 342 897; x_wconf 85' lang='lat' dir='ltr'>admodum</span> <span class='ocrx_word' id='word_1_56' title='bbox 367 869 389 897; x_wconf 91' lang='lat' dir='ltr'>e</span> <span class='ocrx_word' id='word_1_57' title='bbox 414 858 553 898; x_wconf 90' lang='lat' dir='ltr'>multis</span> <span class='ocrx_word' id='word_1_58' title='bbox 577 858 740 910; x_wconf 86' lang='lat' dir='ltr'>profert.</span> <span class='ocrx_word' id='word_1_59' title='bbox 772 858 835 897; x_wconf 90' lang='lat' dir='ltr'>En</span> <span class='ocrx_word' id='word_1_60' title='bbox 859 857 994 895; x_wconf 89' lang='lat' dir='ltr'>minus</span> <span class='ocrx_word' id='word_1_61' title='bbox 1019 865 1088 893; x_wconf 90' lang='lat' dir='ltr'>no-</span> 
     </span>
     <span class='ocr_line' id='line_1_13' title="bbox 125 917 1088 972; baseline -0.005 -13"><span class='ocrx_word' id='word_1_62' title='bbox 125 924 260 960; x_wconf 87' lang='lat' dir='ltr'>torum</span> <span class='ocrx_word' id='word_1_63' title='bbox 285 921 465 960; x_wconf 90' lang='lat' dir='ltr'>nomina:</span> <span class='ocrx_word' id='word_1_64' title='bbox 490 922 511 959; x_wconf 87' lang='lat' dir='ltr'>J</span> <span class='ocrx_word' id='word_1_65' title='bbox 515 920 691 960; x_wconf 87' lang='lat' dir='ltr'>ordanus</span> <span class='ocrx_word' id='word_1_66' title='bbox 707 932 787 972; x_wconf 90' lang='lat' dir='ltr'>quo</span> <span class='ocrx_word' id='word_1_67' title='bbox 802 929 994 972; x_wconf 85' lang='lat' dir='ltr'>persaepe</span> <span class='ocrx_word' id='word_1_68' title='bbox 1011 917 1088 957; x_wconf 91' lang='lat' dir='ltr'>uti-</span> 
     </span>
     <span class='ocr_line' id='line_1_14' title="bbox 126 980 1086 1034; baseline -0.005 -12"><span class='ocrx_word' id='word_1_69' title='bbox 126 987 221 1034; x_wconf 87' lang='lat' dir='ltr'>tur,</span> <span class='ocrx_word' id='word_1_70' title='bbox 250 984 428 1023; x_wconf 87' lang='lat' dir='ltr'>Joannes</span> <span class='ocrx_word' id='word_1_71' title='bbox 456 995 480 1023; x_wconf 87' lang='lat' dir='ltr'>a</span> <span class='ocrx_word' id='word_1_72' title='bbox 509 984 549 1023; x_wconf 93' lang='lat' dir='ltr'>S.</span> <span class='ocrx_word' id='word_1_73' title='bbox 570 984 828 1033; x_wconf 89' lang='lat' dir='ltr'>Geminiano,</span> <span class='ocrx_word' id='word_1_74' title='bbox 845 980 1086 1021; x_wconf 88' lang='lat' dir='ltr'>Guillelmus</span> 
     </span>
     <span class='ocr_line' id='line_1_15' title="bbox 126 1042 1087 1098; baseline -0.005 -13"><span class='ocrx_word' id='word_1_75' title='bbox 126 1046 390 1098; x_wconf 83' lang='lat' dir='ltr'>Theophilus,</span> <span class='ocrx_word' id='word_1_76' title='bbox 411 1046 636 1095; x_wconf 86' lang='lat' dir='ltr'>Arnoldus‚</span> <span class='ocrx_word' id='word_1_77' title='bbox 660 1048 805 1086; x_wconf 88' lang='lat' dir='ltr'>Petrus</span> <span class='ocrx_word' id='word_1_78' title='bbox 828 1045 877 1084; x_wconf 90' lang='lat' dir='ltr'>de</span> <span class='ocrx_word' id='word_1_79' title='bbox 903 1044 942 1083; x_wconf 89' lang='lat' dir='ltr'>S.</span> <span class='ocrx_word' id='word_1_80' title='bbox 968 1042 1087 1082; x_wconf 87' lang='lat' dir='ltr'>Amo—</span> 
     </span>
     <span class='ocr_line' id='line_1_16' title="bbox 126 1104 1085 1157; baseline -0.007 -9"><span class='ocrx_word' id='word_1_81' title='bbox 126 1120 195 1157; x_wconf 88' lang='lat' dir='ltr'>re,</span> <span class='ocrx_word' id='word_1_82' title='bbox 223 1109 397 1148; x_wconf 72' lang='lat' dir='ltr'>,lacobus</span> <span class='ocrx_word' id='word_1_83' title='bbox 424 1110 654 1157; x_wconf 77' lang='lat' dir='ltr'>saonensis,</span> <span class='ocrx_word' id='word_1_84' title='bbox 681 1108 920 1148; x_wconf 90' lang='lat' dir='ltr'>Guillelmus</span> <span class='ocrx_word' id='word_1_85' title='bbox 950 1106 989 1143; x_wconf 89' lang='lat' dir='ltr'>in</span> <span class='ocrx_word' id='word_1_86' title='bbox 1020 1104 1085 1142; x_wconf 92' lang='lat' dir='ltr'>lib.</span> 
     </span>
     <span class='ocr_line' id='line_1_17' title="bbox 127 1166 1089 1222; baseline -0.006 -12"><span class='ocrx_word' id='word_1_87' title='bbox 127 1170 178 1210; x_wconf 87' lang='lat' dir='ltr'>de</span> <span class='ocrx_word' id='word_1_88' title='bbox 208 1170 389 1222; x_wconf 86' lang='lat' dir='ltr'>Apibus,</span> <span class='ocrx_word' id='word_1_89' title='bbox 418 1171 584 1210; x_wconf 87' lang='lat' dir='ltr'>Holckot</span> <span class='ocrx_word' id='word_1_90' title='bbox 612 1173 652 1209; x_wconf 94' lang='lat' dir='ltr'>in</span> <span class='ocrx_word' id='word_1_91' title='bbox 681 1171 747 1209; x_wconf 89' lang='lat' dir='ltr'>lib.</span> <span class='ocrx_word' id='word_1_92' title='bbox 778 1169 1018 1222; x_wconf 80' lang='lat' dir='ltr'>Sapientiae,</span> <span class='ocrx_word' id='word_1_93' title='bbox 1046 1166 1089 1205; x_wconf 91' lang='lat' dir='ltr'>li-</span> 
     </span>
     <span class='ocr_line' id='line_1_18' title="bbox 127 1229 1090 1282; baseline -0.004 -10"><span class='ocrx_word' id='word_1_94' title='bbox 127 1233 227 1272; x_wconf 78' lang='lat' dir='ltr'>libet·</span> <span class='ocrx_word' id='word_1_95' title='bbox 262 1232 312 1272; x_wconf 90' lang='lat' dir='ltr'>de</span> <span class='ocrx_word' id='word_1_96' title='bbox 349 1233 490 1282; x_wconf 91' lang='lat' dir='ltr'>donis,</span> <span class='ocrx_word' id='word_1_97' title='bbox 515 1234 689 1273; x_wconf 87' lang='lat' dir='ltr'>Jacobus</span> <span class='ocrx_word' id='word_1_98' title='bbox 717 1232 766 1271; x_wconf 88' lang='lat' dir='ltr'>de</span> <span class='ocrx_word' id='word_1_99' title='bbox 795 1233 993 1279; x_wconf 88' lang='lat' dir='ltr'>Vitriaco,</span> <span class='ocrx_word' id='word_1_100' title='bbox 1017 1229 1090 1268; x_wconf 89' lang='lat' dir='ltr'>Ar-</span> 
     </span>
     <span class='ocr_line' id='line_1_19' title="bbox 127 1293 1090 1344; baseline -0.004 -10"><span class='ocrx_word' id='word_1_101' title='bbox 127 1295 273 1336; x_wconf 89' lang='lat' dir='ltr'>noldus</span> <span class='ocrx_word' id='word_1_102' title='bbox 309 1297 348 1334; x_wconf 93' lang='lat' dir='ltr'>in</span> <span class='ocrx_word' id='word_1_103' title='bbox 386 1296 606 1334; x_wconf 86' lang='lat' dir='ltr'>narratorio</span> <span class='ocrx_word' id='word_1_104' title='bbox 647 1306 720 1334; x_wconf 88' lang='lat' dir='ltr'>suo</span> <span class='ocrx_word' id='word_1_105' title='bbox 735 1327 746 1344; x_wconf 84' lang='lat'>,</span> <span class='ocrx_word' id='word_1_106' title='bbox 786 1294 1007 1334; x_wconf 89' lang='lat' dir='ltr'>Viridarius</span> <span class='ocrx_word' id='word_1_107' title='bbox 1050 1293 1090 1330; x_wconf 92' lang='lat' dir='ltr'>in</span> 
     </span>
     <span class='ocr_line' id='line_1_20' title="bbox 126 1357 1090 1409; baseline -0.003 -12"><span class='ocrx_word' id='word_1_108' title='bbox 126 1357 301 1409; x_wconf 89' lang='lat' dir='ltr'>quodam</span> <span class='ocrx_word' id='word_1_109' title='bbox 325 1369 513 1397; x_wconf 87' lang='lat' dir='ltr'>sermone</span> <span class='ocrx_word' id='word_1_110' title='bbox 532 1389 541 1408; x_wconf 93' lang='lat'>,</span> <span class='ocrx_word' id='word_1_111' title='bbox 562 1359 760 1397; x_wconf 89' lang='lat' dir='ltr'>Henricus</span> <span class='ocrx_word' id='word_1_112' title='bbox 783 1357 833 1396; x_wconf 90' lang='lat' dir='ltr'>de</span> <span class='ocrx_word' id='word_1_113' title='bbox 856 1357 998 1396; x_wconf 91' lang='lat' dir='ltr'>Hassia</span> <span class='ocrx_word' id='word_1_114' title='bbox 1021 1366 1090 1394; x_wconf 91' lang='lat' dir='ltr'>su-</span> 
     </span>
     <span class='ocr_line' id='line_1_21' title="bbox 127 1417 1089 1472; baseline -0.005 -12"><span class='ocrx_word' id='word_1_115' title='bbox 127 1431 201 1472; x_wconf 87' lang='lat' dir='ltr'>per</span> <span class='ocrx_word' id='word_1_116' title='bbox 222 1420 414 1460; x_wconf 90' lang='lat' dir='ltr'>Genesim</span> <span class='ocrx_word' id='word_1_117' title='bbox 435 1450 445 1471; x_wconf 91' lang='lat'>,</span> <span class='ocrx_word' id='word_1_118' title='bbox 468 1420 696 1467; x_wconf 89' lang='lat' dir='ltr'>Chronicon</span> <span class='ocrx_word' id='word_1_119' title='bbox 719 1418 926 1471; x_wconf 91' lang='lat' dir='ltr'>Helipandi</span> <span class='ocrx_word' id='word_1_120' title='bbox 950 1417 1000 1457; x_wconf 89' lang='lat' dir='ltr'>ad</span> <span class='ocrx_word' id='word_1_121' title='bbox 1025 1429 1089 1456; x_wconf 90' lang='lat' dir='ltr'>an.</span> 
     </span>
     <span class='ocr_line' id='line_1_22' title="bbox 131 1480 1091 1537; baseline -0.005 -14"><span class='ocrx_word' id='word_1_122' title='bbox 131 1482 503 1537; x_wconf 85' lang='lat' dir='ltr'>4058,Albertanus</span> <span class='ocrx_word' id='word_1_123' title='bbox 518 1482 568 1522; x_wconf 92' lang='lat' dir='ltr'>de</span> <span class='ocrx_word' id='word_1_124' title='bbox 583 1493 773 1522; x_wconf 88' lang='lat' dir='ltr'>mensura</span> <span class='ocrx_word' id='word_1_125' title='bbox 790 1480 1091 1532; x_wconf 85' lang='lat' dir='ltr'>loquendi,Mag</span> 
     </span>
     <span class='ocr_line' id='line_1_23' title="bbox 125 1542 1092 1597; baseline -0.004 -12"><span class='ocrx_word' id='word_1_126' title='bbox 125 1545 375 1585; x_wconf 86' lang='lat' dir='ltr'>Humbertus</span> <span class='ocrx_word' id='word_1_127' title='bbox 399 1545 449 1584; x_wconf 91' lang='lat' dir='ltr'>de</span> <span class='ocrx_word' id='word_1_128' title='bbox 473 1545 715 1597; x_wconf 86' lang='lat' dir='ltr'>settemplici</span> <span class='ocrx_word' id='word_1_129' title='bbox 748 1545 906 1592; x_wconf 87' lang='lat' dir='ltr'>timore,</span> <span class='ocrx_word' id='word_1_130' title='bbox 928 1542 1092 1582; x_wconf 91' lang='lat' dir='ltr'>Guillel-</span> 
     </span>
    </p>
   </div>
   <div class='ocr_carea' id='block_1_4' title="bbox 67 1607 1094 1719">
    <p class='ocr_par' dir='ltr' id='par_1_5' title="bbox 67 1607 1094 1719">
     <span class='ocr_line' id='line_1_24' title="bbox 67 1607 1035 1667; baseline -0.004 -20"><span class='ocrx_word' id='word_1_131' title='bbox 67 1663 71 1667; x_wconf 76' lang='lat'>.</span> <span class='ocrx_word' id='word_1_132' title='bbox 131 1619 224 1647; x_wconf 91' lang='lat' dir='ltr'>mus</span> <span class='ocrx_word' id='word_1_133' title='bbox 253 1607 542 1660; x_wconf 82' lang='lat' dir='ltr'>Lugdunensis</span> <span class='ocrx_word' id='word_1_134' title='bbox 576 1608 615 1647; x_wconf 92' lang='lat' dir='ltr'>in</span> <span class='ocrx_word' id='word_1_135' title='bbox 645 1618 805 1647; x_wconf 91' lang='lat' dir='ltr'>summa</span> <span class='ocrx_word' id='word_1_136' title='bbox 832 1608 1035 1646; x_wconf 89' lang='lat' dir='ltr'>vitiorum.</span> 
     </span>
     <span class='ocr_line' id='line_1_25' title="bbox 182 1666 1094 1719; baseline -0.004 -10"><span class='ocrx_word' id='word_1_137' title='bbox 182 1669 490 1719; x_wconf 86' lang='lat' dir='ltr'>DITHMARUS,</span> <span class='ocrx_word' id='word_1_138' title='bbox 515 1671 602 1709; x_wconf 89' lang='lat' dir='ltr'>sive</span> <span class='ocrx_word' id='word_1_139' title='bbox 625 1668 954 1710; x_wconf 83' lang='lat' dir='ltr'>DIETHMARUS</span> <span class='ocrx_word' id='word_1_140' title='bbox 969 1698 978 1714; x_wconf 85' lang='lat'>,</span> <span class='ocrx_word' id='word_1_141' title='bbox 1002 1666 1094 1706; x_wconf 84' lang='lat' dir='ltr'>Hel-</span> 
     </span>
    </p>
   </div>
   <div class='ocr_carea' id='block_1_5' title="bbox 125 1730 1101 1785">
    <p class='ocr_par' dir='ltr' id='par_1_6' title="bbox 125 1730 1101 1785">
     <span class='ocr_line' id='line_1_26' title="bbox 125 1730 1101 1785; baseline -0.005 -14"><span class='ocrx_word' id='word_1_142' title='bbox 125 1731 426 1772; x_wconf 76' lang='lat' dir='ltr'>movardiensis</span> <span class='ocrx_word' id='word_1_143' title='bbox 445 1731 600 1781; x_wconf 84' lang='lat' dir='ltr'>Abbas,</span> <span class='ocrx_word' id='word_1_144' title='bbox 623 1732 805 1785; x_wconf 81' lang='lat' dir='ltr'>Scriptor</span> <span class='ocrx_word' id='word_1_145' title='bbox 827 1730 938 1770; x_wconf 81' lang='lat' dir='ltr'>Vitae</span> <span class='ocrx_word' id='word_1_146' title='bbox 961 1731 1001 1769; x_wconf 89' lang='lat' dir='ltr'>S.</span> <span class='ocrx_word' id='word_1_147' title='bbox 1019 1730 1101 1769; x_wconf 85' lang='grc' dir='ltr'>Μο-</span> 
     </span>
    </p>
   </div>
   <div class='ocr_carea' id='block_1_6' title="bbox 124 1793 1096 3027">
    <p class='ocr_par' dir='ltr' id='par_1_7' title="bbox 124 1793 1091 1968">
     <span class='ocr_line' id='line_1_27' title="bbox 125 1793 1091 1843; baseline -0.005 -10"><span class='ocrx_word' id='word_1_148' title='bbox 125 1793 261 1833; x_wconf 87' lang='lat' dir='ltr'>doaldi</span> <span class='ocrx_word' id='word_1_149' title='bbox 282 1793 397 1833; x_wconf 88' lang='lat' dir='ltr'>circa</span> <span class='ocrx_word' id='word_1_150' title='bbox 423 1794 584 1833; x_wconf 75' lang='lat' dir='ltr'><em>Annum</em></span> <span class='ocrx_word' id='word_1_151' title='bbox 604 1794 722 1834; x_wconf 88' lang='lat'>4407.</span> <span class='ocrx_word' id='word_1_152' title='bbox 745 1795 804 1833; x_wconf 85' lang='lat' dir='ltr'>lta</span> <span class='ocrx_word' id='word_1_153' title='bbox 823 1793 1020 1843; x_wconf 80' lang='lat' dir='ltr'>cangius,</span> <span class='ocrx_word' id='word_1_154' title='bbox 1041 1802 1091 1829; x_wconf 80' lang='lat' dir='ltr'>ex</span> 
     </span>
     <span class='ocr_line' id='line_1_28' title="bbox 129 1853 1091 1907; baseline -0.004 -12"><span class='ocrx_word' id='word_1_155' title='bbox 129 1857 344 1895; x_wconf 88' lang='lat' dir='ltr'>memoriae</span> <span class='ocrx_word' id='word_1_156' title='bbox 365 1860 461 1907; x_wconf 89' lang='lat' dir='ltr'>puto</span> <span class='ocrx_word' id='word_1_157' title='bbox 479 1867 625 1894; x_wconf 86' lang='lat' dir='ltr'>errore.</span> <span class='ocrx_word' id='word_1_158' title='bbox 655 1857 752 1895; x_wconf 88' lang='lat' dir='ltr'>Nam</span> <span class='ocrx_word' id='word_1_159' title='bbox 780 1853 1091 1901; x_wconf 87' lang='lat' dir='ltr'>STEPHANUS,</span> 
     </span>
     <span class='ocr_line' id='line_1_29' title="bbox 124 1917 1091 1968; baseline -0.003 -12"><span class='ocrx_word' id='word_1_160' title='bbox 124 1917 260 1957; x_wconf 87' lang='lat' dir='ltr'>Abbas</span> <span class='ocrx_word' id='word_1_161' title='bbox 276 1917 534 1967; x_wconf 89' lang='lat' dir='ltr'>Leodiensis,</span> <span class='ocrx_word' id='word_1_162' title='bbox 557 1919 624 1968; x_wconf 91' lang='lat' dir='ltr'>qui</span> <span class='ocrx_word' id='word_1_163' title='bbox 648 1917 723 1956; x_wconf 89' lang='lat' dir='ltr'>An.</span> <span class='ocrx_word' id='word_1_164' title='bbox 750 1917 865 1957; x_wconf 78' lang='lat'>4442.</span> <span class='ocrx_word' id='word_1_165' title='bbox 890 1917 1004 1964; x_wconf 86' lang='lat' dir='ltr'>obiit,</span> <span class='ocrx_word' id='word_1_166' title='bbox 1028 1926 1091 1953; x_wconf 89' lang='lat' dir='ltr'>ro-</span> 
     </span>
    </p>

    <p class='ocr_par' dir='ltr' id='par_1_8' title="bbox 125 1977 1088 2032">
     <span class='ocr_line' id='line_1_30' title="bbox 125 1977 1088 2032; baseline -0.003 -13"><span class='ocrx_word' id='word_1_167' title='bbox 125 1984 246 2032; x_wconf 87' lang='lat' dir='ltr'>gante</span> <span class='ocrx_word' id='word_1_168' title='bbox 282 1979 579 2019; x_wconf 84' lang='lat' dir='ltr'><strong>DIETHMARO</strong></span> <span class='ocrx_word' id='word_1_169' title='bbox 598 2011 606 2029; x_wconf 94' lang='lat'>,</span> <span class='ocrx_word' id='word_1_170' title='bbox 646 1981 733 2018; x_wconf 91' lang='lat' dir='ltr'>sive</span> <span class='ocrx_word' id='word_1_171' title='bbox 767 1977 1088 2027; x_wconf 86' lang='lat' dir='ltr'>THIETMARO,</span> 
     </span>
    </p>

    <p class='ocr_par' dir='ltr' id='par_1_9' title="bbox 125 2040 1095 2766">
     <span class='ocr_line' id='line_1_31' title="bbox 126 2040 1090 2089; baseline -0.002 -8"><span class='ocrx_word' id='word_1_172' title='bbox 126 2041 508 2082; x_wconf 88' lang='lat' dir='ltr'>Helinwardicensis</span> <span class='ocrx_word' id='word_1_173' title='bbox 546 2042 733 2082; x_wconf 90' lang='lat' dir='ltr'>Coenobii</span> <span class='ocrx_word' id='word_1_174' title='bbox 766 2041 920 2081; x_wconf 88' lang='lat' dir='ltr'>Abbate</span> <span class='ocrx_word' id='word_1_175' title='bbox 938 2071 946 2089; x_wconf 92' lang='lat'>,</span> <span class='ocrx_word' id='word_1_176' title='bbox 965 2040 1090 2080; x_wconf 81' lang='lat' dir='ltr'>vitam</span> 
     </span>
     <span class='ocr_line' id='line_1_32' title="bbox 125 2103 1088 2155; baseline -0.003 -11"><span class='ocrx_word' id='word_1_177' title='bbox 125 2104 166 2144; x_wconf 91' lang='lat' dir='ltr'>S.</span> <span class='ocrx_word' id='word_1_178' title='bbox 185 2103 404 2153; x_wconf 82' lang='lat' dir='ltr'>Modoaldi,</span> <span class='ocrx_word' id='word_1_179' title='bbox 423 2105 674 2143; x_wconf 89' lang='lat' dir='ltr'>Trevirensis</span> <span class='ocrx_word' id='word_1_180' title='bbox 689 2104 998 2155; x_wconf 84' lang='lat' dir='ltr'>Archiepiscopi,</span> <span class='ocrx_word' id='word_1_181' title='bbox 1021 2105 1088 2154; x_wconf 91' lang='lat' dir='ltr'>qui</span> 
     </span>
     <span class='ocr_line' id='line_1_33' title="bbox 125 2164 1092 2215; baseline -0.001 -10"><span class='ocrx_word' id='word_1_182' title='bbox 125 2165 242 2206; x_wconf 89' lang='lat' dir='ltr'>Anno</span> <span class='ocrx_word' id='word_1_183' title='bbox 271 2166 421 2206; x_wconf 87' lang='lat' dir='ltr'>Christi</span> <span class='ocrx_word' id='word_1_184' title='bbox 446 2167 536 2213; x_wconf 87' lang='lat'>656,</span> <span class='ocrx_word' id='word_1_185' title='bbox 561 2166 682 2215; x_wconf 89' lang='lat' dir='ltr'>obiit,</span> <span class='ocrx_word' id='word_1_186' title='bbox 706 2165 837 2206; x_wconf 78' lang='lat' dir='ltr'>tribus</span> <span class='ocrx_word' id='word_1_187' title='bbox 861 2164 978 2205; x_wconf 83' lang='lat' dir='ltr'>libris</span> <span class='ocrx_word' id='word_1_188' title='bbox 994 2167 1092 2205; x_wconf 88' lang='lat' dir='ltr'>scri-</span> 
     </span>
     <span class='ocr_line' id='line_1_34' title="bbox 125 2229 1090 2280; baseline 0.001 -13"><span class='ocrx_word' id='word_1_189' title='bbox 125 2229 206 2280; x_wconf 88' lang='lat' dir='ltr'>psit</span> <span class='ocrx_word' id='word_1_190' title='bbox 228 2229 377 2268; x_wconf 89' lang='lat' dir='ltr'>editam</span> <span class='ocrx_word' id='word_1_191' title='bbox 397 2240 420 2268; x_wconf 92' lang='lat' dir='ltr'>a</span> <span class='ocrx_word' id='word_1_192' title='bbox 443 2229 560 2269; x_wconf 90' lang='lat' dir='ltr'>Surio</span> <span class='ocrx_word' id='word_1_193' title='bbox 577 2233 618 2268; x_wconf 89' lang='lat' dir='ltr'>et</span> <span class='ocrx_word' id='word_1_194' title='bbox 643 2230 682 2267; x_wconf 91' lang='lat' dir='ltr'>in</span> <span class='ocrx_word' id='word_1_195' title='bbox 712 2229 825 2269; x_wconf 87' lang='lat' dir='ltr'>Actis</span> <span class='ocrx_word' id='word_1_196' title='bbox 851 2230 1090 2269; x_wconf 89' lang='lat' dir='ltr'>Sanctorum</span> 
     </span>
     <span class='ocr_line' id='line_1_35' title="bbox 125 2290 1090 2343; baseline 0.001 -14"><span class='ocrx_word' id='word_1_197' title='bbox 125 2291 213 2330; x_wconf 91' lang='lat' dir='ltr'>XIl.</span> <span class='ocrx_word' id='word_1_198' title='bbox 232 2290 335 2343; x_wconf 86' lang='lat' dir='ltr'>Maji.</span> <span class='ocrx_word' id='word_1_199' title='bbox 355 2290 621 2343; x_wconf 88' lang='lat' dir='ltr'>Subjungitur</span> <span class='ocrx_word' id='word_1_200' title='bbox 644 2296 780 2331; x_wconf 89' lang='lat' dir='ltr'>tamen</span> <span class='ocrx_word' id='word_1_201' title='bbox 810 2290 1090 2331; x_wconf 87' lang='lat' dir='ltr'>DIETHMARI</span> 
     </span>
     <span class='ocr_line' id='line_1_36' title="bbox 126 2352 1093 2406; baseline 0.001 -14"><span class='ocrx_word' id='word_1_202' title='bbox 126 2352 174 2392; x_wconf 84' lang='lat' dir='ltr'>ad</span> <span class='ocrx_word' id='word_1_203' title='bbox 185 2353 435 2406; x_wconf 84' lang='lat' dir='ltr'>Stephanum</span> <span class='ocrx_word' id='word_1_204' title='bbox 451 2353 713 2394; x_wconf 88' lang='lat' dir='ltr'>Leodiensem</span> <span class='ocrx_word' id='word_1_205' title='bbox 723 2353 904 2406; x_wconf 81' lang='lat' dir='ltr'>Epistola</span> <span class='ocrx_word' id='word_1_206' title='bbox 918 2353 965 2394; x_wconf 91' lang='lat' dir='ltr'>de</span> <span class='ocrx_word' id='word_1_207' title='bbox 981 2358 1093 2394; x_wconf 82' lang='lat' dir='ltr'>tran-</span> 
     </span>
     <span class='ocr_line' id='line_1_37' title="bbox 127 2413 1091 2466; baseline -0.001 -11"><span class='ocrx_word' id='word_1_208' title='bbox 127 2413 294 2455; x_wconf 84' lang='lat' dir='ltr'>slatione</span> <span class='ocrx_word' id='word_1_209' title='bbox 323 2416 366 2456; x_wconf 92' lang='lat' dir='ltr'>S.</span> <span class='ocrx_word' id='word_1_210' title='bbox 409 2415 611 2455; x_wconf 85' lang='lat' dir='ltr'>Modoaldi</span> <span class='ocrx_word' id='word_1_211' title='bbox 646 2417 750 2456; x_wconf 84' lang='lat' dir='ltr'>facta</span> <span class='ocrx_word' id='word_1_212' title='bbox 790 2416 867 2456; x_wconf 91' lang='lat' dir='ltr'>An.</span> <span class='ocrx_word' id='word_1_213' title='bbox 900 2417 1016 2466; x_wconf 89' lang='lat'>4407,</span> <span class='ocrx_word' id='word_1_214' title='bbox 1051 2419 1091 2455; x_wconf 91' lang='lat' dir='ltr'>in</span> 
     </span>
     <span class='ocr_line' id='line_1_38' title="bbox 126 2478 1094 2530; baseline 0 -13"><span class='ocrx_word' id='word_1_215' title='bbox 126 2478 353 2518; x_wconf 85' lang='lat' dir='ltr'>Oratorium</span> <span class='ocrx_word' id='word_1_216' title='bbox 374 2480 479 2517; x_wconf 86' lang='lat' dir='ltr'>Petri</span> <span class='ocrx_word' id='word_1_217' title='bbox 495 2478 674 2530; x_wconf 87' lang='lat' dir='ltr'>Apostoli</span> <span class='ocrx_word' id='word_1_218' title='bbox 698 2480 736 2517; x_wconf 94' lang='lat' dir='ltr'>in</span> <span class='ocrx_word' id='word_1_219' title='bbox 758 2479 1001 2519; x_wconf 89' lang='lat' dir='ltr'>Coenobium</span> <span class='ocrx_word' id='word_1_220' title='bbox 1019 2481 1094 2518; x_wconf 88' lang='lat' dir='ltr'>He-</span> 
     </span>
     <span class='ocr_line' id='line_1_39' title="bbox 127 2539 1091 2590; baseline 0.001 -12"><span class='ocrx_word' id='word_1_221' title='bbox 127 2539 523 2590; x_wconf 83' lang='lat' dir='ltr'>linwardeshuysen.</span> <span class='ocrx_word' id='word_1_222' title='bbox 550 2541 607 2579; x_wconf 89' lang='lat' dir='ltr'>De</span> <span class='ocrx_word' id='word_1_223' title='bbox 637 2539 722 2580; x_wconf 84' lang='lat' dir='ltr'>vita</span> <span class='ocrx_word' id='word_1_224' title='bbox 748 2544 786 2579; x_wconf 88' lang='lat' dir='ltr'>et</span> <span class='ocrx_word' id='word_1_225' title='bbox 817 2540 1030 2580; x_wconf 78' lang='lat' dir='ltr'>miraculis</span> <span class='ocrx_word' id='word_1_226' title='bbox 1050 2543 1091 2581; x_wconf 90' lang='lat' dir='ltr'>S.</span> 
     </span>
     <span class='ocr_line' id='line_1_40' title="bbox 126 2599 1093 2652; baseline 0.003 -13"><span class='ocrx_word' id='word_1_227' title='bbox 126 2599 328 2650; x_wconf 84' lang='lat' dir='ltr'>Remacli,</span> <span class='ocrx_word' id='word_1_228' title='bbox 367 2612 470 2652; x_wconf 89' lang='lat' dir='ltr'>quae</span> <span class='ocrx_word' id='word_1_229' title='bbox 515 2603 552 2640; x_wconf 93' lang='lat' dir='ltr'>in</span> <span class='ocrx_word' id='word_1_230' title='bbox 597 2602 838 2652; x_wconf 87' lang='lat' dir='ltr'>quibusdam</span> <span class='ocrx_word' id='word_1_231' title='bbox 879 2602 1093 2642; x_wconf 89' lang='lat' dir='ltr'>Codicibus</span> 
     </span>
     <span class='ocr_line' id='line_1_41' title="bbox 126 2662 1095 2714; baseline 0.004 -13"><span class='ocrx_word' id='word_1_232' title='bbox 126 2662 423 2703; x_wconf 81' lang='lat' dir='ltr'><strong>THIETMARO</strong></span> <span class='ocrx_word' id='word_1_233' title='bbox 443 2663 704 2714; x_wconf 82' lang='lat' dir='ltr'>adscribitur,</span> <span class='ocrx_word' id='word_1_234' title='bbox 725 2664 817 2704; x_wconf 90' lang='lat' dir='ltr'>vide</span> <span class='ocrx_word' id='word_1_235' title='bbox 834 2665 935 2704; x_wconf 84' lang='lat' dir='ltr'>infra</span> <span class='ocrx_word' id='word_1_236' title='bbox 955 2666 994 2703; x_wconf 90' lang='lat' dir='ltr'>in</span> <span class='ocrx_word' id='word_1_237' title='bbox 1009 2666 1095 2705; x_wconf 87' lang='lat' dir='ltr'>NO-</span> 
     </span>
     <span class='ocr_line' id='line_1_42' title="bbox 127 2725 562 2766; baseline 0.005 -2"><span class='ocrx_word' id='word_1_238' title='bbox 127 2725 299 2766; x_wconf 87' lang='lat' dir='ltr'>TGERO</span> <span class='ocrx_word' id='word_1_239' title='bbox 319 2726 562 2766; x_wconf 88' lang='lat' dir='ltr'>Leodicensi.</span> 
     </span>
    </p>

    <p class='ocr_par' dir='ltr' id='par_1_10' title="bbox 129 2788 1096 3027">
     <span class='ocr_line' id='line_1_43' title="bbox 184 2788 1095 2840; baseline 0.003 -13"><span class='ocrx_word' id='word_1_240' title='bbox 184 2789 505 2838; x_wconf 88' lang='lat' dir='ltr'>DlTHMARUS,</span> <span class='ocrx_word' id='word_1_241' title='bbox 536 2790 622 2828; x_wconf 89' lang='lat' dir='ltr'>sive</span> <span class='ocrx_word' id='word_1_242' title='bbox 658 2788 942 2840; x_wconf 88' lang='lat' dir='ltr'>DITMARUS,</span> <span class='ocrx_word' id='word_1_243' title='bbox 971 2802 1021 2830; x_wconf 80' lang='lat' dir='ltr'>ex</span> <span class='ocrx_word' id='word_1_244' title='bbox 1052 2791 1095 2830; x_wconf 93' lang='lat' dir='ltr'>il-</span> 
     </span>
     <span class='ocr_line' id='line_1_44' title="bbox 130 2851 1096 2892; baseline 0.003 -3"><span class='ocrx_word' id='word_1_245' title='bbox 130 2851 248 2890; x_wconf 88' lang='lat' dir='ltr'>lustri</span> <span class='ocrx_word' id='word_1_246' title='bbox 282 2852 485 2891; x_wconf 91' lang='lat' dir='ltr'>Comitum</span> <span class='ocrx_word' id='word_1_247' title='bbox 516 2852 803 2891; x_wconf 79' lang='lat' dir='ltr'>Saxonicorum</span> <span class='ocrx_word' id='word_1_248' title='bbox 836 2852 1096 2892; x_wconf 88' lang='lat' dir='ltr'>Walbeccen-</span> 
     </span>
     <span class='ocr_line' id='line_1_45' title="bbox 129 2913 1092 2965; baseline 0.003 -14"><span class='ocrx_word' id='word_1_249' title='bbox 129 2913 235 2952; x_wconf 89' lang='lat' dir='ltr'>sium</span> <span class='ocrx_word' id='word_1_250' title='bbox 254 2914 406 2964; x_wconf 82' lang='lat' dir='ltr'>stirpe,</span> <span class='ocrx_word' id='word_1_251' title='bbox 429 2914 782 2965; x_wconf 87' lang='lat' dir='ltr'>Martisburgensis</span> <span class='ocrx_word' id='word_1_252' title='bbox 805 2914 854 2953; x_wconf 88' lang='lat' dir='ltr'>ab</span> <span class='ocrx_word' id='word_1_253' title='bbox 874 2913 949 2954; x_wconf 84' lang='lat' dir='ltr'>An.</span> <span class='ocrx_word' id='word_1_254' title='bbox 977 2916 1092 2955; x_wconf 89' lang='grc'>1008.</span> 
     </span>
     <span class='ocr_line' id='line_1_46' title="bbox 129 2975 1096 3027; baseline 0.002 -12"><span class='ocrx_word' id='word_1_255' title='bbox 129 2975 180 3015; x_wconf 88' lang='lat' dir='ltr'>ad</span> <span class='ocrx_word' id='word_1_256' title='bbox 203 2976 319 3015; x_wconf 88' lang='grc'>1118.</span> <span class='ocrx_word' id='word_1_257' title='bbox 335 2976 470 3026; x_wconf 89' lang='lat' dir='ltr'>Episc.</span> <span class='ocrx_word' id='word_1_258' title='bbox 491 2975 542 3015; x_wconf 92' lang='lat' dir='ltr'>de</span> <span class='ocrx_word' id='word_1_259' title='bbox 560 2975 680 3027; x_wconf 87' lang='lat' dir='ltr'>cujus</span> <span class='ocrx_word' id='word_1_260' title='bbox 701 2981 832 3027; x_wconf 89' lang='lat' dir='ltr'>gente,</span> <span class='ocrx_word' id='word_1_261' title='bbox 853 2978 936 3016; x_wconf 91' lang='lat' dir='ltr'>vita</span> <span class='ocrx_word' id='word_1_262' title='bbox 955 2982 995 3016; x_wconf 86' lang='lat' dir='ltr'>et</span> <span class='ocrx_word' id='word_1_263' title='bbox 1011 2978 1096 3017; x_wconf 90' lang='lat' dir='ltr'>lau-</span> 
     </span>
    </p>
   </div>
   <div class='ocr_carea' id='block_1_7' title="bbox 50 3037 1094 3090">
    <p class='ocr_par' dir='ltr' id='par_1_11' title="bbox 50 3037 1094 3090">
     <span class='ocr_line' id='line_1_47' title="bbox 50 3037 1094 3090; baseline 0.002 -14"><span class='ocrx_word' id='word_1_264' title='bbox 50 3062 53 3069; x_wconf 33' lang='grc'>7</span> <span class='ocrx_word' id='word_1_265' title='bbox 131 3037 249 3077; x_wconf 88' lang='lat' dir='ltr'>dibus</span> <span class='ocrx_word' id='word_1_266' title='bbox 268 3041 428 3089; x_wconf 85' lang='lat' dir='ltr'>praeter</span> <span class='ocrx_word' id='word_1_267' title='bbox 448 3041 627 3077; x_wconf 86' lang='lat' dir='ltr'>veterem</span> <span class='ocrx_word' id='word_1_268' title='bbox 655 3040 890 3090; x_wconf 82' lang='lat' dir='ltr'>scriptorem</span> <span class='ocrx_word' id='word_1_269' title='bbox 910 3039 1094 3080; x_wconf 88' lang='lat' dir='ltr'>Chronici</span> 
     </span>
    </p>
   </div>
   <div class='ocr_carea' id='block_1_8' title="bbox 130 3098 1095 3278">
    <p class='ocr_par' dir='ltr' id='par_1_12' title="bbox 130 3098 1095 3278">
     <span class='ocr_line' id='line_1_48' title="bbox 130 3098 1095 3152; baseline 0.001 -13"><span class='ocrx_word' id='word_1_270' title='bbox 130 3098 369 3139; x_wconf 83' lang='lat' dir='ltr'>Antistitum</span> <span class='ocrx_word' id='word_1_271' title='bbox 383 3100 788 3152; x_wconf 80' lang='lat' dir='ltr'>Merseburgensium,</span> <span class='ocrx_word' id='word_1_272' title='bbox 806 3100 912 3152; x_wconf 91' lang='lat' dir='ltr'>apud</span> <span class='ocrx_word' id='word_1_273' title='bbox 932 3102 1095 3142; x_wconf 89' lang='lat' dir='ltr'>Rcinec-</span> 
     </span>
     <span class='ocr_line' id='line_1_49' title="bbox 131 3161 1093 3214; baseline 0.003 -14"><span class='ocrx_word' id='word_1_274' title='bbox 131 3162 257 3211; x_wconf 89' lang='lat' dir='ltr'>cium,</span> <span class='ocrx_word' id='word_1_275' title='bbox 283 3161 488 3201; x_wconf 90' lang='lat' dir='ltr'>Maderum</span> <span class='ocrx_word' id='word_1_276' title='bbox 527 3173 614 3214; x_wconf 89' lang='lat' dir='ltr'>pag.</span> <span class='ocrx_word' id='word_1_277' title='bbox 652 3163 743 3202; x_wconf 83' lang='grc'>255</span> <span class='ocrx_word' id='word_1_278' title='bbox 777 3167 818 3201; x_wconf 90' lang='lat' dir='ltr'>et</span> <span class='ocrx_word' id='word_1_279' title='bbox 854 3163 1093 3204; x_wconf 89' lang='lat' dir='ltr'>Leihnitium</span> 
     </span>
     <span class='ocr_line' id='line_1_50' title="bbox 132 3223 1095 3278; baseline 0.004 -16"><span class='ocrx_word' id='word_1_280' title='bbox 132 3227 230 3262; x_wconf 90' lang='lat' dir='ltr'>tom.</span> <span class='ocrx_word' id='word_1_281' title='bbox 253 3225 292 3274; x_wconf 85' lang='lat'>4,</span> <span class='ocrx_word' id='word_1_282' title='bbox 318 3236 406 3276; x_wconf 92' lang='lat' dir='ltr'>pag.</span> <span class='ocrx_word' id='word_1_283' title='bbox 433 3223 524 3277; x_wconf 78' lang='lat'>427,</span> <span class='ocrx_word' id='word_1_284' title='bbox 548 3225 663 3277; x_wconf 91' lang='lat' dir='ltr'>plura</span> <span class='ocrx_word' id='word_1_285' title='bbox 691 3226 925 3265; x_wconf 88' lang='lat' dir='ltr'>Rcineccius</span> <span class='ocrx_word' id='word_1_286' title='bbox 946 3227 1030 3278; x_wconf 90' lang='lat' dir='ltr'>ipse</span> <span class='ocrx_word' id='word_1_287' title='bbox 1054 3231 1095 3266; x_wconf 91' lang='lat' dir='ltr'>et</span> 
     </span>
    </p>
   </div>
   <div class='ocr_carea' id='block_1_9' title="bbox 189 3363 1099 3404">
    <p class='ocr_par' dir='ltr' id='par_1_13' title="bbox 189 3363 1099 3404">
     <span class='ocr_line' id='line_1_51' title="bbox 189 3363 1099 3404; baseline 0.005 -9"><span class='ocrx_word' id='word_1_288' title='bbox 189 3363 222 3403; x_wconf 78' lang='lat' dir='ltr'>a)</span> <span class='ocrx_word' id='word_1_289' title='bbox 242 3364 363 3397; x_wconf 73' lang='lat' dir='ltr'>Tobios</span> <span class='ocrx_word' id='word_1_290' title='bbox 379 3365 511 3398; x_wconf 77' lang='lat' dir='ltr'>Eckfll&#39;d</span> <span class='ocrx_word' id='word_1_291' title='bbox 543 3365 700 3403; x_wconf 61' lang='lat' dir='ltr'>catalogo</span> <span class='ocrx_word' id='word_1_292' title='bbox 720 3367 801 3398; x_wconf 78' lang='lat' dir='ltr'>MSS.</span> <span class='ocrx_word' id='word_1_293' title='bbox 821 3365 905 3399; x_wconf 85' lang='lat' dir='ltr'>Bibl.</span> <span class='ocrx_word' id='word_1_294' title='bbox 929 3367 1099 3404; x_wconf 58' lang='lat' dir='ltr'>Quedliirr</span> 
     </span>
    </p>
   </div>
   <div class='ocr_carea' id='block_1_10' title="bbox 1158 220 2145 3274">
    <p class='ocr_par' dir='ltr' id='par_1_14' title="bbox 1158 220 2145 2969">
     <span class='ocr_line' id='line_1_52' title="bbox 2050 220 2129 259; baseline 0.013 -1"><span class='ocrx_word' id='word_1_295' title='bbox 2050 220 2129 259; x_wconf 65' lang='lat'>&#39;1523</span> 
     </span>
     <span class='ocr_line' id='line_1_53' title="bbox 1161 290 2126 344; baseline -0.006 -10"><span class='ocrx_word' id='word_1_296' title='bbox 1161 293 1370 343; x_wconf 74' lang='lat' dir='ltr'>Maderus,</span> <span class='ocrx_word' id='word_1_297' title='bbox 1406 303 1451 332; x_wconf 86' lang='lat' dir='ltr'>ac</span> <span class='ocrx_word' id='word_1_298' title='bbox 1488 292 1780 344; x_wconf 81' lang='lat' dir='ltr'>prolegomenis</span> <span class='ocrx_word' id='word_1_299' title='bbox 1819 290 1869 330; x_wconf 88' lang='lat' dir='ltr'>ad</span> <span class='ocrx_word' id='word_1_300' title='bbox 1897 295 2054 329; x_wconf 86' lang='lat' dir='ltr'>tomum</span> <span class='ocrx_word' id='word_1_301' title='bbox 2095 293 2126 329; x_wconf 90' lang='lat'>4.</span> 
     </span>
     <span class='ocr_line' id='line_1_54' title="bbox 1162 353 2124 396; baseline -0.006 0"><span class='ocrx_word' id='word_1_302' title='bbox 1162 356 1520 396; x_wconf 84' lang='lat' dir='ltr'>Brunsvicensium</span> <span class='ocrx_word' id='word_1_303' title='bbox 1558 366 1668 393; x_wconf 91' lang='lat' dir='ltr'>num.</span> <span class='ocrx_word' id='word_1_304' title='bbox 1702 354 1850 393; x_wconf 82' lang='lat' dir='ltr'>XXIX.</span> <span class='ocrx_word' id='word_1_305' title='bbox 1890 353 2124 391; x_wconf 72' lang='lat' dir='ltr'>Leihnitius.</span> 
     </span>
     <span class='ocr_line' id='line_1_55' title="bbox 1162 415 2128 470; baseline -0.005 -12"><span class='ocrx_word' id='word_1_306' title='bbox 1162 420 1329 470; x_wconf 87' lang='lat' dir='ltr'>Scripsit</span> <span class='ocrx_word' id='word_1_307' title='bbox 1344 418 1579 457; x_wconf 88' lang='lat' dir='ltr'>Dithmarus</span> <span class='ocrx_word' id='word_1_308' title='bbox 1598 417 1752 468; x_wconf 79' lang='lat' dir='ltr'>insigne</span> <span class='ocrx_word' id='word_1_309' title='bbox 1774 415 1999 456; x_wconf 80' lang='lat' dir='ltr'>Chronicon</span> <span class='ocrx_word' id='word_1_310' title='bbox 2017 416 2128 454; x_wconf 79' lang='lat' dir='ltr'>libris</span> 
     </span>
     <span class='ocr_line' id='line_1_56' title="bbox 1162 480 2129 532; baseline -0.003 -12"><span class='ocrx_word' id='word_1_311' title='bbox 1162 485 1270 532; x_wconf 91' lang='lat' dir='ltr'>octo,</span> <span class='ocrx_word' id='word_1_312' title='bbox 1295 480 1344 520; x_wconf 91' lang='lat' dir='ltr'>de</span> <span class='ocrx_word' id='word_1_313' title='bbox 1368 481 1493 531; x_wconf 87' lang='lat' dir='ltr'>gestis</span> <span class='ocrx_word' id='word_1_314' title='bbox 1517 480 1696 530; x_wconf 87' lang='lat' dir='ltr'>quinque</span> <span class='ocrx_word' id='word_1_315' title='bbox 1734 480 2026 530; x_wconf 79' lang='lat' dir='ltr'>Imperat-orum</span> <span class='ocrx_word' id='word_1_316' title='bbox 2057 489 2129 530; x_wconf 82' lang='lat' dir='ltr'>per</span> 
     </span>
     <span class='ocr_line' id='line_1_57' title="bbox 1162 541 2125 584; baseline -0.004 -1"><span class='ocrx_word' id='word_1_317' title='bbox 1162 555 1289 584; x_wconf 91' lang='lat' dir='ltr'>annos</span> <span class='ocrx_word' id='word_1_318' title='bbox 1319 544 1433 582; x_wconf 90' lang='lat' dir='ltr'>CVlI.</span> <span class='ocrx_word' id='word_1_319' title='bbox 1468 541 1637 581; x_wconf 85' lang='lat' dir='ltr'>Henrici</span> <span class='ocrx_word' id='word_1_320' title='bbox 1662 542 1692 580; x_wconf 93' lang='lat' dir='ltr'>I.</span> <span class='ocrx_word' id='word_1_321' title='bbox 1725 546 1765 581; x_wconf 86' lang='lat' dir='ltr'>et</span> <span class='ocrx_word' id='word_1_322' title='bbox 1795 543 1917 581; x_wconf 88' lang='lat' dir='ltr'>trium</span> <span class='ocrx_word' id='word_1_323' title='bbox 1953 541 2125 580; x_wconf 83' lang='lat' dir='ltr'>filiorum</span> 
     </span>
     <span class='ocr_line' id='line_1_58' title="bbox 1163 602 2130 657; baseline -0.004 -12"><span class='ocrx_word' id='word_1_324' title='bbox 1163 607 1252 657; x_wconf 78' lang='lat' dir='ltr'>ejus</span> <span class='ocrx_word' id='word_1_325' title='bbox 1274 605 1447 655; x_wconf 81' lang='lat' dir='ltr'>Ottonis,</span> <span class='ocrx_word' id='word_1_326' title='bbox 1467 606 1535 656; x_wconf 89' lang='lat' dir='ltr'>qui</span> <span class='ocrx_word' id='word_1_327' title='bbox 1556 605 1690 644; x_wconf 88' lang='lat' dir='ltr'>dictus</span> <span class='ocrx_word' id='word_1_328' title='bbox 1713 610 1776 643; x_wconf 91' lang='lat' dir='ltr'>est</span> <span class='ocrx_word' id='word_1_329' title='bbox 1795 605 1941 652; x_wconf 78' lang='lat' dir='ltr'>Rufus,</span> <span class='ocrx_word' id='word_1_330' title='bbox 1962 608 2003 642; x_wconf 85' lang='lat' dir='ltr'>et</span> <span class='ocrx_word' id='word_1_331' title='bbox 2025 602 2130 642; x_wconf 81' lang='lat' dir='ltr'>Otto-</span> 
     </span>
     <span class='ocr_line' id='line_1_59' title="bbox 1162 665 2128 718; baseline -0.003 -11"><span class='ocrx_word' id='word_1_332' title='bbox 1162 669 1226 709; x_wconf 75' lang='lat' dir='ltr'>nis</span> <span class='ocrx_word' id='word_1_333' title='bbox 1250 668 1440 718; x_wconf 91' lang='lat' dir='ltr'>secundi,</span> <span class='ocrx_word' id='word_1_334' title='bbox 1462 679 1536 706; x_wconf 91' lang='lat' dir='ltr'>nec</span> <span class='ocrx_word' id='word_1_335' title='bbox 1558 679 1635 706; x_wconf 89' lang='lat' dir='ltr'>non</span> <span class='ocrx_word' id='word_1_336' title='bbox 1659 669 1764 706; x_wconf 88' lang='lat' dir='ltr'>tertii</span> <span class='ocrx_word' id='word_1_337' title='bbox 1792 666 1960 714; x_wconf 80' lang='lat' dir='ltr'>Ottonis,</span> <span class='ocrx_word' id='word_1_338' title='bbox 1982 667 2048 717; x_wconf 89' lang='lat' dir='ltr'>qui</span> <span class='ocrx_word' id='word_1_339' title='bbox 2071 665 2128 704; x_wconf 89' lang='lat' dir='ltr'>di-</span> 
     </span>
     <span class='ocr_line' id='line_1_60' title="bbox 1162 729 2130 782; baseline -0.004 -11"><span class='ocrx_word' id='word_1_340' title='bbox 1162 733 1328 771; x_wconf 87' lang='lat' dir='ltr'>cebatur</span> <span class='ocrx_word' id='word_1_341' title='bbox 1359 730 1528 782; x_wconf 84' lang='lat' dir='ltr'>pulcher</span> <span class='ocrx_word' id='word_1_342' title='bbox 1563 742 1679 781; x_wconf 87' lang='lat' dir='ltr'>puer,</span> <span class='ocrx_word' id='word_1_343' title='bbox 1715 735 1754 768; x_wconf 86' lang='lat' dir='ltr'>et</span> <span class='ocrx_word' id='word_1_344' title='bbox 1788 729 1956 768; x_wconf 81' lang='lat' dir='ltr'>Henrici</span> <span class='ocrx_word' id='word_1_345' title='bbox 1985 730 2038 768; x_wconf 89' lang='grc' dir='ltr'>ΙΙ.</span> <span class='ocrx_word' id='word_1_346' title='bbox 2063 730 2130 768; x_wconf 88' lang='lat' dir='ltr'>cui</span> 
     </span>
     <span class='ocr_line' id='line_1_61' title="bbox 1162 791 2130 843; baseline -0.004 -9"><span class='ocrx_word' id='word_1_347' title='bbox 1162 794 1344 834; x_wconf 86' lang='lat' dir='ltr'>adhaesit</span> <span class='ocrx_word' id='word_1_348' title='bbox 1364 804 1510 832; x_wconf 91' lang='lat' dir='ltr'>nomen</span> <span class='ocrx_word' id='word_1_349' title='bbox 1532 793 1706 843; x_wconf 87' lang='lat' dir='ltr'>pietatis.</span> <span class='ocrx_word' id='word_1_350' title='bbox 1721 792 1880 831; x_wconf 83' lang='lat' dir='ltr'>Primus</span> <span class='ocrx_word' id='word_1_351' title='bbox 1896 791 2020 830; x_wconf 89' lang='lat' dir='ltr'>edidit</span> <span class='ocrx_word' id='word_1_352' title='bbox 2040 791 2130 831; x_wconf 85' lang='lat' dir='ltr'>Rei-</span> 
     </span>
     <span class='ocr_line' id='line_1_62' title="bbox 1162 853 2128 906; baseline 0.001 -13"><span class='ocrx_word' id='word_1_353' title='bbox 1162 867 1285 895; x_wconf 78' lang='lat' dir='ltr'>nerus</span> <span class='ocrx_word' id='word_1_354' title='bbox 1301 854 1546 903; x_wconf 69' lang='lat' dir='ltr'>Rec&#39;aeccius,</span> <span class='ocrx_word' id='word_1_355' title='bbox 1568 853 1637 893; x_wconf 89' lang='lat' dir='ltr'>sed</span> <span class='ocrx_word' id='word_1_356' title='bbox 1651 864 1839 892; x_wconf 91' lang='lat' dir='ltr'>mancum</span> <span class='ocrx_word' id='word_1_357' title='bbox 1857 855 1968 892; x_wconf 78' lang='lat' dir='ltr'>init-io</span> <span class='ocrx_word' id='word_1_358' title='bbox 1983 859 2023 893; x_wconf 92' lang='lat' dir='ltr'>et</span> <span class='ocrx_word' id='word_1_359' title='bbox 2039 855 2128 906; x_wconf 88' lang='lat' dir='ltr'>plu-</span> 
     </span>
     <span class='ocr_line' id='line_1_63' title="bbox 1161 916 2126 958; baseline -0.004 0"><span class='ocrx_word' id='word_1_360' title='bbox 1161 919 1270 958; x_wconf 90' lang='lat' dir='ltr'>ribus</span> <span class='ocrx_word' id='word_1_361' title='bbox 1287 918 1465 957; x_wconf 90' lang='lat' dir='ltr'>hiulcum</span> <span class='ocrx_word' id='word_1_362' title='bbox 1482 917 1638 956; x_wconf 91' lang='lat' dir='ltr'>lacunis</span> <span class='ocrx_word' id='word_1_363' title='bbox 1658 916 1908 955; x_wconf 83' lang='lat' dir='ltr'>Francofurti</span> <span class='ocrx_word' id='word_1_364' title='bbox 1925 918 2043 956; x_wconf 88' lang='grc'>1580.</span> <span class='ocrx_word' id='word_1_365' title='bbox 2062 917 2126 955; x_wconf 86' lang='lat' dir='ltr'>fol.</span> 
     </span>
     <span class='ocr_line' id='line_1_64' title="bbox 1160 977 2131 1030; baseline -0.003 -10"><span class='ocrx_word' id='word_1_366' title='bbox 1160 991 1350 1020; x_wconf 86' lang='lat' dir='ltr'>recusum</span> <span class='ocrx_word' id='word_1_367' title='bbox 1382 979 1539 1019; x_wconf 83' lang='lat' dir='ltr'>deinde.</span> <span class='ocrx_word' id='word_1_368' title='bbox 1560 979 1638 1018; x_wconf 92' lang='lat' dir='ltr'>An.</span> <span class='ocrx_word' id='word_1_369' title='bbox 1669 979 1786 1028; x_wconf 88' lang='grc'>1600,</span> <span class='ocrx_word' id='word_1_370' title='bbox 1821 977 1926 1030; x_wconf 90' lang='lat' dir='ltr'>apud</span> <span class='ocrx_word' id='word_1_371' title='bbox 1958 979 2131 1018; x_wconf 89' lang='lat' dir='ltr'>Weche-</span> 
     </span>
     <span class='ocr_line' id='line_1_65' title="bbox 1161 1041 2130 1093; baseline -0.003 -11"><span class='ocrx_word' id='word_1_372' title='bbox 1161 1044 1285 1093; x_wconf 87' lang='lat' dir='ltr'>lium,</span> <span class='ocrx_word' id='word_1_373' title='bbox 1322 1054 1404 1082; x_wconf 91' lang='lat' dir='ltr'>una</span> <span class='ocrx_word' id='word_1_374' title='bbox 1442 1053 1536 1081; x_wconf 92' lang='lat' dir='ltr'>cum</span> <span class='ocrx_word' id='word_1_375' title='bbox 1571 1042 1659 1081; x_wconf 88' lang='lat' dir='ltr'>aliis</span> <span class='ocrx_word' id='word_1_376' title='bbox 1695 1041 1958 1093; x_wconf 90' lang='lat' dir='ltr'>scriptoribus</span> <span class='ocrx_word' id='word_1_377' title='bbox 1993 1053 2130 1080; x_wconf 89' lang='lat' dir='ltr'>rerum</span> 
     </span>
     <span class='ocr_line' id='line_1_66' title="bbox 1161 1103 2129 1155; baseline -0.004 -10"><span class='ocrx_word' id='word_1_378' title='bbox 1161 1107 1503 1146; x_wconf 86' lang='lat' dir='ltr'>Germanicarum.</span> <span class='ocrx_word' id='word_1_379' title='bbox 1526 1103 1678 1144; x_wconf 90' lang='lat' dir='ltr'>Deinde</span> <span class='ocrx_word' id='word_1_380' title='bbox 1703 1104 1920 1155; x_wconf 90' lang='lat' dir='ltr'>separatim</span> <span class='ocrx_word' id='word_1_381' title='bbox 1955 1103 2129 1141; x_wconf 82' lang='lat' dir='ltr'>Joannes</span> 
     </span>
     <span class='ocr_line' id='line_1_67' title="bbox 1160 1166 2132 1216; baseline -0.004 -8"><span class='ocrx_word' id='word_1_382' title='bbox 1160 1168 1391 1208; x_wconf 76' lang='lat' dir='ltr'>Joaclzimus</span> <span class='ocrx_word' id='word_1_383' title='bbox 1419 1166 1630 1215; x_wconf 83' lang='lat' dir='ltr'>Maderus,</span> <span class='ocrx_word' id='word_1_384' title='bbox 1671 1178 1763 1206; x_wconf 91' lang='lat' dir='ltr'>cum</span> <span class='ocrx_word' id='word_1_385' title='bbox 1796 1167 1902 1205; x_wconf 87' lang='lat' dir='ltr'>notis</span> <span class='ocrx_word' id='word_1_386' title='bbox 1933 1166 2132 1216; x_wconf 82' lang='lat' dir='ltr'>margina-</span> 
     </span>
     <span class='ocr_line' id='line_1_68' title="bbox 1163 1228 2129 1282; baseline -0.006 -11"><span class='ocrx_word' id='word_1_387' title='bbox 1163 1232 1279 1282; x_wconf 78' lang='lat' dir='ltr'>libus,</span> <span class='ocrx_word' id='word_1_388' title='bbox 1297 1231 1459 1271; x_wconf 87' lang='lat' dir='ltr'>Tabulis</span> <span class='ocrx_word' id='word_1_389' title='bbox 1475 1230 1740 1282; x_wconf 85' lang='lat' dir='ltr'>genealogicis</span> <span class='ocrx_word' id='word_1_390' title='bbox 1756 1231 1797 1267; x_wconf 89' lang='lat' dir='ltr'>et</span> <span class='ocrx_word' id='word_1_391' title='bbox 1813 1228 1942 1268; x_wconf 86' lang='lat' dir='ltr'>indice</span> <span class='ocrx_word' id='word_1_392' title='bbox 1957 1229 2129 1279; x_wconf 90' lang='lat' dir='ltr'>copioso.</span> 
     </span>
     <span class='ocr_line' id='line_1_69' title="bbox 1164 1289 2132 1342; baseline -0.006 -7"><span class='ocrx_word' id='word_1_393' title='bbox 1164 1295 1399 1335; x_wconf 90' lang='lat' dir='ltr'>Helmstadii</span> <span class='ocrx_word' id='word_1_394' title='bbox 1420 1292 1535 1333; x_wconf 86' lang='lat'>4667.</span> <span class='ocrx_word' id='word_1_395' title='bbox 1559 1294 1594 1332; x_wconf 72' lang='lat'>4.</span> <span class='ocrx_word' id='word_1_396' title='bbox 1624 1293 1806 1342; x_wconf 87' lang='lat' dir='ltr'>Denique</span> <span class='ocrx_word' id='word_1_397' title='bbox 1831 1291 2017 1331; x_wconf 82' lang='lat' dir='ltr'>laudatus</span> <span class='ocrx_word' id='word_1_398' title='bbox 2046 1289 2132 1329; x_wconf 75' lang='lat' dir='ltr'>Lei-</span> 
     </span>
     <span class='ocr_line' id='line_1_70' title="bbox 1165 1356 2131 1405; baseline -0.005 -9"><span class='ocrx_word' id='word_1_399' title='bbox 1165 1356 1313 1396; x_wconf 81' lang='lat' dir='ltr'>bnitius</span> <span class='ocrx_word' id='word_1_400' title='bbox 1330 1357 1585 1396; x_wconf 83' lang='lat' dir='ltr'>Dithmarum</span> <span class='ocrx_word' id='word_1_401' title='bbox 1616 1356 1874 1405; x_wconf 88' lang='lat' dir='ltr'>restitutum,</span> <span class='ocrx_word' id='word_1_402' title='bbox 1895 1358 1978 1393; x_wconf 86' lang='lat' dir='ltr'>toto</span> <span class='ocrx_word' id='word_1_403' title='bbox 2004 1364 2131 1404; x_wconf 90' lang='lat' dir='ltr'>paene</span> 
     </span>
     <span class='ocr_line' id='line_1_71' title="bbox 1164 1416 2131 1473; baseline -0.008 -12"><span class='ocrx_word' id='word_1_404' title='bbox 1164 1420 1253 1473; x_wconf 81' lang='lat' dir='ltr'>ejus</span> <span class='ocrx_word' id='word_1_405' title='bbox 1289 1423 1483 1460; x_wconf 77' lang='lat' dir='ltr'>contextu</span> <span class='ocrx_word' id='word_1_406' title='bbox 1512 1430 1563 1458; x_wconf 81' lang='lat' dir='ltr'>ex</span> <span class='ocrx_word' id='word_1_407' title='bbox 1590 1419 1669 1457; x_wconf 83' lang='lat' dir='ltr'>MS.</span> <span class='ocrx_word' id='word_1_408' title='bbox 1700 1417 1806 1468; x_wconf 89' lang='lat' dir='ltr'>quod</span> <span class='ocrx_word' id='word_1_409' title='bbox 1836 1416 2131 1468; x_wconf 86' lang='lat' dir='ltr'>Papebrochius</span> 
     </span>
     <span class='ocr_line' id='line_1_72' title="bbox 1165 1479 2133 1525; baseline -0.007 -2"><span class='ocrx_word' id='word_1_410' title='bbox 1165 1496 1259 1525; x_wconf 89' lang='lat' dir='ltr'>cum</span> <span class='ocrx_word' id='word_1_411' title='bbox 1283 1484 1348 1522; x_wconf 90' lang='lat' dir='ltr'>illo</span> <span class='ocrx_word' id='word_1_412' title='bbox 1368 1483 1697 1522; x_wconf 89' lang='lat' dir='ltr'>comunicaverat</span> <span class='ocrx_word' id='word_1_413' title='bbox 1723 1479 1936 1520; x_wconf 90' lang='lat' dir='ltr'>emendato</span> <span class='ocrx_word' id='word_1_414' title='bbox 1956 1483 1997 1517; x_wconf 87' lang='lat' dir='ltr'>et</span> <span class='ocrx_word' id='word_1_415' title='bbox 2025 1479 2133 1517; x_wconf 91' lang='lat' dir='ltr'>lacu-</span> 
     </span>
     <span class='ocr_line' id='line_1_73' title="bbox 1168 1541 2133 1599; baseline -0.008 -12"><span class='ocrx_word' id='word_1_416' title='bbox 1168 1549 1229 1587; x_wconf 87' lang='lat' dir='ltr'>nis</span> <span class='ocrx_word' id='word_1_417' title='bbox 1251 1546 1480 1599; x_wconf 84' lang='lat' dir='ltr'>ingentibus</span> <span class='ocrx_word' id='word_1_418' title='bbox 1500 1544 1672 1596; x_wconf 77' lang='lat' dir='ltr'>expletis</span> <span class='ocrx_word' id='word_1_419' title='bbox 1696 1543 2014 1594; x_wconf 88' lang='lat' dir='ltr'>redintegratum</span> <span class='ocrx_word' id='word_1_420' title='bbox 2044 1541 2133 1579; x_wconf 77' lang='lat' dir='ltr'>vul-</span> 
     </span>
     <span class='ocr_line' id='line_1_74' title="bbox 1165 1604 2129 1663; baseline -0.009 -13"><span class='ocrx_word' id='word_1_421' title='bbox 1165 1611 1276 1663; x_wconf 86' lang='lat' dir='ltr'>gavit</span> <span class='ocrx_word' id='word_1_422' title='bbox 1295 1614 1391 1648; x_wconf 91' lang='lat' dir='ltr'>tom.</span> <span class='ocrx_word' id='word_1_423' title='bbox 1426 1609 1462 1647; x_wconf 82' lang='lat'>4.</span> <span class='ocrx_word' id='word_1_424' title='bbox 1500 1608 1740 1658; x_wconf 89' lang='lat' dir='ltr'>scriptorum</span> <span class='ocrx_word' id='word_1_425' title='bbox 1770 1604 2129 1644; x_wconf 90' lang='lat' dir='ltr'>Brunsvicensium</span> 
     </span>
     <span class='ocr_line' id='line_1_75' title="bbox 1167 1665 2133 1725; baseline -0.01 -12"><span class='ocrx_word' id='word_1_426' title='bbox 1167 1685 1255 1725; x_wconf 89' lang='lat' dir='ltr'>pag.</span> <span class='ocrx_word' id='word_1_427' title='bbox 1293 1672 1383 1712; x_wconf 74' lang='lat'>323.</span> <span class='ocrx_word' id='word_1_428' title='bbox 1424 1671 1658 1710; x_wconf 88' lang='lat' dir='ltr'>Hanoverae</span> <span class='ocrx_word' id='word_1_429' title='bbox 1680 1666 1796 1708; x_wconf 89' lang='grc'>1707.</span> <span class='ocrx_word' id='word_1_430' title='bbox 1823 1667 1886 1706; x_wconf 83' lang='lat' dir='ltr'>fol.</span> <span class='ocrx_word' id='word_1_431' title='bbox 1922 1667 1968 1705; x_wconf 92' lang='lat' dir='ltr'>In</span> <span class='ocrx_word' id='word_1_432' title='bbox 1992 1665 2133 1704; x_wconf 80' lang='lat' dir='ltr'>eodem</span> 
     </span>
     <span class='ocr_line' id='line_1_76' title="bbox 1168 1730 2134 1786; baseline -0.009 -12"><span class='ocrx_word' id='word_1_433' title='bbox 1168 1741 1276 1774; x_wconf 86' lang='lat' dir='ltr'>tomo</span> <span class='ocrx_word' id='word_1_434' title='bbox 1306 1747 1343 1786; x_wconf 93' lang='lat' dir='ltr'>p.</span> <span class='ocrx_word' id='word_1_435' title='bbox 1375 1733 1491 1774; x_wconf 87' lang='grc'>1005.</span> <span class='ocrx_word' id='word_1_436' title='bbox 1523 1732 1637 1771; x_wconf 91' lang='grc'>1006.</span> <span class='ocrx_word' id='word_1_437' title='bbox 1671 1732 1813 1771; x_wconf 88' lang='lat' dir='ltr'>Variae</span> <span class='ocrx_word' id='word_1_438' title='bbox 1843 1730 2053 1768; x_wconf 90' lang='lat' dir='ltr'>Lectiones</span> <span class='ocrx_word' id='word_1_439' title='bbox 2094 1732 2134 1766; x_wconf 85' lang='lat' dir='ltr'>et</span> 
     </span>
     <span class='ocr_line' id='line_1_77' title="bbox 1165 1795 2134 1839; baseline -0.009 -1"><span class='ocrx_word' id='word_1_440' title='bbox 1165 1797 1469 1839; x_wconf 87' lang='lat' dir='ltr'>emendationes</span> <span class='ocrx_word' id='word_1_441' title='bbox 1491 1796 1659 1834; x_wconf 91' lang='lat' dir='ltr'>Ditmari</span> <span class='ocrx_word' id='word_1_442' title='bbox 1681 1795 1812 1833; x_wconf 90' lang='lat' dir='ltr'>serius</span> <span class='ocrx_word' id='word_1_443' title='bbox 1831 1795 2044 1832; x_wconf 85' lang='lat' dir='ltr'>annotatae</span> <span class='ocrx_word' id='word_1_444' title='bbox 2065 1802 2134 1829; x_wconf 78' lang='lat' dir='ltr'>ex—</span> 
     </span>
     <span class='ocr_line' id='line_1_78' title="bbox 1169 1853 2134 1905; baseline -0.009 -6"><span class='ocrx_word' id='word_1_445' title='bbox 1169 1860 1370 1900; x_wconf 89' lang='lat' dir='ltr'>hibentur.</span> <span class='ocrx_word' id='word_1_446' title='bbox 1396 1858 1512 1896; x_wconf 83' lang='lat' dir='ltr'>Hunc</span> <span class='ocrx_word' id='word_1_447' title='bbox 1531 1856 1778 1903; x_wconf 72' lang='lat' dir='ltr'>Ditmamcm,</span> <span class='ocrx_word' id='word_1_448' title='bbox 1803 1855 1952 1905; x_wconf 88' lang='lat' dir='ltr'>inquit,</span> <span class='ocrx_word' id='word_1_449' title='bbox 1969 1853 2045 1892; x_wconf 85' lang='lat' dir='ltr'>etsi</span> <span class='ocrx_word' id='word_1_450' title='bbox 2064 1861 2134 1890; x_wconf 79' lang='lat' dir='ltr'>ru-</span> 
     </span>
     <span class='ocr_line' id='line_1_79' title="bbox 1163 1914 2134 1973; baseline -0.011 -11"><span class='ocrx_word' id='word_1_451' title='bbox 1163 1923 1251 1962; x_wconf 88' lang='lat' dir='ltr'>dem</span> <span class='ocrx_word' id='word_1_452' title='bbox 1270 1919 1370 1973; x_wconf 75' lang='lat' dir='ltr'>stylo</span> <span class='ocrx_word' id='word_1_453' title='bbox 1393 1923 1432 1959; x_wconf 83' lang='lat' dir='ltr'>ct</span> <span class='ocrx_word' id='word_1_454' title='bbox 1461 1916 1811 1958; x_wconf 79' lang='lat' dir='ltr'>obscuriusculum</span> <span class='ocrx_word' id='word_1_455' title='bbox 1839 1914 2008 1955; x_wconf 77' lang='lat' dir='ltr'>subinde</span> <span class='ocrx_word' id='word_1_456' title='bbox 2031 1914 2134 1953; x_wconf 81' lang='lat' dir='ltr'>scri-</span> 
     </span>
     <span class='ocr_line' id='line_1_80' title="bbox 1158 1975 2145 2038; baseline -0.011 -14"><span class='ocrx_word' id='word_1_457' title='bbox 1158 1989 1327 2038; x_wconf 80' lang='lat' dir='ltr'>ptorem,</span> <span class='ocrx_word' id='word_1_458' title='bbox 1349 1981 1490 2021; x_wconf 84' lang='lat' dir='ltr'>merito</span> <span class='ocrx_word' id='word_1_459' title='bbox 1513 1981 1553 2019; x_wconf 80' lang='lat' dir='ltr'>in</span> <span class='ocrx_word' id='word_1_460' title='bbox 1567 1979 1700 2032; x_wconf 75' lang='lat' dir='ltr'>pretio</span> <span class='ocrx_word' id='word_1_461' title='bbox 1721 1977 1924 2025; x_wconf 75' lang='lat' dir='ltr'>habemus,</span> <span class='ocrx_word' id='word_1_462' title='bbox 1945 1975 2051 2028; x_wconf 82' lang='lat' dir='ltr'>quod</span> <span class='ocrx_word' id='word_1_463' title='bbox 2065 1980 2145 2014; x_wconf 83' lang='lat' dir='ltr'>res&#39;</span> 
     </span>
     <span class='ocr_line' id='line_1_81' title="bbox 1163 2037 2136 2098; baseline -0.01 -12"><span class='ocrx_word' id='word_1_464' title='bbox 1163 2047 1230 2087; x_wconf 78' lang='lat' dir='ltr'>sui</span> <span class='ocrx_word' id='word_1_465' title='bbox 1252 2044 1440 2098; x_wconf 70' lang='lat' dir='ltr'>tempoms</span> <span class='ocrx_word' id='word_1_466' title='bbox 1467 2055 1595 2096; x_wconf 82' lang='lat' dir='ltr'>paene</span> <span class='ocrx_word' id='word_1_467' title='bbox 1619 2042 1728 2082; x_wconf 78' lang='lat' dir='ltr'>solas</span> <span class='ocrx_word' id='word_1_468' title='bbox 1753 2040 1928 2093; x_wconf 79' lang='lat' dir='ltr'>posteris</span> <span class='ocrx_word' id='word_1_469' title='bbox 1967 2037 2136 2077; x_wconf 77' lang='lat' dir='ltr'>tradi&#39;dit</span> 
     </span>
     <span class='ocr_line' id='line_1_82' title="bbox 1164 2101 2134 2161; baseline -0.009 -12"><span class='ocrx_word' id='word_1_470' title='bbox 1164 2122 1220 2149; x_wconf 68' lang='lat' dir='ltr'>eac</span> <span class='ocrx_word' id='word_1_471' title='bbox 1239 2107 1340 2161; x_wconf 80' lang='lat' dir='ltr'>fide:</span> <span class='ocrx_word' id='word_1_472' title='bbox 1356 2106 1630 2160; x_wconf 76' lang='lat' dir='ltr'>periti&#39;sszmus</span> <span class='ocrx_word' id='word_1_473' title='bbox 1662 2114 1922 2155; x_wconf 81' lang='lat' dir='ltr'>eorumquae</span> <span class='ocrx_word' id='word_1_474' title='bbox 1959 2101 2134 2154; x_wconf 75' lang='lat' dir='ltr'>sciipset.</span> 
     </span>
     <span class='ocr_line' id='line_1_83' title="bbox 1164 2165 2136 2223; baseline -0.008 -13"><span class='ocrx_word' id='word_1_475' title='bbox 1164 2172 1305 2223; x_wconf 83' lang='lat' dir='ltr'>Itaque</span> <span class='ocrx_word' id='word_1_476' title='bbox 1319 2168 1503 2209; x_wconf 79' lang='lat' dir='ltr'>Andreas</span> <span class='ocrx_word' id='word_1_477' title='bbox 1518 2170 1760 2207; x_wconf 76' lang='lat' dir='ltr'>Brunnerus</span> <span class='ocrx_word' id='word_1_478' title='bbox 1776 2165 1916 2204; x_wconf 84' lang='lat' dir='ltr'>merito</span> <span class='ocrx_word' id='word_1_479' title='bbox 1932 2176 2029 2218; x_wconf 81' lang='lat' dir='ltr'>opus</span> <span class='ocrx_word' id='word_1_480' title='bbox 2050 2165 2136 2216; x_wconf 78' lang='lat' dir='ltr'>ejus</span> 
     </span>
     <span class='ocr_line' id='line_1_84' title="bbox 1165 2226 2136 2280; baseline -0.009 -7"><span class='ocrx_word' id='word_1_481' title='bbox 1165 2235 1331 2274; x_wconf 88' lang='lat' dir='ltr'>unicum</span> <span class='ocrx_word' id='word_1_482' title='bbox 1357 2234 1419 2271; x_wconf 83' lang='lat' dir='ltr'>sui</span> <span class='ocrx_word' id='word_1_483' title='bbox 1441 2232 1530 2270; x_wconf 86' lang='lat' dir='ltr'>aevi</span> <span class='ocrx_word' id='word_1_484' title='bbox 1564 2231 1803 2269; x_wconf 84' lang='lat' dir='ltr'>thesaurum</span> <span class='ocrx_word' id='word_1_485' title='bbox 1836 2226 2013 2280; x_wconf 83' lang='lat' dir='ltr'>appellat</span> <span class='ocrx_word' id='word_1_486' title='bbox 2038 2227 2136 2265; x_wconf 75' lang='lat' dir='ltr'>(ier-</span> 
     </span>
     <span class='ocr_line' id='line_1_85' title="bbox 1164 2288 2136 2347; baseline -0.009 -11"><span class='ocrx_word' id='word_1_487' title='bbox 1164 2297 1319 2336; x_wconf 85' lang='lat' dir='ltr'>manica</span> <span class='ocrx_word' id='word_1_488' title='bbox 1341 2294 1501 2347; x_wconf 77' lang='lat' dir='ltr'>quidem</span> <span class='ocrx_word' id='word_1_489' title='bbox 1515 2326 1524 2342; x_wconf 87' lang='lat'>,</span> <span class='ocrx_word' id='word_1_490' title='bbox 1544 2297 1583 2332; x_wconf 89' lang='lat' dir='ltr'>et</span> <span class='ocrx_word' id='word_1_491' title='bbox 1595 2295 1700 2332; x_wconf 85' lang='lat' dir='ltr'>certe</span> <span class='ocrx_word' id='word_1_492' title='bbox 1722 2293 1920 2331; x_wconf 79' lang='lat' dir='ltr'>Saxonica</span> <span class='ocrx_word' id='word_1_493' title='bbox 1938 2288 2136 2342; x_wconf 78' lang='lat' dir='ltr'>pleraque</span> 
     </span>
     <span class='ocr_line' id='line_1_86' title="bbox 1166 2352 2138 2410; baseline -0.007 -13"><span class='ocrx_word' id='word_1_494' title='bbox 1166 2358 1250 2398; x_wconf 80' lang='lat' dir='ltr'>sine</span> <span class='ocrx_word' id='word_1_495' title='bbox 1276 2357 1359 2410; x_wconf 83' lang='lat' dir='ltr'>ipso</span> <span class='ocrx_word' id='word_1_496' title='bbox 1385 2356 1676 2408; x_wconf 63' lang='lat' dir='ltr'>zynoraremus.</span> <span class='ocrx_word' id='word_1_497' title='bbox 1698 2355 1886 2394; x_wconf 87' lang='lat' dir='ltr'>Misnicas</span> <span class='ocrx_word' id='word_1_498' title='bbox 1920 2352 2138 2403; x_wconf 80' lang='lat' dir='ltr'>antiquita-</span> 
     </span>
     <span class='ocr_line' id='line_1_87' title="bbox 1168 2413 2139 2471; baseline -0.008 -12"><span class='ocrx_word' id='word_1_499' title='bbox 1168 2424 1223 2460; x_wconf 85' lang='lat' dir='ltr'>tes</span> <span class='ocrx_word' id='word_1_500' title='bbox 1245 2431 1357 2459; x_wconf 76' lang='lat' dir='ltr'>nemo</span> <span class='ocrx_word' id='word_1_501' title='bbox 1378 2419 1461 2471; x_wconf 84' lang='lat' dir='ltr'>ipso</span> <span class='ocrx_word' id='word_1_502' title='bbox 1483 2416 1723 2456; x_wconf 79' lang='lat' dir='ltr'>luculentius</span> <span class='ocrx_word' id='word_1_503' title='bbox 1749 2415 1866 2455; x_wconf 83' lang='lat' dir='ltr'>dedit.</span> <span class='ocrx_word' id='word_1_504' title='bbox 1901 2413 2018 2454; x_wconf 84' lang='lat' dir='ltr'>Urbis</span> <span class='ocrx_word' id='word_1_505' title='bbox 2048 2416 2139 2465; x_wconf 87' lang='lat' dir='ltr'>Lip-</span> 
     </span>
     <span class='ocr_line' id='line_1_88' title="bbox 1167 2476 2138 2534; baseline -0.008 -12"><span class='ocrx_word' id='word_1_506' title='bbox 1167 2485 1269 2532; x_wconf 79' lang='lat' dir='ltr'>siae,</span> <span class='ocrx_word' id='word_1_507' title='bbox 1286 2481 1450 2534; x_wconf 77' lang='lat' dir='ltr'>patriae</span> <span class='ocrx_word' id='word_1_508' title='bbox 1481 2492 1618 2530; x_wconf 82' lang='lat' dir='ltr'>meae,</span> <span class='ocrx_word' id='word_1_509' title='bbox 1644 2478 1822 2518; x_wconf 77' lang='lat' dir='ltr'>meminit</span> <span class='ocrx_word' id='word_1_510' title='bbox 1851 2477 2025 2516; x_wconf 71' lang='lat' dir='ltr'>omnium</span> <span class='ocrx_word' id='word_1_511' title='bbox 2048 2476 2138 2527; x_wconf 80' lang='lat' dir='ltr'>pri-</span> 
     </span>
     <span class='ocr_line' id='line_1_89' title="bbox 1166 2538 2131 2590; baseline -0.009 -6"><span class='ocrx_word' id='word_1_512' title='bbox 1166 2555 1280 2584; x_wconf 84' lang='lat' dir='ltr'>mus:</span> <span class='ocrx_word' id='word_1_513' title='bbox 1320 2547 1358 2583; x_wconf 86' lang='lat' dir='ltr'>et</span> <span class='ocrx_word' id='word_1_514' title='bbox 1384 2544 1548 2583; x_wconf 87' lang='lat' dir='ltr'>Silesiae</span> <span class='ocrx_word' id='word_1_515' title='bbox 1579 2543 1724 2590; x_wconf 82' lang='lat' dir='ltr'>etiam,</span> <span class='ocrx_word' id='word_1_516' title='bbox 1760 2538 1834 2579; x_wconf 81' lang='lat' dir='ltr'>sub</span> <span class='ocrx_word' id='word_1_517' title='bbox 1863 2539 2017 2578; x_wconf 74' lang='lat' dir='ltr'>nomine</span> <span class='ocrx_word' id='word_1_518' title='bbox 2041 2540 2131 2589; x_wconf 86' lang='lat' dir='ltr'>pagi</span> 
     </span>
     <span class='ocr_line' id='line_1_90' title="bbox 1169 2602 2138 2650; baseline -0.009 -3"><span class='ocrx_word' id='word_1_519' title='bbox 1169 2609 1349 2648; x_wconf 87' lang='lat' dir='ltr'>Silensis.</span> <span class='ocrx_word' id='word_1_520' title='bbox 1371 2605 1480 2645; x_wconf 84' lang='lat' dir='ltr'>Idem</span> <span class='ocrx_word' id='word_1_521' title='bbox 1501 2605 1548 2644; x_wconf 89' lang='lat' dir='ltr'>de</span> <span class='ocrx_word' id='word_1_522' title='bbox 1569 2605 1756 2650; x_wconf 85' lang='lat' dir='ltr'>Slavicis,</span> <span class='ocrx_word' id='word_1_523' title='bbox 1788 2603 1998 2645; x_wconf 75' lang='lat' dir='ltr'>polonicis,</span> <span class='ocrx_word' id='word_1_524' title='bbox 2031 2602 2138 2640; x_wconf 86' lang='lat' dir='ltr'>Hun-</span> 
     </span>
     <span class='ocr_line' id='line_1_91' title="bbox 1169 2663 2135 2723; baseline -0.01 -13"><span class='ocrx_word' id='word_1_525' title='bbox 1169 2671 1395 2723; x_wconf 87' lang='lat' dir='ltr'>garicisque</span> <span class='ocrx_word' id='word_1_526' title='bbox 1420 2666 1627 2706; x_wconf 81' lang='lat' dir='ltr'>dicendum</span> <span class='ocrx_word' id='word_1_527' title='bbox 1649 2669 1708 2704; x_wconf 86' lang='lat' dir='ltr'>est</span> <span class='ocrx_word' id='word_1_528' title='bbox 1725 2663 1948 2704; x_wconf 80' lang='lat' dir='ltr'>Historiam</span> <span class='ocrx_word' id='word_1_529' title='bbox 1964 2666 2135 2701; x_wconf 82' lang='lat' dir='ltr'>veterem</span> 
     </span>
     <span class='ocr_line' id='line_1_92' title="bbox 1170 2723 2137 2782; baseline -0.007 -11"><span class='ocrx_word' id='word_1_530' title='bbox 1170 2743 1312 2771; x_wconf 80' lang='lat' dir='ltr'>earum</span> <span class='ocrx_word' id='word_1_531' title='bbox 1334 2730 1511 2782; x_wconf 67' lang='lat' dir='ltr'>yentium</span> <span class='ocrx_word' id='word_1_532' title='bbox 1528 2728 1614 2768; x_wconf 83' lang='lat' dir='ltr'>sine</span> <span class='ocrx_word' id='word_1_533' title='bbox 1632 2727 1815 2766; x_wconf 84' lang='lat' dir='ltr'>Ditmaro</span> <span class='ocrx_word' id='word_1_534' title='bbox 1834 2736 2020 2764; x_wconf 76' lang='lat' dir='ltr'>mancam</span> <span class='ocrx_word' id='word_1_535' title='bbox 2037 2723 2137 2777; x_wconf 82' lang='lat' dir='ltr'>sore.</span> 
     </span>
     <span class='ocr_line' id='line_1_93' title="bbox 1170 2785 2138 2845; baseline -0.008 -13"><span class='ocrx_word' id='word_1_536' title='bbox 1170 2795 1223 2832; x_wconf 89' lang='lat' dir='ltr'>Et</span> <span class='ocrx_word' id='word_1_537' title='bbox 1236 2804 1340 2845; x_wconf 83' lang='lat' dir='ltr'>prae</span> <span class='ocrx_word' id='word_1_538' title='bbox 1372 2791 1432 2830; x_wconf 81' lang='lat' dir='ltr'>his</span> <span class='ocrx_word' id='word_1_539' title='bbox 1459 2801 1563 2843; x_wconf 86' lang='lat' dir='ltr'>quae</span> <span class='ocrx_word' id='word_1_540' title='bbox 1597 2788 1661 2828; x_wconf 85' lang='lat' dir='ltr'>ille</span> <span class='ocrx_word' id='word_1_541' title='bbox 1685 2787 1879 2835; x_wconf 82' lang='lat' dir='ltr'>tradidit,</span> <span class='ocrx_word' id='word_1_542' title='bbox 1901 2785 2018 2825; x_wconf 80' lang='lat' dir='ltr'>nihili</span> <span class='ocrx_word' id='word_1_543' title='bbox 2044 2791 2138 2826; x_wconf 75' lang='lat' dir='ltr'>sunt</span> 
     </span>
     <span class='ocr_line' id='line_1_94' title="bbox 1175 2848 2133 2908; baseline -0.009 -14"><span class='ocrx_word' id='word_1_544' title='bbox 1175 2865 1439 2908; x_wconf 82' lang='lat' dir='ltr'>quaecunque</span> <span class='ocrx_word' id='word_1_545' title='bbox 1459 2852 1506 2891; x_wconf 87' lang='lat' dir='ltr'>de</span> <span class='ocrx_word' id='word_1_546' title='bbox 1530 2863 1602 2892; x_wconf 86' lang='lat' dir='ltr'>suo</span> <span class='ocrx_word' id='word_1_547' title='bbox 1625 2851 1776 2903; x_wconf 81' lang='lat' dir='ltr'>offerre</span> <span class='ocrx_word' id='word_1_548' title='bbox 1795 2851 1962 2900; x_wconf 77' lang='lat' dir='ltr'>possunt</span> <span class='ocrx_word' id='word_1_549' title='bbox 1977 2848 2133 2890; x_wconf 84' lang='lat' dir='ltr'>Poloni</span> 
     </span>
     <span class='ocr_line' id='line_1_95' title="bbox 1170 2913 1685 2969; baseline -0.012 -12"><span class='ocrx_word' id='word_1_550' title='bbox 1170 2929 1237 2957; x_wconf 88' lang='lat' dir='ltr'>ser</span> <span class='ocrx_word' id='word_1_551' title='bbox 1242 2928 1306 2956; x_wconf 74' lang='lat' dir='ltr'>ius</span> <span class='ocrx_word' id='word_1_552' title='bbox 1331 2915 1545 2969; x_wconf 82' lang='lat' dir='ltr'>scriptores</span> <span class='ocrx_word' id='word_1_553' title='bbox 1568 2913 1685 2953; x_wconf 72' lang='lat' dir='ltr'>nacti.</span> 
     </span>
    </p>

    <p class='ocr_par' dir='ltr' id='par_1_15' title="bbox 1169 2972 2136 3156">
     <span class='ocr_line' id='line_1_96' title="bbox 1228 2972 2136 3025; baseline -0.01 -5"><span class='ocrx_word' id='word_1_554' title='bbox 1228 2978 1452 3020; x_wconf 79' lang='lat' dir='ltr'>Chronicon</span> <span class='ocrx_word' id='word_1_555' title='bbox 1470 2977 1694 3018; x_wconf 88' lang='lat' dir='ltr'>Monasterii</span> <span class='ocrx_word' id='word_1_556' title='bbox 1717 2976 1756 3014; x_wconf 91' lang='lat' dir='ltr'>S.</span> <span class='ocrx_word' id='word_1_557' title='bbox 1785 2975 1906 3025; x_wconf 71' lang='lat' dir='ltr'>Benig</span> <span class='ocrx_word' id='word_1_558' title='bbox 1893 2974 1949 3011; x_wconf 89' lang='lat' dir='ltr'>ni</span> <span class='ocrx_word' id='word_1_559' title='bbox 1978 2973 2062 3012; x_wconf 70' lang='lat' dir='ltr'>Du</span> <span class='ocrx_word' id='word_1_560' title='bbox 2067 2972 2136 3011; x_wconf 86' lang='lat'>10</span> 
     </span>
     <span class='ocr_line' id='line_1_97' title="bbox 1170 3036 2133 3090; baseline -0.011 -8"><span class='ocrx_word' id='word_1_561' title='bbox 1170 3042 1363 3082; x_wconf 86' lang='lat' dir='ltr'>NENSIS.</span> <span class='ocrx_word' id='word_1_562' title='bbox 1393 3040 1491 3080; x_wconf 89' lang='lat' dir='ltr'>Vide</span> <span class='ocrx_word' id='word_1_563' title='bbox 1522 3050 1666 3090; x_wconf 87' lang='lat' dir='ltr'>supra,</span> <span class='ocrx_word' id='word_1_564' title='bbox 1698 3036 1926 3082; x_wconf 88' lang='lat' dir='ltr'>BENIGNl,</span> <span class='ocrx_word' id='word_1_565' title='bbox 1958 3040 2052 3074; x_wconf 85' lang='lat' dir='ltr'>tom.</span> <span class='ocrx_word' id='word_1_566' title='bbox 2088 3036 2133 3074; x_wconf 93' lang='grc'>1.</span> 
     </span>
     <span class='ocr_line' id='line_1_98' title="bbox 1169 3104 1371 3156; baseline -0.015 -12"><span class='ocrx_word' id='word_1_567' title='bbox 1169 3116 1256 3156; x_wconf 89' lang='lat' dir='ltr'>pag.</span> <span class='ocrx_word' id='word_1_568' title='bbox 1282 3104 1371 3142; x_wconf 82' lang='lat'>493.</span> 
     </span>
    </p>

    <p class='ocr_par' dir='ltr' id='par_1_16' title="bbox 1169 3160 2133 3274">
     <span class='ocr_line' id='line_1_99' title="bbox 1223 3160 2133 3215; baseline -0.003 -12"><span class='ocrx_word' id='word_1_569' title='bbox 1223 3163 1340 3204; x_wconf 85' lang='lat' dir='ltr'>Liber</span> <span class='ocrx_word' id='word_1_570' title='bbox 1359 3163 1605 3215; x_wconf 80' lang='lat' dir='ltr'>Pontificium</span> <span class='ocrx_word' id='word_1_571' title='bbox 1622 3194 1631 3211; x_wconf 82' lang='lat'>,</span> <span class='ocrx_word' id='word_1_572' title='bbox 1651 3161 1723 3213; x_wconf 78' lang='lat' dir='ltr'>qui</span> <span class='ocrx_word' id='word_1_573' title='bbox 1737 3160 1886 3199; x_wconf 79' lang='lat' dir='ltr'>dicitur</span> <span class='ocrx_word' id='word_1_574' title='bbox 1902 3160 2133 3209; x_wconf 79' lang='lat' dir='ltr'>DIURN&#39;US,</span> 
     </span>
     <span class='ocr_line' id='line_1_100' title="bbox 1169 3224 2130 3274; baseline -0.004 -6"><span class='ocrx_word' id='word_1_575' title='bbox 1169 3227 1354 3268; x_wconf 88' lang='lat' dir='ltr'>laudatur</span> <span class='ocrx_word' id='word_1_576' title='bbox 1376 3227 1424 3266; x_wconf 85' lang='lat' dir='ltr'>ab</span> <span class='ocrx_word' id='word_1_577' title='bbox 1441 3227 1563 3264; x_wconf 85' lang='lat' dir='ltr'>lvone</span> <span class='ocrx_word' id='word_1_578' title='bbox 1585 3224 1824 3264; x_wconf 77' lang='lat' dir='ltr'>Carnotensi</span> <span class='ocrx_word' id='word_1_579' title='bbox 1845 3224 1970 3274; x_wconf 78' lang='lat' dir='ltr'>Epist.</span> <span class='ocrx_word' id='word_1_580' title='bbox 1995 3224 2056 3263; x_wconf 88' lang='grc'>60.</span> <span class='ocrx_word' id='word_1_581' title='bbox 2082 3226 2130 3264; x_wconf 83' lang='lat' dir='ltr'>ad</span> 
     </span>
    </p>
   </div>
   <div class='ocr_carea' id='block_1_11' title="bbox 1164 3368 1503 3407">
    <p class='ocr_par' dir='ltr' id='par_1_17' title="bbox 1164 3368 1503 3407">
     <span class='ocr_line' id='line_1_101' title="bbox 1164 3368 1503 3407; baseline -0.006 -6"><span class='ocrx_word' id='word_1_582' title='bbox 1164 3370 1339 3403; x_wconf 68' lang='lat' dir='ltr'>burgensis</span> <span class='ocrx_word' id='word_1_583' title='bbox 1359 3376 1433 3407; x_wconf 71' lang='lat' dir='ltr'>pag.</span> <span class='ocrx_word' id='word_1_584' title='bbox 1453 3368 1503 3399; x_wconf 68' lang='lat'>³273.</span> 
     </span>
    </p>
   </div>
  </div>
 </body>
</html>
