2500 3841
889 220 1359 263 FRiDEithth

135 299 300 326 snerum
316 286 457 337 ejusve
474 290 786 340 continuatores,
804 293 1094 333 Lexicorumve

133 353 317 389 auctores
341 348 619 390 historicorum
633 354 799 403 repperi,
817 365 946 404 neque
964 356 1092 405 ipsum

135 411 296 449 memini
312 421 374 448 me.
386 410 671 459 videre,utnon
689 414 838 454 editum
854 417 1092 455 existimem.

187 471 496 511 FRIDERICUS
522 473 842 525 Erlenbaeensis,
866 479 1026 526 Franco,
1043 490 1091 517 cx

91 526 93 528 ’
135 533 363 573 Professore
391 536 597 586 Lipsiensi,
629 537 693 576 ubi
723 537 950 577 Aristotelis
975 540 1093 577 libros

135 596 424 646 interpretatus
449 597 603 644 fuerat,
628 598 882 638 Guardianus
906 600 1093 639 Chemni-

131 658 290 702 censis,
324 657 486 697 Ordinis
515 660 708 699 Minorum
749 660 823 699 An.
851 662 966 700 4398.
994 662 1090 700 Huic

135 720 173 756 in
189 721 372 758 centuria
390 722 629 772 scriptorum
645 734 667 761 a
686 723 842 761 Madero
858 723 962 762 edita
979 735 1088 762 num.

132 781 268 828 XLIV,
279 781 510 822 tribuuntur
525 783 600 822 hae
613 784 909 823 lucubrationes
926 799 934 823 :
954 785 1092 835 Eoepo-

132 841 221 880 sitio
248 841 526 893 Epistolarum
549 843 677 883 Pauli.
704 846 750 883 In
772 850 946 897 quatuor
967 845 1089 885 libros

137 904 443 944 Sententiarum.
462 907 518 943 De
540 906 673 944 decem
693 907 935 959 Praeceptis.
956 909 1011 946 De
1032 919 1089 946 se-

128 969 238 1016 ptem
256 965 377 1004 vitiis.
404 967 460 1004 De
479 966 618 1005 ordine
641 979 785 1006 rerum
817 969 1010 1008 Universi.
1036 970 1091 1007 De

133 1026 292 1066 excidio
321 1027 455 1079 oppidi
479 1027 761 1067 Hallensis.De
780 1034 869 1068 arte
894 1028 987 1068 bene
1011 1041 1092 1067 mo-

11 1103 12 1112 *
81 1102 85 1105 ·
134 1087 275 1127 riendi.
300 1090 512 1128 Sermones
538 1089 585 1128 de
611 1093 797 1142 tempore,
829 1091 876 1130 de
905 1091 1089 1139 Sanctis,

136 1148 372 1190 Collationes
400 1150 455 1190 ad
486 1150 671 1200 Clerum,
710 1152 1087 1204 Quadra-qesiniale,

138 1212 347 1252 Sermones
371 1212 446 1261 XX,
463 1224 584 1263 super
601 1213 720 1253 Salve
736 1214 961 1265 ReqinaDe
981 1215 1092 1253 niodo

138 1272 333 1312 studendi.
353 1274 409 1312 De
431 1274 542 1313 modo
569 1274 762 1327 loquendi.
788 1277 844 1315 De
867 1276 979 1315 modo
1003 1289 1092 1315 ver-

136 1335 328 1388 sificandi.
355 1335 495 1388 Eleyia
515 1337 562 1376 de
584 1337 739 1377 duobus
768 1338 1009 1378 amantibus.

190 1399 506 1438 FREDERICUS
535 1399 582 1438 de
605 1400 732 1449 Senis,
757 1401 1090 1448 Jurisconsultus,

136 1463 283 1500 Doctor
313 1461 574 1501 Decretorum
592 1493 603 1510 ,
628 1462 738 1501 Baldi
767 1464 800 1508 a)
836 1464 1093 1512 Praeceptor,

136 1523 204 1572 qui
234 1527 322 1562 tum
347 1523 386 1561 in
426 1523 519 1561 aliis
551 1523 686 1562 ltaliae
725 1523 978 1572 Academiis,
1009 1529 1095 1567 tum

136 1585 285 1624 Perusii
325 1583 460 1624 docuit
495 1586 598 1624 circa
642 1584 804 1624 Annum
844 1585 960 1625 4340.
999 1585 1098 1636 Ejus

146 1645 352 1696 Consilia,
390 1648 537 1686 Romae
563 1646 666 1686 4472
687 1677 696 1695 ,
721 1648 784 1686 fol.
809 1659 902 1686 curn
927 1652 1099 1686 tractatu

135 1708 185 1747 de
199 1709 493 1759 permutatione
508 1709 793 1748 beneficiorum
809 1709 856 1747 ad
876 1710 1090 1747 Dominum

142 1769 310 1810 LAPUM
349 1769 396 1808 de
427 1768 697 1819 Podioboniti,
723 1772 790 1821 qui
816 1771 908 1809 fecit
932 1770 1097 1808 additio-

138 1842 240 1880 nes,
271 1843 373 1882 quae
403 1836 501 1870 sunt
529 1833 760 1881 praemissis
795 1833 1096 1882 quaestionibus

137 1894 323 1932 insertae.

196 1954 218 1978 *
240 1953 477 1993 Fridericus
501 1954 548 1993 de
572 1955 686 1994 Senis
715 1954 848 1994 Abbas
872 1956 910 1994 S.
935 1956 1097 2007 Galgani

137 2018 351 2056 Tractatus
371 2016 420 2055 de
445 2029 580 2056 rerum
595 2019 887 2068 permutatione
911 2029 1003 2057 cum
1025 2017 1093 2056 ad-

138 2077 355 2116 ditionibus
371 2077 418 2116 ad
439 2078 589 2118 dictum
606 2082 820 2117 tractatum
839 2091 909 2129 per
923 2079 1094 2118 Alexan-

136 2139 255 2178 drum
293 2139 342 2178 de
376 2138 521 2178 Antola
559 2143 670 2178 extat
712 2141 751 2176 in
780 2141 858 2179 MS.
883 2141 976 2180 Cod.
1003 2142 1092 2181 224.

136 2200 321 2240 Biblioth.
343 2201 478 2240 Felini.
499 2202 543 2239 ln
568 2202 692 2240 altero
715 2203 864 2252 pariter
886 2202 1095 2241 chartaceo

137 2262 232 2302 Cod.
258 2263 337 2302 MS.
362 2275 400 2301 n.
428 2262 504 2302 400
529 2268 626 2302 sunt
656 2262 948 2313 disputationes
973 2275 1095 2314 quae-

143 2325 294 2363 stiones
317 2328 359 2363 et
382 2325 547 2363 consilia
568 2326 614 2363 D.
639 2324 824 2363 Friderici
848 2324 896 2363 de
928 2326 1043 2365 Senis
1064 2328 1099 2364 J.

139 2387 183 2426 V.
209 2387 254 2426 D.
279 2391 320 2425 et
343 2390 440 2425 sunt
463 2398 502 2425 n.
528 2387 618 2425 304.

193 2451 384 2489 Rematus
410 2447 658 2500 Profuturus
678 2448 994 2499 FRIGERIDUS,
1013 2451 1098 2488 sive

136 2511 464 2561 FRlGlREDUS,
495 2522 574 2550 non
605 2515 724 2550 notus
755 2512 828 2549 nisi
859 2523 908 2549 ex
951 2512 1099 2562 Grego-

138 2574 196 2612 rio
220 2574 444 2612 Turonensi
462 2604 473 2622 ,
513 2574 581 2624 qui
626 2573 691 2612 lib.
721 2574 744 2612 2
769 2573 954 2612 historiae
979 2575 1077 2612 Fran

138 2646 275 2674 corum
299 2646 385 2686 cap.
411 2637 435 2674 8
455 2636 647 2674 nonnulla
663 2635 784 2674 refert
808 2646 857 2673 ex
881 2634 969 2684 ejus
994 2633 1097 2673 libro

138 2695 366 2736 duodecimo
390 2696 605 2751 Historiae,
626 2696 675 2735 de
699 2696 819 2734 rebus
839 2695 885 2734 ad
913 2701 1092 2746 tempora

139 2759 362 2798 Valentiani
388 2759 452 2797 Ill.
478 2758 551 2797 An.
579 2759 655 2797 425
680 2763 719 2795 et
735 2769 824 2808 cap.
853 2758 874 2795 9
901 2757 949 2795 de
975 2759 1095 2796 Roma

140 2832 162 2860 a
191 2821 319 2860 Totila
347 2820 475 2860 Gotho
504 2825 618 2871 capta
648 2819 721 2858 An.
755 2820 843 2858 547.

194 2882 391 2922 Henrieus
421 2882 468 2922 de
496 2882 759 2929 FRIMARIA,
797 2883 882 2919 sive
928 2883 1097 2921 FRlME-

139 2945 250 2994 LlA,
287 2945 374 2984 aliis
403 2945 451 2984 de
485 2944 716 2992 Vri'maria,
751 2943 984 2985 ll'riinaria.
1013 2944 1098 2981 Vri-

142 3006 258 3046 mach
279 3036 288 3054 ,
313 3019 413 3058 pago
439 3007 679 3058 Thuringiae
697 3037 705 3052 ‚
746 3016 864 3055 prope
897 3005 1065 3043 Gotlinm
1086 3035 1092 3052 ,

141 3068 460 3120 Augustinianus
478 3068 612 3108 docuit
628 3068 797 3113 Parisiis,
813 3070 932 3115 atque
948 3066 1091 3104 exinde

139 3131 397 3170 Provincialis
413 3131 607 3170 Saxoniae
628 3134 667 3168 et
692 3131 846 3179 Regens
867 3127 1088 3166 studiorum

140 3192 327 3237 Coenobii
356 3194 579 3243 Pragensis,
606 3191 820 3229 defunctus
844 3191 1092 3238 octogenario

141 3255 298 3306 propior
325 3254 401 3293 An.
441 3255 555 3293 4340.
587 3253 752 3302 Scripsit
790 3250 836 3289 de
859 3250 1092 3289 discretione

197 3332 231 3371 a)
258 3332 481 3365 'thomasinus
504 3331 659 3370 Caiiogo
683 3333 762 3362 MsS.
787 3332 985 3360 vent—torum
1011 3337 1041 3366 p.
1066 3329 1097 3360 4.

2039 230 2116 267 013

1167 294 1408 346 spirituum,
1438 297 1523 334 sive
1557 296 1602 334 de
1632 296 1892 348 quadruplici
1926 298 2112 337 instinctu

1169 357 1306 395 'Dixino
1322 388 1332 405 ,
1362 356 1575 407 Angelico,
1602 359 1796 397 Diabolieo
1817 364 1858 398 et
1878 360 2064 407 Naturali,
2082 361 2115 407 a)

1167 415 1425 466 Antweipiae
1443 418 1457 455 4
1469 417 1558 464 652,
1583 418 1618 455 8.
1644 417 1788 456 edente
1812 419 1994 457 Cornelio
2014 419 2117 457 Dial-

1170 488 1327 526 manno,
1344 479 1410 527 qui
1437 479 1558 516 vitam
1582 479 1735 516 Hsnrici
1759 481 1972 529 praemisit.
1991 481 2116 517 Prae-

1167 537 1382 589 ceptori'uin
1413 540 1497 577 sive
1518 538 1564 578 de
1593 539 1724 578 decem
1739 530 1986 592 praeceptis7
2010 541 2116 591 quod

1166 599 1230 637 alii
1259 599 1424 638 Codices
1449 602 1638 650 ilenrico,
1662 601 1973 642 ALEXANDRO
1997 601 2116 640 Hale-

1165 660 1224 697 sio
1247 661 1340 707 alii,
1375 660 1494 699 editio
1533 667 1651 701 vetus
1687 665 1919 702 Parisiensis
1955 663 2116 703 Ni'colao

1168 722 1370 761 LYRANO
1397 723 1588 761 tribuunt.
1614 725 1822 764 Sermones
1850 725 1896 764 de
1928 726 2116 765 Passione

1166 782 1324 820 Domini
1354 787 1394 821 et
1432 782 1478 821 de
1515 785 1671 824 Sanctis
1693 816 1704 834 ,
1733 788 1889 825 Parisiis
1920 789 2048 837 4544,
2077 794 2116 825 et

1166 845 1375 893 Haganoae
1402 844 1516 883 4547.
1542 844 1766 885 Additiones
1787 848 1840 886 ad
1877 847 1998 888 libros
2021 851 2117 888 Sen-

1168 904 1394 953 tentiarum,
1420 916 1511 944 cum
1528 907 1703 945 AEGlDii
1721 908 1884 948 Romani
1907 911 2118 949 Commen-

1168 965 1282 1002 tariis
1314 967 1351 1003 in
1396 966 1557 1006 eosdem
1604 968 1731 1006 editas
1773 970 1954 1010 Coloniae
2001 974 2114 1011 4513.

1165 1026 1221 1063 De
1239 1025 1487 1078 perfectione
1511 1028 1726 1079 spirituali,
1753 1031 1838 1069 sive
1857 1031 2064 1083 Eoepositi'o
2081 1033 2119 1071 in

1168 1087 1398 1127 Orationem
1422 1079 1692 1138 Doniinicam,
1718 1096 1757 1129 et
1781 1103 1902 1143 super
1929 1092 2012 1132 Ave
2036 1095 2120 1132 Ma-

1165 1148 1231 1186 ria
1253 1180 1264 1198 ,
1282 1151 1369 1188 sive
1397 1150 1624 1202 Anyelicam
1648 1151 1936 1202 salutationem,
1961 1158 2120 1206 saepius

1168 1210 1273 1249 edita
1301 1213 1403 1250 inter
1424 1214 1612 1252 TllOMAE
1630 1214 1840 1264 Aquinatis
1853 1217 2053 1267 Opuscula
2071 1219 2120 1256 iv

1166 1276 1205 1310 et
1236 1274 1278 1311 V.
1310 1275 1378 1312 llis
1406 1274 1506 1313 adde
1531 1277 1637 1315 MSta
1661 1277 1696 1314 in
1722 1278 1843 1315 variis
1869 1278 2120 1317 Bibliothecis

1166 1334 1199 1371 F
1202 1333 1304 1373 lores
1328 1346 1383 1373 ece
1403 1335 1606 1376 collatione
1638 1339 1814 1387 Patruni,
1845 1338 1967 1378 libros
1987 1341 2115 1379 XXIV.

1168 1396 1507 1436 Commentarium
1527 1399 1563 1437 in
1584 1398 1706 1438 libros
1723 1400 1952 1439 Ethicorum
1965 1402 2118 1440 Aristo⁴

1170 1456 1266 1496 telis.
1294 1458 1528 1507 Quodlibeta
1552 1460 1640 1499 duo.
1663 1463 1718 1500 De
1740 1462 1992 1502 occultatione
2007 1464 2120 1502 vitio-

1170 1530 1274 1557 rum.
1287 1521 1343 1558 De
1363 1520 1632 1561 incarnatione
1652 1522 1779 1562 Verbi.
1796 1525 1850 1562 De
1868 1523 2117 1564 libertatibus

1174 1580 1336 1620 Ordinis
1362 1584 1403 1621 M
1405 1583 1572 1622 inoruin.
1589 1585 1624 1621 E
1626 1585 1887 1636 mposz‘iionem
1902 1587 2059 1625 Decreti
2074 1586 2121 1626 (le

1173 1641 1312 1681 celebr.
1339 1644 1465 1683 rilissa
1488 1676 1495 1695 ,
1520 1657 1641 1698 super
1664 1647 1863 1686 Decretali
1879 1680 1889 1696 ,
1914 1660 2004 1687 eum
2026 1651 2122 1687 Mat-

1173 1704 1265 1743 thae
1291 1710 1366 1744 etc.
1393 1706 1490 1745 Vide
1515 1708 1776 1748 Tritl‘iemium
1807 1721 1891 1760 cap.
1922 1711 2010 1748 589.
2044 1714 2122 1750 Ou-

1171 1765 1311 1805 dinum
1343 1772 1436 1805 tom.
1469 1769 1504 1805 3.
1536 1780 1622 1819 pap.
1654 1771 1722 1809 944
1749 1799 1757 1818 ,
1795 1781 1878 1820 seq.
1909 1776 1948 1810 et
1981 1772 2122 1822 Philip-

1175 1839 1269 1878 pum
1289 1829 1466 1867 Elssium
1486 1831 1521 1867 in
1534 1832 2121 1883 EncomiasticoAugustiniano

1175 1901 1249 1940 pag
1281 1891 1371 1938 274,
1393 1902 1476 1941 seq.
1497 1894 1563 1942 qui
1590 1897 1760 1932 testatur
1783 1896 1990 1944 scripsisse
2012 1908 2121 1946 prae-

1173 1956 1281 1990 terea
1299 1965 1306 1988 :
1332 1952 1379 1989 In
1405 1952 1570 1992 Cantica
1587 1954 1853 1993 Cantieorum.
1873 1957 1928 1994 De
1947 1960 2122 2008 quatuor

1170 2012 1356 2053 sensibus
1370 2015 1617 2065 Scriptiirae.
1635 2017 1690 2055 De
1705 2021 1878 2068 quatuor
1892 2018 2119 2057 Virtutibus.

1170 2076 1226 2113 De
1251 2075 1404 2126 origine
1430 2076 1591 2116 Ordinis
1620 2079 1814 2117 Fratrum
1839 2080 2124 2119 Ereniitaruin.

1170 2137 1226 2174 De
1256 2138 1515 2190 eoeeinptione.
1546 2140 1732 2179 Manuale
1765 2142 2034 2181 Sacerdotiim.
2069 2145 2124 2182 De

1171 2198 1281 2238 vitiis
1303 2199 1552 2252 capitalibus.
1569 2203 1625 2240 De
1644 2204 1846 2242 nocturnis
1865 2203 2123 2244 illusionibus.

1172 2263 1228 2300 De
1251 2262 1549 2314 mortificatione
1566 2265 1758 2316 propriae
1781 2264 2008 2306 voluntatis.

1228 2325 1623 2365 FRISlNGFELDUS
1641 2327 1941 2366 sudvoiciensis
1957 2330 2122 2379 Anglus.

1173 2386 1468 2426 Grammaticus
1486 2419 1496 2436 ,
1522 2388 1639 2438 cujus
1665 2389 1891 2427 Praeticani
1914 2390 2126 2428 Gramina-

1174 2447 1267 2486 tices
1291 2452 1331 2486 et
1358 2447 1596 2487 Verbari'um
1630 2456 1851 2488 memorant
1876 2463 1925 2489 ex
1949 2453 2120 2490 Bostono

1172 2511 1381 2558 Buriensi,
1406 2510 1608 2548 iohannes
1633 2512 1774 2550 Baleus
1799 2513 1879 2560 XI,
1905 2514 1940 2550 8.
1966 2518 2006 2551 et
2046 2515 2122 2552 l'it—

1172 2582 1266 2610 seus
1296 2583 1382 2622 pag.
1412 2571 1503 2610 840.

1228 2634 1495 2672 FRiS¹OMJM
1519 2637 1701 2673 veterum
1720 2636 1838 2684 Leqes
1856 2636 2031 2686 digestas
2047 2638 2122 2676 sub

1173 2695 1301 2733 titulis
1330 2696 1441 2733 xxti
1469 2726 1476 2742 ,
1507 2706 1597 2733 cum
1642 2695 1837 2735 additione
1866 2698 2120 2748 sapientum.

1176 2755 1396 2804 Vulcmari,
1418 2757 1650 2796 Saoeniundi
1675 2764 1749 2796 ete.
1775 2759 1895 2797 edidit
1919 2760 2119 2797 lohannes

1172 2819 1366 2857 lleroldus
1398 2821 1434 2857 in
1462 2821 1608 2867 Legum
1631 2825 1811 2859 veterum
1843 2822 2018 2871 sylloge.
2050 2824 2119 2860 Bai-

1170 2881 1294 2919 sileae
1320 2882 1447 2929 ⁴5:57,
1477 2882 1538 2919 toi.
1568 2894 1603 2932 p.
1634 2884 1804 2921 i3i-ii8
1835 2889 1871 2920 et
1899 2884 2119 2923 Friderieus

1171 2943 1454 2990 Lindebrogius
1473 2946 1507 2981 in
1526 2944 1669 2981 (lodice
1690 2946 1833 2990 Legum
1851 2949 2117 2996 antiquarum,

1171 3006 1413 3043 Franeofurti
1442 3008 1455 3044 4
1468 3008 1568 3051 013,
1596 3007 1658 3044 sol.
1683 3019 1717 3057 p.
1743 3008 1828 3045 487.
1859 3008 2026 3046 Eaedem
2049 3010 2117 3046 Le-

1167 3078 1236 3117 ges
1262 3068 1429 3105 Frisicae
1454 3069 1666 3117 separatim
1691 3080 1781 3106 eum
1809 3071 1911 3106 notis
1936 3070 2114 3107 Sibrandi

1222 3179 1255 3216 a)
1295 3182 1357 3212 MS.
1392 3181 1642 3219 Quedliniburgi
1678 3181 1739 3211 sub
1767 3183 1900 3212 nominc
1937 3182 2122 3212 Francism·

1160 3231 1381 3265 MAYROMS,
1406 3229 1480 3260 vide
1521 3230 1711 3268 catalogum
1737 3231 1858 3262 Tobiae
1882 3233 2015 3263 Eckarti
2046 3241 2120 3272 pag.

1167 3280 1218 3309 20.
1243 3280 1278 3308 ln
1295 3278 1442 3309 editione
1459 3282 1572 3310 venet.
1597 3280 1682 3310 titis.
1703 3282 1857 3315 ilenrico.
1877 3281 2011 3312 Ordinis
2027 3284 2121 3313 Prae-

1160 3329 1370 3365 dicatorum,
1394 3329 1564 3359 tribuitur.
