2500 3841
916 227 1315 270 CAESARIUS

110 304 314 351 Baluzius,
330 313 423 341 cum
441 301 530 352 ejus
548 301 793 339 notisrecusi
813 305 907 339 tom.
928 303 1076 341 XXVII

111 377 198 417 pag.
226 365 316 404 324.
333 364 514 413 Denique
537 364 749 403 Sermones
772 366 925 402 centum
943 367 981 402 et
1002 363 1079 402 cluo

113 430 152 466 in
168 427 490 479 appendicetomi
508 426 635 476 quinti
654 426 829 475 Operum
851 424 1079 476 Augustini,

111 489 382 530 Benedictinis
401 487 654 536 curantibus,
670 488 867 537 Lutetiae,
883 488 1082 527 Amstelo-

113 552 221 591 darni
259 556 300 590 et
341 551 520 591 venetiis
563 561 819 588 excusorum.
866 551 1082 600 Plerosque

113 617 234 654 etiam
255 614 646 654 Caesar-iisermo'nes
662 613 864 651 recensuit
886 613 1084 652 Combefi-

114 678 200 715 sius
214 670 989 715 in'Bibnotheeaisua-concionatoriane
1007 676 1083 714 illis

116 739 255 788 utique
277 736 502 776 audiendus
525 737 694 775 Rivetus
713 738 762 776 IV
779 738 843 776 28.
864 739 998 777 Critici
1021 749 1085 777 sa-

115 801 173 840 cri
197 805 224 838 t.
247 801 281 838 lI
302 799 401 851 Opp.
426 812 464 851 p.
491 800 607 839 1150.
632 800 720 838 Etsi
746 801 938 840 nonnulla
967 803 1049 839 sint
1072 831 1080 851 ,

116 863 262 913 inquit,
277 856 379 912 quae
396 862 628 902 Caesarium
649 862 872 912 authorem,
892 863 1081 912 habeant,

116 930 252 964 tamen
286 936 379 965 cum
405 924 443 963 id
467 926 601 975 scripti
639 936 788 975 genus,
821 926 1081 964 Homiliarum

117 999 280 1039 nempe,
299 988 410 1026 varie
449 987 703 1038 interpolari,
729 988 908 1037 misceri,
929 992 969 1025 et
992 998 1087 1026 con-

119 1049 229 1090 fundi
255 1050 401 1096 soleat,
423 1053 464 1088 et.
485 1060 508 1087 a
533 1049 735 1089 Monachis
773 1049 1086 1099 exscriptoribus

118 1114 245 1153 multa
264 1113 361 1164 pati,
383 1113 452 1163 qui
469 1111 693 1151 additiones
713 1123 808 1151 suas
825 1123 942 1162 saepe
958 1112 1088 1150 immi-

120 1180 252 1225 scent,
277 1180 347 1214 aut
366 1176 487 1213 etiam
509 1175 548 1212 in
569 1185 615 1213 eo
636 1185 782 1225 genere
802 1173 962 1225 putidos
991 1185 1088 1212 suos

120 1240 251 1277 foetus
283 1237 359 1276 sub
387 1236 636 1275 eruditorum
657 1238 820 1274 Patrum
859 1237 1088 1276 nominibus

120 1298 382 1352 protrudunt,
403 1302 450 1337 ut
468 1299 527 1337 eis
550 1298 726 1349 aliquam
765 1300 933 1350 gratiam
958 1300 1090 1337 conci-

119 1364 230 1412 lient,
239 1361 460 1414 prudenter
473 1360 719 1411 cavendum,
738 1372 787 1399 ne
805 1361 918 1399 nobis
939 1362 1087 1412 imponi

120 1428 318 1467 sinamus.
355 1423 579 1464 Admonitio
619 1422 675 1462 ad
713 1422 1019 1463 concubinarios
1055 1428 1093 1463 et

119 1488 323 1529 adulteros
343 1491 439 1526 tom.
460 1487 610 1526 XXVII
640 1486 906 1526 Bibliothecae
926 1488 1089 1526 Patrum

119 1564 159 1604 p.
181 1552 271 1592 345.
295 1552 353 1590 De
371 1552 566 1590 contemtu
582 1549 811 1601 praesentis
837 1549 957 1589 Vitae.
983 1549 1090 1589 Idem

120 1627 210 1667 pag.
235 1611 326 1654 436.
348 1614 406 1653 De
440 1611 573 1652 decem
616 1610 844 1664 Viryim'bus
882 1624 1092 1652 sermones

120 1678 199 1718 duo
219 1676 311 1716 ibid.
335 1688 423 1729 pag.
446 1676 522 1716 345
538 1687 622 1726 seq.
637 1687 689 1714 ex
707 1675 915 1726 appendici
935 1675 1092 1716 Codicis

125 1741 356 1791 regularum
379 1739 625 1778 Holsteniani
648 1750 736 1789 pag.
755 1739 805 1776 86
821 1739 971 1786 (minus
992 1739 1094 1777 inte-

121 1813 214 1854 gros
236 1803 344 1840 enim
364 1801 500 1840 habes.
522 1805 552 1839 t.
570 1801 659 1839 VIII
683 1811 772 1851 pag.
798 1801 906 1849 685.)
929 1799 1094 1839 Eoebor-

123 1864 219 1904 tatio
249 1863 305 1903 ad
335 1861 543 1902 tenendam
575 1860 640 1901 vel
667 1861 965 1900 custodiendam
999 1861 1093 1900 clia-

121 1927 282 1966 ritatem
317 1931 413 1965 tom.
454 1926 542 1965 VIII
578 1935 667 1976 pag.
706 1925 795 1963 861.
834 1925 1011 1975 Epistola
1041 1924 1091 1962 ad

125 1990 347 2029 Germanos
380 1986 592 2040 quosdam,
615 1998 718 2037 quae
750 1987 914 2038 Incipit:
944 1987 1093 2026 Vereor

122 2052 381 2094 Venerabiles
407 2050 491 2098 filii,
517 2049 570 2088 id.
593 2061 630 2100 p.
657 2049 746 2088 862.

179 2115 315 2155 Multis
354 2113 534 2152 interfuit
580 2112 768 2152 Conciliis
797 2111 818 2134 *
847 2112 1088 2166 Caesarius:

127 2177 300 2229 praefuit
318 2177 426 2215 enim
449 2174 670 2227 Agathensi
693 2172 768 2212 An.
795 2174 871 2213 506
896 2179 937 2213 et
966 2176 1094 2215 Cano-

128 2251 226 2279 num
246 2237 467 2290 Epaoensis
489 2237 651 2279 Concilii
675 2236 750 2275 An.
781 2236 860 2276 547
887 2241 1092 2276 auctorem

127 2303 302 2341 maxime
325 2302 449 2341 fuisse
470 2304 582 2339 notat
604 2299 800 2339 Isidorus:
823 2300 967 2339 deinde
995 2299 1096 2339 Are-

127 2363 273 2404 latensi
286 2365 351 2405 IV.
373 2365 396 2403 8
415 2364 511 2404 Idus
529 2365 622 2403 Jun.
639 2362 714 2402 An.
733 2364 810 2403 521
832 2364 872 2402 in
891 2367 1096 2402 conventu

126 2428 416 2478 Episcoporum
441 2426 491 2466 ad
520 2425 811 2466 dedicationem
833 2426 1024 2465 Basilicae
1053 2427 1095 2464 B.

126 2489 270 2527 Mariae
293 2493 542 2540 congregato.
570 2488 793 2527 Subscribit
810 2490 904 2527 item
923 2488 1100 2540 Carpen-

128 2549 345 2589 toractensi
361 2550 437 2589 An.
464 2550 553 2590 527.
581 2550 743 2590 Valensi
759 2552 793 2589 II
819 2555 858 2589 et
876 2549 1099 2589 Arausica-

126 2625 175 2651 ¹no
201 2613 233 2652 II
250 2611 327 2650 An.
351 2613 440 2651 529.
466 2612 531 2651 ubi
556 2617 690 2651 actum
716 2614 789 2652 fuit
812 2613 861 2651 de
891 2613 1028 2652 Gratia
1057 2618 1097 2651 et

127 2676 267 2714 Libero
282 2673 471 2713 Arbitrio:
493 2679 534 2713 et
552 2673 777 2714 Bonifacius
794 2677 827 2714 II
843 2675 932 2725 ejus
957 2680 1096 2726 rogatu

126 2738 173 2778 A.
193 2738 269 2778 530
290 2737 474 2789 probavit
493 2748 539 2776 ea
560 2748 662 2787 quae
683 2738 722 2775 in
744 2737 905 2788 Synodo
928 2736 1099 2777 Arausi-

127 2812 232 2840 cana
255 2800 414 2839 fuerant
437 2799 612 2838 definita.
639 2800 910 2850 Symmachus
930 2801 1034 2851 Papa
1053 2799 1097 2838 li-

129 2861 223 2903 belli
242 2875 269 2901 a
295 2861 488 2902 Caesario
511 2860 636 2900 oblati
656 2862 1016 2901 consultationibus
1036 2875 1098 2901 re-

129 2925 300 2978 spondet
340 2925 445 2977 apud
474 2926 688 2964 Baronium
723 2924 771 2963 ad
809 2924 973 2964 Annum
1019 2925 1095 2964 514

129 3000 242 3028 num.
275 2989 296 3027 4
327 3000 413 3039 seq.
437 2989 488 3028 Et
509 2989 611 3039 Papa
632 2988 741 3026 Felix
772 2988 822 3026 IV
842 2988 1018 3038 Epistola
1047 2987 1096 3026 ad

130 3062 225 3091 eum
249 3051 341 3090 data
361 3051 561 3089 roboravit
584 3061 685 3101 opus
710 3050 882 3089 Caesarii
909 3050 1094 3099 alterum,

131 3113 201 3152 sed
226 3113 330 3164 quod
357 3113 472 3152 hodie
497 3113 698 3161 similiter,
735 3117 778 3151 ut
800 3112 979 3162 Epistola
999 3112 1098 3150 Feli-

130 3177 189 3215 cis
211 3175 476 3225 desideratur,
510 3176 545 3214 in
569 3187 647 3226 quo
672 3176 781 3214 fuere
816 3173 862 3212 (le
892 3173 1033 3211 Gratia
1062 3177 1099 3212 et

93 3278 98 3282 ,
131 3237 255 3278 libero
279 3237 449 3278 arbitrio
471 3237 691 3278 testimonia
726 3237 963 3276 Divinarimz
989 3236 1097 3276 Scri-

191 3372 204 3384 *
228 3371 474 3405 sammarthani
503 3376 583 3404 tom.
599 3374 608 3403 I
626 3372 749 3404 Galliae
772 3371 980 3404 Christmiiae
1001 3380 1031 3411 p.
1050 3371 1101 3404 5⁴³.

2047 227 2127 266 2955

1147 302 1371 351 pturarum
1406 300 1444 336 et
1479 299 1723 337 Sanctorum
1758 296 1926 334 Patrem
1956 295 2129 347 judiciis

1153 361 1327 411 monita,
1357 358 1430 398 ubi
1454 358 1590 398 docuit
1616 357 1810 398 hominem
1837 355 1939 396 nihil
1965 356 2012 396 de
2034 370 2130 410 pro—

1149 422 1243 474 prio
1277 434 1398 474 ayere
1434 421 1526 460 boni
1554 432 1698 473 posse,
1742 419 1824 459 nisi
1863 431 1952 458 eum
1981 419 2130 459 Divina

1157 485 1301 524 Gratia
1323 488 1593 538 praevenerit.
1632 485 1691 523 lta
1733 482 1839 534 apud
1875 481 2130 521 Gennadium

1155 548 1300 599 legitur
1323 559 1407 599 cap.
1426 547 1490 585 86.
1508 548 1654 586 Exstat
1676 550 1810 585 tamen
1828 545 1903 584 alia
1918 545 2060 583 Felicis
2078 545 2129 584 IV

1156 610 1203 649 ad
1230 611 1463 650 Caesarium
1487 608 1685 659 Epistola,
1711 607 1802 646 data
1827 611 1917 658 post
1932 607 2131 646 Consula-

1156 677 1244 711 tum
1268 671 1467 720 Mavortii,
1493 670 1568 708 hoc
1589 673 1652 708 est
1675 669 1791 708 Anno
1810 670 1900 708 528.
1917 669 2022 720 apud
2047 669 2130 708 Sis-

1163 733 1357 772 mondum
1382 737 1479 770 tom.
1497 732 1512 770 Ι
1529 730 1797 770 Conciliorum
1813 730 1962 770 Galliae
1979 743 2015 782 p.
2038 732 2129 770 214.

1211 794 1479 834 CAESARIUS
1515 791 1734 831 Monachus
1762 791 2131 843 Heisterbacensis,

1159 857 1320 896 Ordinis
1343 855 1640 901 Cisterciensis,
1671 854 1865 893 dioecesis
1885 855 2134 894 Coloniensis

1157 919 1206 957 ab
1230 918 1346 957 Anno
1375 918 1475 957 1199
1511 916 1642 955 adhuc
1689 921 1897 966 superstes
1921 916 1996 955 An.
2030 916 2133 957 1227

1160 992 1239 1031 quo
1264 980 1438 1019 absolvit
1463 977 1586 1018 libros
1607 979 1675 1017 III
1692 977 1738 1017 cle
1761 978 1845 1017 vita
1869 981 1908 1016 et
1927 978 2137 1018 miraculis

1162 1044 1204 1082 S.
1243 1040 1494 1094 Enqelberti,
1523 1041 1823 1092 Archiepiscopi
1859 1041 2134 1093 Coloniensis,

1165 1104 1282 1144 Anno
1309 1104 1413 1144 1225
1436 1103 1776 1154 Martyris,editos
1792 1114 1814 1141 a
1828 1103 1944 1142 Surio
1966 1104 2137 1142 Novem-

1162 1167 1220 1206 br.
1246 1172 1287 1206 et
1310 1167 1360 1206 ab
1389 1166 1546 1218 AEgidio
1581 1166 1732 1205 Geleno
1770 1168 1875 1205 notis
1914 1167 2135 1206 illustratos

1165 1231 1351 1269 Coloniae
1378 1229 1494 1269 1633.
1519 1229 1594 1267 An.
1623 1229 1738 1269 1222.
1758 1230 1790 1278 a)
1809 1229 1981 1268 absolvit
2011 1228 2136 1269 libros

1164 1292 1243 1330 XII
1259 1290 1510 1342 dialoyorum
1531 1290 1577 1329 cle
1601 1290 1828 1340 miraculis,
1851 1290 2074 1332 visionibus
2099 1295 2138 1331 et

1162 1352 1360 1405 exemplis
1383 1364 1482 1392 suae
1505 1353 1675 1403 aetatis,
1699 1353 1984 1393 Monachorum
2022 1366 2136 1406 prae-

1163 1416 1304 1454 sertim
1325 1426 1371 1454 ae
1392 1416 1623 1454 Monialium
1652 1415 1814 1454 Ordinis
1853 1416 2137 1455 Cisterciensis

1165 1479 1204 1516 in
1228 1478 1460 1526 Germania,
1478 1478 1546 1528 qui
1568 1478 1743 1516 citantur
1758 1489 1780 1516 a
1795 1478 2038 1518 Theodorico
2057 1480 2139 1518 En-

1166 1541 1360 1592 gelhusio.
1385 1539 1570 1579 Prodiere
1595 1540 1634 1577 in
1661 1540 1724 1578 fol.
1742 1539 1779 1588 b)
1797 1540 1883 1579 sine
1908 1541 1992 1579 loco
2012 1545 2053 1580 et
2069 1553 2141 1580 an-

1168 1615 1237 1642 no:
1261 1602 1407 1642 deiude
1451 1602 1636 1642 Coloniae
1662 1603 1781 1651 1591,
1820 1603 1860 1653 8,
1902 1608 1943 1641 et
1970 1609 2139 1643 curante

1168 1666 1378 1705 Tilmanno
1396 1664 1725 1704 Brendenbaebio
1748 1665 1862 1704 4599.
1888 1670 1927 1704 et
1945 1667 1983 1704 in
2001 1671 2098 1705 tom.
2123 1668 2139 1706 I

1165 1729 1433 1767 Bibliothecae
1475 1733 1661 1767 veterum
1700 1728 1942 1778 scriptorum
1980 1729 2141 1768 Ordinis

1167 1791 1447 1830 Cisterciensis
1483 1790 1695 1829 Bertrandi
1721 1791 1910 1829 Tissierii.
1940 1790 2138 1830 Homiliae

1168 1864 1288 1904 super
1311 1851 1529 1891 Dominicis
1564 1855 1603 1890 et
1621 1852 1753 1891 Festis
1782 1852 1901 1891 totius
1928 1852 2057 1903 Anni,
2089 1855 2142 1893 si-

1168 1926 1218 1953 ve
1258 1914 1491 1953 Fasciculus
1533 1913 1770 1952 moralitatis
1816 1925 1865 1952 ex
1907 1917 2141 1954 recensione

1168 1977 1334 2015 Jeannis
1370 1976 1555 2015 Andreae
1593 1977 1881 2027 Coppenstein,
1919 1978 2144 2017 Dominica-

1169 2040 1227 2088 ni,
1266 2039 1451 2078 Coloniae
1496 2039 1624 2086 1615,
1669 2039 1703 2077 4.
1743 2039 1805 2078 Ex
1835 2039 1995 2078 ineditis
2024 2039 2139 2090 ejus,

1166 2112 1269 2152 quae
1293 2101 1462 2140 Carolus
1485 2100 1535 2140 de
1558 2100 1692 2139 visch.
1715 2111 1802 2151 pag.
1821 2101 1871 2139 57
1892 2112 1976 2152 seq.
1993 2103 2137 2140 Biblio-

1166 2164 1308 2203 thecae
1337 2164 1616 2203 Cisterciensis
1641 2167 1860 2212 memorat,
1886 2164 2022 2203 referri
2055 2176 2138 2203 me—

1168 2231 1308 2265 rentur
1334 2224 1654 2266 Commentarius
1679 2224 1720 2263 in
1745 2224 1914 2264 Cantica
1934 2225 2140 2277 9racluum

1170 2293 1211 2327 et
1233 2288 1334 2328 alios
1355 2287 1552 2327 Psalmos:
1578 2299 1702 2339 super
1722 2288 1814 2326 XIV
1830 2291 2007 2341 tempora
2030 2288 2143 2329 Salo-

1169 2352 1296 2391 monis
1318 2353 1352 2402 c)
1378 2352 1594 2391 Sermones
1609 2351 1701 2390 XIV
1720 2351 1768 2388 In
1784 2349 2114 2390 Ecclesiasticum
2133 2383 2142 2403 ,

1173 2415 1294 2454 libros
1318 2426 1481 2463 novem,
1507 2425 1679 2464 quorum
1704 2413 1954 2464 singulorum
1986 2414 2143 2452 litterae

1173 2477 1396 2527 auspicales
1419 2479 1725 2527 repraesentant
1763 2487 1908 2514 nomen
1939 2476 2114 2513 auctoris
2131 2504 2142 2525 ‚

1174 2538 1472 2578 CAESARIUS.
1490 2537 1713 2577 Chronicon
1727 2537 2018 2588 Episcoporum
2032 2536 2144 2575 Colo-

1171 2598 1574 2649 niensiumDialoyus
1586 2598 1760 2637 modicus
1766 2596 2032 2649 philosophice
2043 2598 2145 2637 scri-

1166 2665 1260 2713 ptus
1276 2661 1323 2700 de
1335 2660 1502 2699 statione
1517 2659 1620 2699 Solis
1636 2658 1710 2698 sub
1722 2660 1854 2709 Josue,
1868 2663 1905 2697 et
1920 2658 1966 2697 cle
1981 2671 2141 2711 reyres-

1168 2735 1218 2762 su
1236 2722 1340 2763 Solis
1355 2720 1429 2760 sub
1442 2720 1631 2770 Ezecbia,
1653 2720 1751 2759 etde
1768 2719 2050 2760 obscuratione
2071 2723 2142 2761 So-

1171 2785 1220 2824 lis
1235 2785 1275 2823 in
1285 2783 1473 2837 passione
1484 2783 1705 2824 CHRISTI.
1719 2782 1803 2822 Vita
1817 2784 1861 2821 B.
1870 2783 1906 2821 E
1909 2782 2138 2833 lisabetliae,

1171 2848 1451 2898 Lantgraviae,
1476 2846 1525 2885 ad
1549 2847 1781 2898 petitionem
1804 2846 1973 2885 fratrum
1993 2846 2139 2886 domus

1168 2911 1408 2949 Teutonicae
1419 2908 1854 2960 deMarpurgo.Contra
1871 2907 2089 2948 haereticos
2099 2909 2136 2959 d)

1171 2972 1238 3012 sui
1258 2971 1443 3024 temporis
1462 2975 1501 3010 et
1513 2982 1674 3011 errores
1695 2982 1832 3010 eorum
1856 2970 2035 3022 dialogus
2059 2976 2135 3010 etc.

1226 3069 1259 3109 a)
1284 3069 1363 3101 vide
1385 3071 1609 3102 possevinum
1627 3074 1708 3102 tom.
1725 3072 1737 3100 1
1758 3077 1834 3110 pag.
1849 3068 1911 3100 286
1926 3072 1958 3100 et
1975 3068 2147 3101 oudinum

1164 3123 1244 3151 torn.
1270 3121 1313 3148 Ill
1337 3127 1412 3159 pag.
1435 3119 1487 3152 81.

1226 3168 1261 3208 b)
1285 3169 1366 3200 Vide
1390 3169 1518 3201 Tobiae
1541 3170 1686 3202 Eckardi
1710 3168 1750 3200 de
1773 3170 1872 3200 MStis
1894 3168 2146 3210 Quedlimburg.

1165 3228 1240 3261 pag.
1266 3219 1318 3251 46.

1226 3269 1258 3308 e)
1284 3270 1504 3302 Ecclesiastae
1530 3272 1554 3302 Ι.

1227 3319 1263 3360 d)
1290 3322 1448 3352 naereses
1485 3319 1716 3352 waldosianas
1750 3319 1809 3352 lib.
1834 3323 1857 3351 v
1892 3327 1965 3359 cap.
1989 3319 2043 3351 211.
2068 3319 2147 3351 Vide

1169 3372 1337 3404 [sseriiim
1365 3371 1404 3404 dc
1428 3372 1608 3412 scripturis
1636 3371 1825 3404 uernaculis
1851 3379 1925 3412 pag.
1957 3367 2030 3402 151.
