2500 3841
842 205 1279 247 FALCUINUS

127 281 337 322 FALCUlN
347 281 406 319 US
426 280 594 329 scriptor
617 280 650 327 a)
676 281 781 318 vitae
805 281 844 319 S.
874 278 1022 318 Pharo-

73 343 159 394 πίε,
180 345 266 383 sive
285 340 457 381 Farom's
471 372 482 390 ⁷
500 341 684 392 Episcopi
700 341 913 381 Mcldensis
933 346 1021 393 post

74 407 221 446 saeculi
237 405 395 457 septimi
406 403 596 453 medium⁷
607 404 644 454 b)
655 416 704 444 ex
714 416 790 456 qua
802 405 1022 455 fragmenta

72 471 111 508 in
134 468 316 508 Andreae
337 467 391 506 du
414 467 574 506 Chesne
598 472 693 506 tom.
721 470 755 507 4.
782 461 1021 518 scriptorum

72 531 121 570 de
138 531 259 570 rebus
282 531 524 569 Francorum
548 541 637 581 pag.
656 528 842 570 567-745.
863 529 958 569 Vide
983 534 1023 567 et

72 593 234 633 Surium
256 591 306 631 ad
335 592 398 631 28.
422 592 616 631 Octobris.

121 654 144 679 *
166 656 460 695 FARDULFUS
483 654 639 705 Abbas‚
664 655 713 694 de
743 666 820 706 quo
851 655 1025 693 Sirmon-

69 718 145 758 dus
173 718 224 758 ad
252 718 517 758 Theodulfum
546 723 576 756 t.
605 719 628 758 2
656 729 746 770 pag.
778 718 892 757 4449.

122 779 398 820 FARFENSIS
437 781 648 831 Coenobii,
675 782 712 818 in
750 781 907 819 Ducatu
931 778 1027 829 Spo-

66 844 197 883 letano
219 842 441 883 Chrom’con
468 847 629 882 auctore
667 842 925 882 GREGORIO
946 843 1024 881 Mo-

67 905 192 945 nacho
215 909 256 944 et
279 905 620 958 Chartophylace,
645 905 694 944 ab
731 905 846 944 Anno
870 905 1022 944 CHristi

66 969 156 1008 684.
185 968 235 1008 ad
270 968 387 1008 4404.
425 972 558 1007 exstat
595 969 635 1006 in
668 967 858 1007 thesauro
887 967 1022 1006 ltaliae

63 1030 327 1070 laudatissimi
346 1030 543 1070 Muratorii
568 1034 662 1068 tom.
689 1030 727 1069 2.
751 1034 862 1081 parte
887 1029 910 1069 2
934 1039 1020 1079 pag.

63 1091 152 1133 287.
175 1093 377 1143 Excerpta
413 1093 599 1133 Chronici
632 1093 863 1132 Monasterii
901 1090 1022 1131 ACU-

64 1154 199 1196 ΤΙΑΝΙ
217 1186 226 1206 ,
245 1156 332 1194 sive
355 1156 581 1204 Farfensis,
606 1156 711 1207 apud
744 1154 945 1194 Andrcam
967 1153 1020 1192 du

63 1219 222 1259 Chesne
243 1222 340 1256 tom.
361 1219 384 1257 3
403 1247 411 1267 ,
431 1229 518 1268 pag.
545 1217 734 1258 650-674.

116 1281 139 1305 *
167 1282 381 1321 Historiam
419 1281 654 1320 litterariam
689 1279 867 1319 coenobii
902 1279 1022 1317 huius

64 1356 144 1385 uon
167 1345 266 1383 satis
283 1347 469 1383 accurate
490 1343 664 1382 tradenti
685 1343 860 1382 Fabricio
876 1342 1023 1381 subve-

62 1407 254 1447 niendum
283 1406 347 1445 hic
371 1418 460 1446 mea
479 1418 599 1458 opera
620 1407 775 1445 censui.
806 1405 1021 1456 Gregorius

63 1470 284 1510 monachus
307 1473 348 1508 et
384 1469 679 1520 Chartophylax
721 1481 799 1507 non
834 1468 1020 1507 Farfense,

63 1531 341 1573 tantummodo
375 1532 589 1571 chronicon
614 1531 859 1578 elaboravit,
885 1530 955 1569 sed
980 1533 1021 1568 et

64 1600 156 1637 ante
178 1595 275 1635 illud
297 1596 373 1635 alia
393 1594 471 1634 duo
495 1595 699 1633 volumina
724 1594 912 1643 confecit,
935 1594 1021 1644 qui-

62 1660 139 1699 bus
161 1658 322 1698 chartas
345 1668 488 1697 omnes
511 1657 665 1696 archivi
688 1657 890 1696 Farfensis
912 1667 1019 1694 com-

62 1722 206 1773 plexus
247 1725 322 1760 est.
368 1719 533 1759 Duobus
570 1720 679 1758 hisce
713 1719 877 1758 tertium
911 1718 1016 1757 aliud

61 1781 206 1821 adiecit
220 1782 394 1820 Joannes
413 1779 709 1827 Grammaticus
732 1779 913 1818 eiusdem
930 1789 1019 1816 coe-

63 1844 168 1883 nobii
182 1875 194 1893 ,
212 1841 474 1892 eiusdemque
490 1843 634 1880 aetatis
651 1841 886 1879 monachus.
903 1842 1020 1878 Porro

61 1907 335 1946 collectionem
361 1905 469 1944 illam
506 1904 683 1955 Gregorii
714 1915 842 1954 usque
877 1903 1020 1942 saltem

61 1969 110 2008 ad
129 1980 194 2008 an.
216 1968 318 2008 4400
341 1968 589 2007 continuavit
610 1966 787 2006 Todinus
808 1968 894 2005 sive
924 1967 1021 2005 Teo-

61 2033 181 2071 dinus
205 2032 294 2070 eius
317 2031 654 2081 consanguineus.
676 2031 736 2081 Ex
751 2030 814 2068 his
833 2029 1019 2067 omnibus

67 2094 336 2134 voluminibus
350 2093 505 2144 prodiit,
520 2092 687 2131 authore
701 2080 911 2131 M'uratorio
928 2093 1020 2130 Far-

70 2159 180 2197 fense
208 2155 306 2196 illud
340 2155 654 2203 chroniconsde
688 2166 767 2205 quo
804 2155 1017 2194 Fabricius.

69 2220 180 2259 Idem
200 2220 348 2271 pariter
383 2219 423 2256 in
458 2222 554 2256 tom.
574 2218 618 2257 V.
653 2218 880 2267 antiquitat.
904 2216 1019 2256 Medii

68 2283 171 2322 aevii
193 2293 281 2333 pag.
312 2279 402 2319 687.
426 2284 502 2319 etc.
527 2279 638 2319 dedit
675 2278 898 2330 cataloyum
926 2290 1021 2317 non-

69 2344 275 2384 nullarum
319 2341 558 2382 chartarum
594 2342 838 2381 collectionis
875 2343 980 2381 illius
1008 2373 1019 2390 ,

69 2419 190 2459 quam
208 2408 383 2445 loannes
406 2406 702 2444 Grammaticus
724 2405 933 2455 compegit.
960 2405 1024 2442 In-

69 2472 163 2522 cipit
186 2482 208 2510 a
223 2469 372 2509 chartis
391 2469 486 2507 anni
504 2469 595 2507 694.
620 2471 766 2506 etcum
790 2466 939 2505 chartis
959 2477 1020 2504 an.

68 2532 158 2574 747.
182 2531 427 2580 absolvitur,
453 2542 555 2582 quae
594 2541 690 2570 sane
720 2529 880 2568 chartae
905 2528 1021 2566 modo

68 2598 309 2648 supersunt,
330 2605 423 2633 cum
443 2594 620 2645 reliquae
641 2592 926 2632 interciderint.

123 2660 305 2709 Denique
341 2658 579 2697 Muratorius
616 2657 655 2694 in
693 2655 933 2706 praefatione
971 2652 1020 2691 ad

67 2723 291 2771 Chronicon
329 2720 518 2760 Farfense
550 2723 723 2758 testatur
753 2716 938 2755 incidisse
977 2727 1020 2754 se

67 2787 158 2825 olim
178 2787 217 2824 in
241 2784 478 2836 opusculum
493 2783 572 2822 MS.
589 2781 636 2820 de
659 2779 921 2819 destructione
940 2779 1021 2818 Mo-

67 2846 243 2887 nasterii
267 2844 478 2898 Farfensis
507 2843 652 2883 editam
680 2855 706 2881 a
730 2839 954 2881 Venerabili
976 2842 1017 2879 P.

68 2911 229 2962 Huqone
255 2907 409 2948 Abba-te
438 2907 614 2946 eiusdem
640 2903 883 2946 illontisterii.
908 2906 1018 2955 Ilugo

70 2974 147 3012 iste
167 2983 272 3011 anno
295 2970 384 3009 997.
409 2971 552 3021 coepit.

121 3029 355 3073 FARICIUS
368 3032 584 3072 Monachus
600 3030 893 3070 Abindonensis
908 3028 1019 3067 Ordi-

123 3176 157 3217 a)
174 3173 414 3208 sammarthani
432 3177 512 3206 tom.
530 3173 549 3204 5
568 3172 689 3203 Galliac
714 3171 922 3202 Christianae
952 3179 1026 3211 pag.

62 3226 133 3258 695.

124 3275 160 3314 b)
178 3276 312 3308 vossius
329 3283 404 3315 pag.
434 3274 508 3306 705.
537 3281 574 3305 ex
604 3272 793 3311 Hieronymi
825 3271 929 3303 Rubei
949 3270 1026 3303 liist.

64 3327 244 3358 Ravennat.
265 3325 322 3356 lib.
340 3324 370 3355 Ξ.

1972 201 2051 239 003

1099 280 1158 316 iiis
1181 278 1218 316 S.
1240 276 1440 315 Benedicti
1459 305 1466 321 ,
1485 286 1605 324 quern
1626 274 1768 311 Balous
1791 273 1893 311 xlll.
1915 273 1975 310 48.
1997 272 2052 310 ait

1096 354 1146 379 cx
1167 341 1335 386 Tuscia,
1367 339 1452 376 sivo
1489 337 1671 376 iletruria
1708 337 1745 374 in
1776 334 1960 386 Angliam
1983 346 2053 372 ve-

1098 404 1204 441 nisse
1243 407 1283 440 et
1319 406 1473 452 praetor
1508 397 1707 451 Epz'slolas
1743 401 1846 437 circa
1888 397 2050 436 Annum

1099 466 1213 505 4440.
1245 466 1453 515 scripsisse
1475 463 1598 502 vitam
1630 460 1827 500 Aldlielmi
1853 461 2050 511 Episcopi.

1098 528 1312 567 Possevino
1337 526 1399 565 bic
1424 527 1590 571 vitiose⁷
1621 529 1665 563 ut
1693 526 1855 575 opinor,
1887 522 2052 576 FABRI—

1098 590 1210 629 CIUS
1247 590 1404 628 Tuscus
1441 588 1672 639 appellatur.
1711 587 1947 626 Aldhelmus
1976 587 2051 624 iste

1099 653 1230 692 Abbas
1257 652 1329 690 fnit
1353 655 1393 689 et
1416 652 1637 701 Episcopus
1660 680 1667 698 ‚
1693 650 1741 688 dc
1771 661 1848 700 quo
1876 648 1948 688 An.
1974 648 2049 687 709

1099 714 1288 753 defuncto
1309 724 1430 763 supra
1451 718 1546 750 toni.
1578 715 1592 751 4
1616 744 1626 761 .-
1658 724 1732 762 pag
1768 714 1830 750 54.

1154 777 1267 826 Huqo
1285 773 1446 822 Abbas,
1473 774 1600 813 dictas
1622 775 1865 813 FARSITL's
1888 775 2050 826 scripsit

1102 839 1289 877 miracula
1312 836 1438 876 ‘inulla
1462 839 1504 875 B.
1529 837 1702 887 Virginis
1719 868 1729 884 ,
1755 848 1857 888 quae
1879 836 2053 889 faciebat

1099 902 1139 940 in
1151 900 1331 939 Ecclesia
1347 899 1522 952 eJ'usclem
1535 898 1735 949 gloriosae
1753 899 1923 949 Virfsinis
1936 901 2052 940 Sues-

1097 963 1302 1003 sionensis.
1325 964 1431 1002 Haec
1452 962 1501 1001 de
1526 973 1571 1000 eo
1596 963 1790 1000 Heni-icus
1816 962 2053 1000 Gandavcn-

1098 1029 1153 1065 sis
1179 1038 1264 1078 cap.
1291 1027 1353 1065 36.
1379 1025 1548 1065 Videtur
1569 1025 1633 1063 illc
1658 1036 1747 1063 esse
1774 1025 1885 1075 Hugo
1919 1023 2052 1062 Abbas

1096 1089 1372 1130 Cluniacensis
1402 1118 1410 1137 ,
1448 1087 1565 1137 cujus
1615 1087 1765 1125 obitum
1819 1087 2050 1137 sigebertus

1095 1152 1393 1192 Gemblacensis
1427 1152 1464 1189 in
1490 1150 1684 1191 Chronico
1713 1149 1834 1187 refert
1859 1148 1907 1187 ad
1932 1148 1977 1186 A.
2005 1150 2050 1186 G.

1097 1216 1216 1255 4409.

1148 1276 1458 1317 FASCICULUS
1476 1279 1707 1326 temporam,
1723 1274 1854 1311 omnia
1869 1273 2051 1322 antiquo-

1096 1352 1186 1379 rum
1211 1341 1409 1379 Chronica
1433 1339 1638 1377 succincte
1665 1336 1873 1386 complecti
1897 1347 1940 1373 se
1964 1346 2052 1385 pro-

1096 1404 1229 1442 fessus
1253 1402 1301 1442 ab
1324 1402 1428 1441 Orbe
1452 1400 1611 1439 condito
1648 1410 1776 1449 usque
1810 1397 1858 1437 ad
1886 1397 2050 1436 Annum

1094 1465 1249 1504 Cllristi
1281 1464 1396 1503 4474.
1422 1463 1565 1514 prodiit
1588 1463 1722 1513 Spirae
1748 1460 1859 1499 4477.
1885 1460 2046 1511 Argent.

1097 1529 1210 1569 4488.
1237 1528 1301 1566 fol.
1332 1527 1453 1566 Paris.
1482 1537 1574 1564 cum
1615 1524 1736 1562 addit.
1771 1523 1875 1574 apud
1905 1523 2049 1561 Johan—

1094 1602 1184 1630 nem
1206 1591 1379 1629 Petitum
1406 1589 1521 1628 4542.
1545 1588 1580 1625 4.
1602 1592 1642 1625 et
1665 1598 1757 1625 cum
1780 1585 1862 1624 Joh.
1883 1586 2050 1624 LlNrU-

1091 1654 1158 1692 RH
1189 1652 1406 1704 appendice
1436 1651 1485 1690 ab
1520 1649 1595 1688 An.
1629 1648 1744 1689 4475.
1779 1648 1828 1686 ad
1867 1649 1983 1687 4544.
2010 1649 2045 1685 in

1091 1716 1243 1755 Pistorii
1270 1714 1530 1765 scriptoribus
1562 1724 1695 1751 rerum
1720 1711 2047 1749 Germanicarum

1091 1783 1197 1817 tomo
1240 1777 1427 1816 secundo.
1458 1777 1589 1814 Etiam
1613 1774 1848 1813 Germanice
1883 1783 2047 1810 versum

1094 1846 1251 1880 exstare
1276 1843 1449 1878 testatur
1472 1837 1673 1877 Arnoldus
1697 1836 1856 1874 Bostius
1879 1834 1928 1872 de
1952 1835 2048 1872 viris

1094 1903 1317 1942 illustribus
1339 1901 1523 1941 Carthus.
1562 1899 1722 1939 Ordinis
1745 1909 1829 1948 cap.
1862 1898 1933 1936 ult.
1967 1897 2048 1935 Au-

1093 1971 1177 2005 ctor
1197 1965 1374 2004 fasciculi
1399 1963 1519 2014 hujus
1543 1962 1830 2002 WERNERUS
1848 1962 1881 2008 c)
1916 1959 2048 1999 Roele-

1091 2026 1207 2066 vincli·
1238 2027 1564 2076 Carthusiensis7
1596 2026 1738 2064 domus
1774 2026 1801 2063 S
1854 2024 2044 2062 Barbarae

1092 2092 1365 2139 coloniensis,
1390 2089 1438 2127 de
1455 2101 1533 2139 quo
1555 2089 1653 2127 infra
1679 2100 1750 2126 suo
1772 2088 1868 2125 loco.

1136 2153 1157 2176 ἦ
1176 2154 1312 2203 Neque
1326 2152 1389 2190 hic
1409 2163 1430 2189 a
1452 2152 1638 2199 Fabricio.
1660 2162 1789 2200 neque
1806 2151 1844 2187 in
1864 2155 1959 2187 tom.
1980 2150 2043 2187 Vl.

1094 2228 1131 2254 v.
1154 2215 1420 2255 VERNERUS
1446 2214 1642 2252 indicatur
1671 2213 1790 2251 editio
1834 2213 1982 2249 Veneta
2006 2212 2044 2248 in

1095 2279 1144 2317 fol
1169 2279 1262 2316 anni
1285 2278 1398 2317 4484.
1425 2282 1465 2315 ct
1488 2277 1562 2316 alia
1586 2276 1700 2316 4484.
1726 2287 1796 2327 per
1819 2274 2046 2314 Erharduni

1093 2338 1932 2390 RatedoltAugustensem.Additamentum
1950 2337 2047 2376 haec

1098 2404 1270 2454 praefert
1305 2403 1353 2441 ab
1382 2415 1446 2442 an.
1493 2401 1607 2441 4474.
1652 2402 1701 2440 ad
1738 2412 1888 2440 annum
1931 2400 2046 2438 1484.

1097 2467 1174 2504 Viri
1202 2466 1254 2503 illi
1289 2464 1508 2503 doctissimi
1547 2464 1613 2513 qui
1653 2463 1968 2503 Commentarios
1997 2461 2046 2499 de

1095 2529 1205 2567 MSS.
1218 2527 1429 2567 (lodicibus
1444 2526 1623 2565 Biblioth.
1647 2526 1926 2564 Universitatis
1944 2525 2047 2561 Tau-

1095 2591 1267 2629 rinensis
1283 2591 1529 2640 scripserunt
1544 2593 1638 2626 tom.
1663 2589 1705 2625 ll.
1719 2587 1811 2625 Cod.
1833 2588 1919 2626 255.
1939 2587 2046 2635 igno-

1094 2664 1203 2692 rasse
1228 2652 1416 2690 videntur
1443 2652 1572 2701 operis
1597 2650 1715 2688 huius
1749 2650 1907 2688 crebras
1948 2649 2045 2688 adeo

1095 2716 1401 2765 impressiones:
1435 2714 1589 2763 Alioqui
1623 2712 1671 2750 ab
1708 2713 1860 2761 integra
1894 2712 2045 2761 praefa-

1094 2779 1199 2816 tione
1222 2775 1438 2827 repetenda
1460 2775 1759 2814 abstinuissent.
1785 2776 1862 2813 Nec
1885 2774 2044 2812 feliciori

1092 2842 1318 2879 coniectura
1356 2838 1558 2877 ducuntur
1599 2839 1671 2876 rati
1711 2837 1886 2875 codicem
1923 2848 2042 2875 suuni

1057 2915 1065 2923 ·
1091 2902 1360 2941 MS.ciusdem
1375 2901 1578 2952 scriptoris
1592 2900 1878 2950 autographum
1899 2899 2044 2937 liaben-

1091 2966 1187 3004 dum
1222 2977 1336 3013 esse*⁷
1379 2976 1508 3014 neque
1552 2964 1657 3001 enim
1697 2962 1816 3001 ullam
1848 2962 2042 3012 opinionis

1093 3039 1188 3067 suae
1219 3028 1398 3065 idoneam
1424 3027 1616 3064 rationem
1641 3024 1883 3075 praeferunt.

1149 3089 1288 3127 FASTI
1314 3087 1806 3137 ConsularcsCuspiniani,
1824 3087 1908 3123 sive
1925 3086 2046 3136 {quoti

1094 3150 1271 3189 (iiicloris
1292 3149 1523 3201 opusculum
1544 3148 1638 3198 ,ubi
1655 3148 1811 3186 nomina
1828 3147 2043 3187 Consulum

1096 3213 1331 3257 tradantur.
1356 3212 1403 3250 ud
1434 3211 1536 3262 quod
1574 3213 1721 3261 passini
1761 3216 1947 3261 provocat
1979 3212 2043 3249 Jo—

1153 3330 1183 3348 r.
1200 3323 1267 3351 mon
1292 3320 1484 3353 WaHerus.
1506 3322 1537 3350 ul
1558 3318 1644 3358 apud
1664 3321 1876 3351 l‘osseviiiuni
1895 3320 2012 3360 legitur

1656 3390 1706 3424 70
