2500 3841
835 242 914 281 FO
934 244 965 281 R
989 243 1019 280 Τ
1041 243 1071 282 U
1092 244 1124 281 N
1148 245 1177 282 A
1202 241 1269 283 ’1¹1

111 313 151 352 S.
197 309 390 362 Remiyic'‚
435 311 646 349 Remensis
691 312 986 365 Archiepiscopi
1007 346 1015 362 ‚

57 373 161 424 apud
186 374 348 412 Surium
372 374 405 411 1.
427 371 624 411 Octobris.

109 433 322 486 Eaepositio
347 433 464 472 Fidei
477 435 704 475 Catholicae
726 438 763 474 in
780 438 1011 487 Symbolum

25 488 33 498 ”
58 498 376 537 Athanasianum
423 497 681 550 Quicunque:
730 511 848 549 quam
896 501 1013 538 edere

58 560 298 611 promiserat
327 559 620 599 celeberrimus
656 563 894 600 Muratorius
918 567 1011 600 tom.

59 623 95 661 4.
120 620 420 660 Anecdotorum
447 622 680 661 Latinorum
715 634 802 673 pag.
834 625 894 662 ⁴5.
928 625 1015 663 vul-

58 684 247 735 gavitque
271 687 365 722 tom.
392 684 442 732 2,
466 695 554 735 pag.
579 683 776 724 eie-247.
803 684 1015 735 subjuncta

57 745 214 785 erudita
237 745 286 784 de
313 746 503 796 Symbolo
528 746 592 784 illo
615 746 906 786 dissertatione.

109 808 310 859 Hymnum
331 807 379 846 ad
406 808 654 858 baptizatos7
682 820 731 846 ex
755 810 861 848 MSto
885 811 1017 848 Ponti-

59 869 158 908 ficali
175 870 381 908 Ecclesiae
404 871 684 919 pictaviensis,
700 870 824 909 edidit
838 871 1018 910 Edmun-

57 931 134 972 dus
156 933 332 970 Martene
352 931 400 970 de
431 933 611 981 antiquis
648 933 850 970 Ecclesiae
874 933 1017 971 ritibus
1078 965 1080 967 .

57 1005 146 1044 pag.
182 995 273 1033 484.
313 995 497 1044 quicum
523 994 658 1032 brevis
693 995 768 1041 sit,
791 996 909 1032 etiam
943 995 1017 1033 hoc

0 1098 2 1100 ,
57 1055 143 1094 loco
168 1066 243 1094 non
269 1056 345 1094 erit
369 1056 549 1106 ingratus
572 1055 799 1095 Christiano
819 1055 987 1095 Lectori.

322 1134 395 1165 Tibi
415 1134 487 1166 laus
507 1137 663 1174 perennis
681 1140 798 1168 auctor

276 1185 490 1223 Baptismatis
507 1188 658 1215 sacrator
674 1208 684 1222 ‚

274 1234 340 1270 Qui
356 1236 446 1263 sorte
466 1236 638 1273 passionis

276 1283 341 1312 Das
359 1283 548 1321 praemium
563 1283 694 1316 salutis.

314 1333 383 1362 Nox
405 1331 494 1362 clara
513 1332 586 1371 plus
604 1336 635 1364 et
649 1334 735 1365 alma

282 1384 388 1419 Quam
406 1381 501 1413 luna.
519 1383 568 1414 sol
587 1386 619 1414 et
636 1388 724 1415 astra
741 1409 750 1420 ‚

279 1434 372 1470 Quae
388 1431 553 1463 luminum
572 1441 698 1465 corona

277 1482 397 1514 Reddis
415 1482 505 1514 diem
524 1491 582 1522 per
604 1484 770 1516 umbram.

446 1532 519 1564 Tibi
538 1533 621 1564 laus.

321 1581 435 1613 Dulcis
451 1604 461 1620 ,
479 1586 610 1614 sacrata
627 1609 637 1619 ‚
656 1583 775 1615 blanda
792 1608 801 1621 ,

282 1631 395 1664 Electa
408 1655 418 1669 ‚
432 1640 517 1671 pura
528 1655 539 1669 ‚
558 1631 673 1671 pulcra
692 1657 701 1666 ,

284 1681 412 1713 sudans
425 1681 553 1713 honore
571 1682 670 1713 mella
684 1707 693 1719 ,

281 1732 403 1770 Rigans
421 1731 523 1763 odore
540 1732 699 1763 ehrisma.

445 1781 522 1812 Tibi
540 1782 624 1813 laus.

326 1832 364 1862 ln
381 1838 449 1870 qua
464 1830 667 1870 Redemptor
683 1831 776 1862 orbis

284 1883 331 1912 De
347 1884 456 1912 morte
471 1882 567 1912 vivus
585 1882 652 1912 exit
670 1895 677 1917 ;

285 1932 328 1961 Et
343 1938 428 1969 quos
451 1933 570 1962 catena
586 1932 694 1962 vinxit

287 1979 442 2019 Sepultus
461 1979 515 2010 ille
532 1980 644 2011 solvit.

460 2030 533 2061 Tibi
551 2030 634 2062 lauS.

330 2082 438 2118 Quam
454 2079 610 2112 CHrlstus
629 2082 770 2121 aperivit

298 2128 346 2161 Ad
370 2131 524 2169 gentium
541 2130 682 2161 salutem
698 2155 707 2169 ,

292 2181 394 2221 Cujus
416 2179 542 2210 salubri
570 2188 650 2211 cura

287 2229 386 2261 'Redit
404 2233 526 2261 novata
543 2229 685 2269 plasma.

451 2287 525 2318 Tibi
548 2287 633 2319 laus.

333 2339 490 2371 Accedite
513 2345 593 2377 ergo
620 2336 715 2377 digni

292 2388 340 2421 Ad
364 2390 507 2428 gratiam
533 2388 683 2425 lavacri;

293 2442 366 2477 Quo
389 2438 479 2469 sonte
502 2439 643 2469 recreati

287 2487 492 2528 Refulgeatis
515 2489 607 2528 agni.

455 2538 529 2569 Tibi
555 2537 639 2569 laus.

290 2590 351 2621 Hic
377 2595 498 2628 gurges
522 2591 570 2618 est
593 2586 706 2619 fideles

287 2641 442 2678 Purgans
463 2637 594 2677 liquore
617 2640 745 2668 mentes
762 2660 772 2673 ,

286 2692 375 2720 num
396 2694 472 2719 rore
495 2695 617 2727 corpus
644 2686 767 2723 sudat,

289 2739 432 2771 Peccata
454 2739 557 2776 tergit
577 2735 683 2768 unda.

499 2786 573 2818 Tibi
599 2786 683 2818 laus.

328 2838 476 2870 Gaudete
500 2835 680 2869 Candidati
694 2859 704 2873 ,

286 2888 401 2920 Electa
427 2895 505 2919 vasa
529 2887 626 2926 regni
642 2909 651 2923 ,

290 2939 327 2969 ln
352 2940 459 2968 morte
485 2934 671 2976 consepulti

290 2987 418 3019 CHristi
438 2985 501 3017 fide
520 2986 644 3017 renati.

454 3035 528 3067 Tibi
553 3035 639 3066 laus.

125 3096 240 3136 Alius
283 3096 487 3134 Fortunati
528 3094 705 3143 hymnus
736 3101 786 3128 ex
821 3090 1024 3128 Ecclesiae

75 3158 294 3200 Mindensis
316 3156 591 3207 antiphonario
614 3154 734 3197 msto,
765 3150 869 3202 quod
895 3151 1026 3189 Helm-

75 3221 189 3262 stadii
206 3223 404 3267 servatur,
421 3218 588 3257 editusa
613 3216 828 3264 polycarpo
855 3214 1026 3262 Lcysero

73 3295 161 3335 pag.
187 3284 276 3323 ⁴68.
299 3282 492 3321 Historiae
516 3282 725 3318 Poetarum
756 3274 887 3313 medii
912 3275 1026 3324 aevi,

76 3356 196 3396 quem
222 3349 262 3384 ct
288 3345 418 3394 ipsum
449 3342 510 3379 hic
541 3338 764 3378 adscribere
795 3337 952 3386 placet7
984 3336 1028 3373 li-

1968 248 2044 286 5587

1090 320 1153 352 cet.
1191 317 1406 365 repetitum
1445 318 1480 353 in
1525 318 1652 356 Diario
1681 317 1916 367 'l‘lieologico
1954 321 2046 356 lli-i·-

1091 375 1224 415 sdensi
1249 388 1282 424 a)
1309 378 1384 416 An.
1412 379 1516 418 4722
1543 390 1629 430 pag.
1662 379 1753 418 532.

1306 447 1523 479 Cruxfsidelis
1550 450 1637 480 inter
1659 457 1774 480 omnes

1351 496 1458 528 Arbor
1485 506 1552 529 una
1581 499 1702 529 nobilis
1718 523 1727 535 ‚

1308 548 1402 578 Nulla
1425 548 1510 580 silva
1535 549 1633 581 talem
1657 550 1782 589 proteri

1350 597 1481 628 Fronde
1499 623 1508 634 ‚
1536 597 1617 630 ssore
1632 623 1642 638 ‚
1661 605 1825 640 germine.

1309 646 1409 678 Dulce
1429 647 1558 686 lignum
1577 672 1586 686 ,
1605 648 1701 681 dulce
1716 651 1810 682 clavo

1354 698 1456 728 Dulce
1475 699 1605 736 pondus
1623 702 1805 731 sustinens.

1312 746 1538 785 Pangclingua
1555 748 1691 786 gloriosi
1711 749 1748 786 b)

1351 795 1521 826 Praelium
1540 800 1737 828 certaminis
1753 823 1764 837 ‚

1309 844 1351 873 Et
1366 851 1467 884 super
1485 849 1596 877 crucis
1622 847 1764 885 tropheo

1351 895 1411 924 Dic
1428 895 1638 934 triumphum
1656 896 1815 928 nobilem.

1313 942 1466 980 Qualiter
1483 943 1682 983 Redemptor
1700 946 1791 976 orbis

1353 994 1549 1024 immolatus
1567 995 1704 1025 viverit.

1314 1044 1359 1072 De
1374 1043 1523 1081 parentis
1542 1043 1740 1082 protoplasti

1354 1092 1486 1122 Fraude
1502 1094 1623 1123 Factor
1639 1092 1821 1123 condolens
1842 1108 1848 1129 ;

1313 1140 1454 1178 Quando
1472 1143 1562 1180 pomi
1582 1142 1724 1173 noxialis

1356 1193 1466 1221 Morsu
1484 1193 1518 1221 in
1533 1197 1675 1223 mortem
1693 1196 1835 1226 corruit.

1314 1241 1386 1279 lpse
1401 1238 1530 1279 lignum
1549 1244 1629 1272 tunc
1643 1244 1775 1273 notavit

1356 1292 1483 1320 Damna
1497 1290 1578 1330 ligni
1600 1295 1636 1322 ut
1654 1291 1806 1322 solveret.

1315 1341 1383 1370 Hoc
1401 1348 1484 1379 opus
1502 1344 1640 1371 nostrae·
1654 1341 1772 1371 salutis

1356 1390 1444 1419 Ordo
1461 1388 1712 1430 depoposcerat.

1318 1439 1532 1470 Muttil'ormis
1550 1439 1728 1479 perditoris

1356 1492 1415 1518 Ars
1432 1493 1469 1519 ut
1487 1493 1594 1520 artem
1612 1489 1738 1520 falleret
1752 1513 1761 1526 ,

1318 1540 1359 1569 Et
1377 1538 1538 1569 medelam
1560 1538 1660 1570 ferret
1676 1539 1753 1570 inde

1363 1589 1474 1619 Hostis
1491 1589 1580 1619 unde
1599 1588 1750 1619 laeserat.

1317 1638 1462 1674 Quando
1483 1639 1574 1668 venit
1591 1646 1668 1676 ergo
1692 1641 1776 1670 sacri

1362 1686 1539 1719 Plenitudo
1557 1688 1716 1727 temporis
1736 1710 1744 1719 .

1321 1738 1439 1769 Missus
1457 1742 1507 1769 est
1523 1738 1565 1768 ab
1583 1745 1659 1769 arce
1676 1739 1783 1768 Patris

1357 1789 1458 1818 Natus
1477 1787 1570 1818 orbis
1587 1787 1742 1819 conditor
1756 1810 1765 1823 ‚

1321 1841 1430 1876 Atque
1447 1841 1565 1868 ventre
1584 1837 1740 1876 virginali

1363 1888 1469 1918 Carne
1488 1886 1594 1918 sactus
1613 1886 1748 1925 prodiit.

1322 1938 1420 1975 vagit
1435 1936 1543 1967 infans
1562 1938 1749 1967 interarcta

1363 1988 1497 2017 Positus
1517 1988 1690 2026 praesepia
1704 2009 1713 2024 ‚

1326 2037 1472 2068 Membra
1491 2039 1612 2076 pannis
1629 2037 1783 2068 involuta

1368 2090 1467 2126 Virgo
1486 2090 1591 2118 mater
1608 2086 1743 2126 alligat.

1323 2138 1363 2167 Et
1380 2136 1480 2176 pedes
1500 2144 1684 2175 manusque
1703 2145 1801 2168 crura

1369 2188 1490 2218 Stricta
1509 2188 1616 2225 cingit
1633 2186 1748 2218 fascia.

1326 2239 1442 2267 Lustra
1458 2244 1515 2267 sex
1531 2237 1589 2275 qui
1603 2238 1672 2276 jam
1691 2239 1825 2274 peracta

1370 2289 1512 2325 Tempus
1532 2285 1672 2324 implens
1691 2286 1839 2325 corporis
1854 2309 1862 2322 ‚

1324 2340 1363 2367 Se
1379 2336 1509 2368 volente
1527 2340 1625 2367 natus
1644 2334 1685 2366 ad
1702 2335 1765 2366 hoc

1370 2387 1523 2416 Passioni
1541 2384 1673 2416 deditus
1687 2408 1696 2421 ,

1327 2437 1427 2475 Agnis
1445 2438 1480 2467 in
1499 2437 1609 2466 crucis
1627 2435 1756 2466 levatur

1368 2485 1594 2517 immolandus
1609 2486 1770 2524 stipitem.

1322 2537 1557 2575 Hicjicetum,
1582 2534 1622 2564 fel
1638 2558 1647 2572 ,
1668 2534 1819 2566 harundo
1835 2559 1844 2573 ‚

1364 2587 1465 2625 Sputa
1477 2608 1487 2622 ,
1508 2584 1593 2615 clavi
1610 2607 1619 2622 ,
1637 2584 1772 2615 lanceae
1789 2609 1798 2622 ,

1320 2637 1402 2666 Mite
1420 2643 1540 2673 corpus
1560 2633 1774 2673 perforantur
1787 2659 1796 2672 ‚

1366 2685 1507 2723 Sanguis
1526 2682 1615 2714 unda
1630 2682 1768 2722 profluit
1785 2708 1794 2720 ‚

1319 2737 1418 2765 Terra
1431 2758 1441 2772 ,
1458 2737 1579 2772 pontus
1593 2757 1603 2770 ‚
1622 2737 1711 2764 astra
1724 2757 1733 2770 ,
1752 2733 1896 2765 mundus
1907 2758 1918 2772 ‚

1365 2785 1437 2820 Quo
1457 2783 1612 2816 lavantur
1628 2782 1769 2814 flumine
1782 2806 1791 2820 ‚

1321 2836 1431 2866 Fiectc
1446 2841 1555 2865 ramos
1573 2833 1672 2864 arbor
1691 2833 1758 2863 alta
1775 2857 1785 2870 ,

1361 2887 1468 2915 Tensa
1486 2883 1558 2914 laxa
1579 2884 1710 2914 viscera
1723 2907 1734 2921 ‚

1318 2937 1358 2965 Et
1373 2936 1462 2973 rigor
1479 2933 1643 2964 lentescat
1665 2933 1719 2963 ille
1734 2955 1742 2967 ,

1154 2994 1187 3031 a)
1213 2996 1422 3032 Fortgesetze
1440 2991 1633 3030 samnilung
1657 2998 1721 3022 von
1745 2991 1838 3021 Alteu
1863 2991 1932 3022 und
1951 2993 2060 3021 Neuen

1095 3042 1356 3083 Theologischen
1380 3042 1520 3072 Sachcn.

1155 3093 1189 3130 b)
1206 3094 1290 3123 Hinc
1308 3092 1448 3122 Thomas
1473 3091 1621 3128 Aquinas
1645 3090 1766 3119 sumsit
1788 3096 1904 3119 ansam
1930 3088 2059 3128 hymni,

1093 3142 1148 3174 sed
1174 3141 1295 3173 diversi
1321 3141 1441 3179 longe,
1465 3141 1521 3178 qui
1551 3141 1584 3169 in
1612 3140 1707 3168 Festo
1742 3139 1899 3178 Corporis
1934 3141 2060 3171 Cllristi

1094 3192 1297 3230 frequentari
1324 3190 1493 3220 consuevit
1513 3211 1521 3225 ,
1545 3192 1645 3226 atquc
1670 3189 1804 3226 incipit:
1831 3188 1954 3228 Panqc·
1983 3189 2056 3219 lin-

1095 3250 1164 3281 qua
1183 3239 1336 3279 qloriosi
1356 3238 1526 3277 Corporis
1546 3238 1752 3274 mysterium
1771 3261 1780 3274 ,
1797 3238 2062 3278 Sariyuim'sque

1095 3291 1245 3331 pretiosi
1263 3297 1362 3328 quem
1380 3289 1417 3318 in
1436 3287 1563 3319 Mundi
1587 3287 1739 3326 prelium
1758 3287 1907 3318 Fructus
1927 3290 2060 3319 ventris

1101 3341 1268 3382 nemorosi·
1293 3343 1366 3373 Rea·
1389 3338 1509 3378 effudit
1534 3338 1704 3377 qenti'um.
