2500 3841
835 198 1298 239 FRIDERICUS

36 281 37 284 ’
70 272 160 311 694.
188 271 232 308 ln
258 269 420 308 easdem
446 270 572 319 Leges
600 267 814 308 laudantur
847 274 962 308 notae
986 274 1026 307 et

71 333 346 373 commentarii
365 331 653 371 Bartholomaei
671 330 720 369 de
743 331 878 382 Capua
896 360 904 378 ,
929 332 1028 371 Mar-

69 395 159 436 celli
193 395 321 443 Flori‚
346 393 480 432 Jacobi
503 392 552 431 de
585 393 751 443 Ayello,
775 393 869 431 Lalli
893 405 914 431 a
948 395 1026 432 Tu-

69 468 188 508 saea,
209 456 430 496 Sebastiam
455 455 678 506 Neopodani
693 486 705 504 ,
730 456 866 494 Marini
887 455 936 493 de
953 456 1026 495 Ca-

67 520 293 566 ramanico,
317 518 447 556 Lucae
468 517 518 556 de
541 519 674 556 Penna
689 548 700 566 ‚
725 518 871 557 Nicolai
897 519 1026 568 Supe-

72 582 188 620 rantii
212 584 254 619 et
289 579 477 618 Matthaei
502 579 550 618 de
585 579 767 618 Afflictis.
793 578 904 625 Quod
931 590 1025 617 vero

72 642 257 682 Oudinus
296 645 390 680 tom.
415 642 439 680 2
463 670 472 687 ,
495 653 582 692 pag.
619 642 684 679 66.
723 645 918 680 memorat
952 642 1026 680 Jus

68 703 240 751 Navale,
257 702 409 742 editum
435 703 672 742 Germanice.
688 702 761 740 An.
785 703 879 741 4564
909 702 1024 741 4572.

67 766 105 804 8.
144 776 222 803 non
252 765 507 815 Imperatoris
541 768 621 812 est,
647 763 716 802 sed
755 763 941 802 Friderici
978 764 1025 802 ll.

66 827 185 877 Regis
214 827 373 866 Daniae.

123 889 260 927 Latine
284 892 418 927 autem
459 887 638 937 prodiere
672 885 857 925 l³riderici
880 887 925 924 Π.
954 887 1029 924 lm-

66 950 262 1001 peratoris
286 949 438 999 reliqua
460 947 507 986 de
528 951 617 985 arte
640 947 815 987 venandi
830 959 920 986 cum
943 946 1028 986 avi-

68 1008 167 1058 bus,
204 1022 286 1049 una
324 1021 417 1048 cum
459 1009 728 1048 additionibus
772 1009 1027 1049 MANFREDI

66 1072 212 1123 Regis,
236 1074 277 1110 et
300 1069 519 1116 ALBERTI
545 1072 671 1121 Magni
708 1071 756 1109 de
779 1071 1026 1117 falconibus,

65 1133 270 1173 asturibus
282 1136 324 1172 et
339 1133 596 1184 accipitribus
612 1144 662 1170 ex
678 1132 766 1183 ejus
788 1133 886 1171 libro
901 1133 1028 1171 XXII.

67 1195 118 1235 de
166 1195 419 1235 animalibus.
471 1194 677 1245 Augustae
734 1194 1029 1234 Vindelicorum

69 1259 185 1299 4596.
210 1259 246 1296 8.
272 1257 419 1297 Confer
456 1258 608 1296 Velseri
645 1257 775 1308 Opera
814 1269 900 1308 pag.
937 1257 1029 1295 843.

69 1320 158 1360 844.
177 1319 268 1359 847.
286 1324 328 1360 et
347 1331 450 1370 quae
474 1319 523 1358 de
547 1319 634 1358 aliis
653 1319 777 1369 hujus
801 1319 1029 1370 argumenti

69 1382 330 1434 scriptoribus
363 1381 498 1420 notavi
524 1382 564 1418 in
598 1381 843 1420 Bibliotheca
879 1381 1030 1419 Graeca

67 1445 132 1484 lib.
159 1447 194 1484 4.
223 1455 310 1495 cap.
331 1444 397 1483 25.
425 1444 460 1494 §-
482 1443 546 1482 VI.

126 1505 410 1547 ANONYMUM
449 1505 498 1544 de
536 1505 656 1544 rebus
688 1505 874 1544 Friderici
907 1506 954 1545 Il.
992 1510 1032 1544 et

70 1569 242 1608 filiorum
271 1567 380 1619 ejus,
418 1567 586 1619 Apuliae
616 1572 656 1605 et
685 1568 841 1607 Siciliae
876 1569 1030 1618 Regum

69 1630 246 1671 Conradi
281 1642 328 1669 ac
364 1630 556 1670 Manfredi
590 1630 639 1669 ab
672 1629 788 1669 Anno
828 1631 944 1670 4240.
982 1629 1032 1668 ad

69 1695 186 1734 4258.
208 1694 392 1745 vulgavit
414 1693 608 1744 Ughellus
632 1697 728 1731 tom.
755 1694 792 1731 8.
818 1693 954 1731 ltaliae
971 1703 1033 1730 sa-

68 1767 160 1796 crae
171 1755 370 1806 (editionis
390 1766 517 1793 novae
530 1758 624 1792 tom.
637 1755 688 1793 X.
707 1755 811 1792 inter
826 1753 1031 1802 anecdota)

67 1829 155 1869 pag.
187 1818 377 1857 564-654.
412 1816 620 1856 Eccardus
652 1821 746 1854 tom.
774 1817 809 1855 4.
848 1815 1032 1866 Corporis

70 1881 311 1931 scriptorum
335 1878 455 1917 medii
479 1879 566 1917 aevi
584 1889 672 1928 pag.
699 1877 815 1917 4025.
839 1878 1032 1916 Carusius

67 1946 96 1981 t.
113 1943 150 1982 2.
167 1941 432 1981 Bibliothecae
447 1940 603 1979 Siculae
626 1940 842 1978 Historicae.
873 1951 910 1990 p.
941 1937 1030 1977 675.

67 2008 108 2043 et
133 2004 353 2042 novissime
386 2003 626 2042 Muratorius
649 2005 757 2040 tomo
780 2005 921 2040 octavo
941 2001 1038 2038 scri-

65 2070 225 2117 ptorum
240 2065 376 2103 Italiae
393 2076 429 2115 p.
450 2065 537 2102 489.
555 2075 578 2102 a
593 2074 671 2113 quo
686 2063 876 2102 docemur
889 2073 1034 2101 nomen

60 2128 266 2179 scriptoris
278 2137 369 2165 esse
391 2125 648 2166 NICOLAUM
667 2124 714 2163 de
731 2123 928 2163 Jamsz‘lla.

118 2187 354 2228 Incredibile
380 2187 576 2226 Johannis
605 2186 796 2226 Harduini
832 2196 1036 2223 commen-

65 2242 159 2292 tum'
183 2254 268 2298 est,
299 2251 369 2300 qui
405 2248 649 2300 persuadere
696 2248 912 2287 lectoribus
949 2248 1033 2286 suis

65 2314 219 2362 voluit,
244 2312 476 2363 suppositos
514 2311 637 2350 fuisse
675 2312 892 2361 scriptores
931 2320 1032 2359 quos

68 2386 140 2427 pro
165 2374 344 2424 antiquis
372 2378 495 2424 atque
524 2373 657 2424 probis
691 2373 861 2412 libenter
884 2372 1034 2410 evolvi-

68 2447 162 2476 mus
185 2436 401 2487 magnique
428 2435 625 2484 facimus,
656 2435 869 2486 plerosque
893 2442 1033 2470 omnes

70 2498 244 2538 Graecos
259 2501 301 2536 et
317 2497 481 2536 Latinos
498 2526 506 2545 ,
524 2501 566 2535 et
583 2495 824 2536 Fridericum
844 2495 889 2532 ΙΙ.
910 2490 1033 2532 fuisse

71 2559 190 2613 cujus
226 2559 417 2610 auspiciis
455 2559 689 2609 artibusque
726 2558 901 2609 perfecta
925 2556 1033 2594 fraus

72 2621 172 2662 haec
189 2621 521 2661 fuerit.Horribile
534 2621 641 2660 istud
658 2631 848 2660 areanum
866 2618 1033 2656 obscuro

0 2733 1 2738 Ἰ
74 2684 301 2724 involutum
341 2684 595 2735 aenigmate,
618 2687 734 2722 acute
774 2679 1033 2729 investigavit

72 2756 119 2785 ac
151 2745 437 2796 deprehendit,
476 2745 671 2796 docteque
710 2743 933 2782 confutavit
974 2741 1035 2778 vir

75 2807 306 2859 praeclarus
339 2808 562 2846 Maturinus
600 2806 824 2845 Veisserius
849 2803 884 2841 la
916 2803 1037 2841 Crose

74 2869 112 2907 in
134 2867 483 2908 dissertationibus
514 2869 715 2907 historicis
752 2865 899 2905 Gallice
919 2864 1034 2902 Anno

75 2929 194 2970 4707.
217 2929 335 2969 editis
359 2941 446 2980 pag.
472 2929 560 2970 497.
583 2940 668 2980 seq.
692 2933 813 2978 atque
839 2927 875 2963 in
904 2924 1037 2963 Vindi-

75 2994 148 3033 ciis
189 2992 379 3032 Veterum
416 2992 664 3042 Scriptorum
703 2990 776 3029 An.
817 2988 932 3027 4708.
973 2987 1033 3025 42.

46 3057 285 3096 ¹Praetereo
309 3065 389 3093 non
427 3055 555 3105 magis
592 3053 820 3093 credibilem
860 3049 1033 3087 hostiurn

77 3118 320 3158 calumniam
355 3116 536 3168 putidam
576 3116 624 3154 de
654 3115 783 3153 tribus
814 3111 1035 3162 impostori-

53 3206 56 3209 -
78 3179 155 3220 bus
177 3179 410 3231 blaspheme
434 3190 455 3217 a
479 3178 678 3217 Friderico
699 3176 770 3214 hoc
788 3205 798 3222 ,
826 3177 868 3211 ut·
893 3171 1006 3220 ajant
1023 3203 1032 3221 ‚

74 3240 235 3292 jactatis
249 3273 260 3291 ,
281 3253 400 3292 quam
423 3241 655 3280 refellerant
680 3237 866 3276 Sti-uvius
885 3264 892 3280 ,
913 3233 1034 3273 Oudi-

81 3313 158 3349 nus
181 3303 338 3354 aliique.
364 3304 429 3343 Sic
444 3302 511 3342 diu
531 3304 620 3352 post
638 3302 804 3337 mortem
826 3296 912 3345 ejus
931 3296 1030 3334 fama

1972 202 2043 241 611

1101 271 1174 310 suit
1190 269 1446 310 Fredericum
1465 269 1595 310 adhuc
1615 270 1750 310 vivere
1770 270 1810 309 in
1824 274 1959 310 castro
1970 271 2056 310 Ku-

1097 332 1266 386 fhusen,
1296 338 1341 371 ut
1369 337 1432 371 est
1462 332 1567 384 apud
1587 332 1873 372 Theodoricum
1911 334 2058 384 Engel-

1099 395 1262 435 husium
1291 406 1378 445 pag.
1419 396 1534 442 4445,
1571 394 1780 443 Chronici,
1807 406 1898 433 cum
1930 405 2057 434 senece

1098 455 1262 507 quidam
1288 455 1329 494 in
1356 455 1525 495 civitate
1558 455 1664 494 Nutz
1691 455 1882 506 finoeisset
1902 467 1945 496 se
1971 467 2057 496 esse

1099 516 1359 557 Freclericum
1374 549 1384 565 ,
1405 516 1460 555 ad
1477 528 1592 568 quem
1611 516 1727 555 multi
1738 516 1886 557 nobiles
1912 517 2057 569 conflu-

1099 583 1269 624 oeerunt,
1287 591 1384 631 quos
1407 589 1538 618 omnes
1558 589 1720 618 noscens
1738 579 1919 630 propriis
1934 579 2058 618 nomi-

1100 639 1217 679 nibus
1243 639 1498 692 suscipiebat.
1524 640 1604 689 Qui
1631 651 1722 678 cum
1744 640 1799 679 ad
1821 645 1971 693 tempus
1990 653 2057 680 re-

1097 705 1286 753 qmsset‚
1312 701 1470 740 tandem
1498 714 1525 739 a
1569 700 1867 741 coloniensibus
1904 714 2056 742 crema-

1103 768 1166 803 tus
1191 767 1260 804 est.

1154 826 1244 874 (448
1264 824 1450 863 Frideriei
1472 824 1671 874 Epistulas
1701 825 1765 862 IV.
1807 825 1938 863 Italice
1968 836 2061 864 exa-

1102 891 1209 925 ratas
1225 886 1349 925 edidit
1367 887 1528 924 Lamius
1549 886 1769 923 Florentiae
1787 885 1903 930 4742,
1921 887 1956 923 in
1982 888 2059 925 vol.

1101 949 1235 987 11.111.
1265 948 1385 986 Delie.
1409 946 1564 986 Erudit.
1606 946 1756 985 Ibidem
1785 958 1849 985 an.
1886 948 1988 986 4853
2022 950 2059 986 in

1101 1008 1355 1050 Miscelluueu
1378 1020 1398 1047 a
1423 1010 1464 1047 F.
1492 1008 1710 1048 Corazzim·
1733 1019 1826 1047 cum
1850 1008 1936 1047 aliis
1976 1009 2059 1047 ine-

1102 1072 1196 1111 ditis
1220 1072 1427 1120 recusas.)

1158 1133 1458 1173 FRIDERICUS
1486 1133 1550 1171 ΙΙΙ.
1589 1134 1622 1178 a)
1649 1133 1865 1182 Imperator
1903 1132 1952 1170 ab
1981 1132 2055 1170 An.

1105 1197 1208 1235 4446
1225 1195 1274 1234 ad
1299 1196 1402 1235 4493
1421 1226 1428 1244 ,
1451 1196 1487 1233 8.
1511 1194 1770 1245 Septembris,
1793 1193 1910 1244 cujus
1934 1195 2058 1233 vitam

1104 1261 1145 1295 et
1168 1268 1233 1295 res
1257 1261 1393 1307 gestas
1416 1256 1628 1306 descripsit
1656 1255 1842 1294 AENEAS
1870 1254 2030 1306 Sylvius
2051 1287 2058 1296 .

1104 1324 1150 1358 ut
1173 1318 1324 1357 dictum
1355 1329 1477 1369 supra
1502 1322 1595 1356 tom.
1636 1320 1672 1356 4.
1698 1328 1782 1368 pag.
1814 1317 1877 1355 26.
1920 1318 2061 1356 Confe-

1106 1380 1229 1419 renda
1253 1384 1294 1418 et
1321 1380 1482 1419 Frehcri
1507 1379 1626 1417 editio
1651 1384 1744 1417 tom.
1770 1379 1794 1417 2
1824 1380 2061 1429 scriptorum

1105 1442 1434 1482 Germanicorum
1458 1453 1546 1492 pag.
1571 1442 1633 1480 84.
1665 1452 1742 1491 quo
1781 1442 1817 1478 in
1858 1442 2060 1479 volumine

1107 1507 1211 1544 sicut
1247 1505 1285 1542 in
1311 1505 1428 1543 tertio
1453 1515 1611 1554 quoque
1643 1504 1754 1554 plura
1777 1502 1825 1541 ad
1857 1502 2061 1541 historiam

1107 1578 1242 1606 rerum
1266 1565 1455 1604 Friderici
1486 1566 1536 1604 111
1558 1596 1564 1613 ‚
1590 1565 1849 1603 laudatissimi
1872 1565 2063 1614 Principis

1109 1629 1292 1667 facientia
1312 1628 1516 1678 leguntur.
1540 1628 1711 1677 Ipseque
1736 1626 1970 1671 Fridericus,
1994 1627 2061 1676 qui

1108 1690 1376 1729 Bibliothecae
1401 1690 1622 1728 Caesareae
1643 1688 1958 1727 vindobonensis
1982 1699 2065 1726 am-

1106 1750 1342 1802 plificandae
1366 1752 1521 1801 primus
1542 1754 1680 1788 auctor
1700 1750 1736 1798 b)
1767 1750 1866 1797 fuit,
1907 1748 2064 1786 Diurnu

1112 1813 1217 1852 Vitae
1255 1823 1353 1851 suae
1390 1811 1492 1850 Acca
1528 1813 1741 1861 variasque
1787 1811 2062 1849 miscellaneae

1106 1874 1417 1913 Observationes
1453 1885 1575 1912 manu
1609 1883 1682 1911 sua
1705 1872 1941 1910 Germanice
1969 1882 2063 1909 con-

1105 1936 1304 1985 signavit,
1330 1947 1432 1986 quae
1463 1935 1594 1973 MStae
1624 1933 1876 1972 vindobonae
1900 1943 2064 1970 servan-

1115 2002 1206 2044 tur,
1227 2008 1277 2035 ex
1301 1997 1447 2047 quibus
1471 1996 1660 2034 nonnulla
1685 1999 1872 2034 annotata
1893 2005 1914 2032 a
1949 1995 2062 2032 Lam-

1112 2059 1223 2098 becio
1247 2060 1285 2097 in
1304 2060 1433 2097 Diario
1457 2059 1557 2098 sacri
1580 2059 1735 2096 itineris
1759 2057 1954 2096 Cellensis
1974 2066 2062 2106 pag.

1115 2122 1149 2159 7.
1175 2131 1258 2171 seq.
1282 2120 1466 2159 editionis
1493 2132 1515 2158 a
1544 2131 1606 2157 me
1644 2123 1818 2157 curatae.
1849 2120 1892 2156 ln
1921 2117 2061 2156 eadem

1111 2181 1351 2220 Bibliotheca
1377 2185 1511 2219 exstat
1546 2180 1752 2219 NICOLAI
1792 2177 2067 2229 Lanqkmanni

1111 2244 1281 2282 Historia
1306 2242 1451 2280 inedita
1476 2242 1795 2291 desponsationis
1828 2246 1868 2278 et
1896 2239 2065 2278 Corona-

1112 2306 1230 2343 tionis
1253 2305 1440 2343 Friderici
1457 2309 1497 2342 et
1521 2302 1712 2354 Conjugis
1731 2302 1818 2353 ejus
1833 2303 2063 2350 Eleonorae‚

1110 2372 1215 2406 teste
1239 2367 1378 2406 eodem
1405 2367 1612 2405 Lambecio
1636 2370 1731 2403 tom.
1767 2366 1803 2403 2.
1829 2376 1866 2414 p.
1896 2365 1984 2401 698.
2008 2365 2065 2402 De

1110 2429 1237 2469 libello
1261 2429 1540 2481 precationum
1563 2429 1747 2467 Friderici
1773 2426 2065 2478 111,{adeundus

1110 2493 1262 2542 Caspar
1292 2491 1511 2530 Bruschius
1537 2491 1574 2528 in
1607 2490 1770 2528 historia
1809 2489 2064 2528 Monasterio-

1111 2566 1198 2593 rum
1235 2554 1471 2592 Germaniae
1517 2564 1602 2603 pag.
1635 2552 1735 2595 623,
1774 2562 1857 2600 seq.
1897 2561 1947 2588 ex
1984 2560 2062 2598 quo

1110 2616 1376 2666 precationem
1394 2626 1464 2664 pro
1482 2614 1638 2664 imperii
1656 2613 1925 2651 incolumitate
1943 2611 2063 2648 etiam

1111 2679 1267 2728 repetiit
1302 2676 1502 2715 Freherus
1526 2680 1622 2713 tom.
1652 2675 1689 2713 2.
1715 2685 1799 2725 pag.
1828 2674 1902 2710 407
1927 2684 1949 2710 a
1985 2682 2063 2721 quo

1111 2741 1230 2778 etiam
1260 2750 1346 2789 pag.
1391 2739 1492 2785 402,
1519 2748 1601 2786 seq.
1628 2737 1940 2786 praemittuntur
1963 2743 2063 2782 qun.-

1111 2805 1202 2841 tuor
1221 2800 1309 2851 ejus
1337 2798 1539 2851 Epz‘stolae
1563 2799 1610 2838 ad
1637 2799 1822 2838 Carolum
1847 2797 1925 2835 Vll.
1943 2798 2061 2834 Fran-

1109 2874 1247 2903 corum
1272 2864 1416 2913 Regem
1435 2893 1444 2910 ,
1471 2861 1519 2900 ad
1544 2861 1745 2900 Nicolaum
1774 2860 1815 2897 V.
1842 2861 1984 2908 Papam
2013 2856 2062 2894 de

1181 2959 1217 2997 a)
1237 2961 1361 2990 Revera
1382 2958 1534 2997 Quintus
1548 2981 1557 2993 ‚
1581 2956 1635 2987 sed
1652 2957 1768 2987 tertius
1791 2963 1828 2985 ex
1853 2955 1893 2985 iis
1909 2977 1917 2991 ,
1942 2954 1998 2993 qui
2017 2961 2070 2983 co-

1104 3009 1213 3039 ronati
1235 3009 1357 3038 Romae
1380 3009 1601 3046 imperatores
1621 3005 1779 3036 Friderici
1801 3004 1905 3035 sucre.
1928 3003 2064 3034 Tertius

1101 3059 1225 3089 etenim
1257 3058 1444 3088 Fridericus
1482 3056 1623 3087 Pulcher
1660 3055 1879 3090 Austriacus‚
1905 3056 1941 3083 A.
1972 3051 2064 3081 1514.

1102 3107 1226 3138 electus
1249 3109 1364 3138 contra
1388 3106 1592 3136 Lnilovicuin
1619 3106 1782 3134 Bavarum
1808 3104 2064 3140 imperatorem.

1101 3161 1132 3187 et
1164 3156 1321 3194 Quartus
1349 3155 1562 3190 Friilericus,
1592 3156 1661 3183 Dux
1690 3152 1946 3182 nrunsvicensis
1964 3173 1973 3186 ‚
2003 3149 2066 3180 ele-

1101 3210 1174 3236 ctus
1195 3208 1231 3235 Α.
1257 3204 1348 3234 1400.
1372 3203 1426 3234 scil
1457 3211 1522 3233 non
1547 3203 1606 3234 diu
1629 3206 1703 3241 post
1719 3202 1862 3232 occisus.
1878 3199 1959 3231 Vide
1973 3202 2065 3230 Lam-

1100 3256 1232 3288 becium
1250 3258 1330 3285 tom.
1353 3254 1372 3283 2
1396 3261 1429 3291 p.
1451 3251 1524 3283 710.

1162 3305 1197 3342 b)
1222 3304 1312 3335 lili-m
1340 3308 1418 3334 tom.
1449 3301 1461 3332 l
1489 3310 1564 3341 pag.
1590 3299 1664 3333 116.
