2500 3841
870 204 1374 249 EGINHARDUS

127 274 329 321 Abbatias‚
352 270 677 321 Blandinensem,
699 273 1041 316 Fontanellensem
1063 309 1074 326 ,

124 338 164 376 S.
180 337 343 376 Joannis
357 334 589 382 Ticinensis⁷
604 334 869 387 Gandensem7
888 339 1077 391 aliasque,

124 398 338 438 defunctus
360 400 449 448 post
468 395 631 436 Annum
655 398 744 437 8li0.
760 399 1018 453 Epitaphium
1041 405 1076 441 ei

122 461 294 512 positum
314 471 335 498 a
354 458 512 498 Rabano
536 461 682 509 Mauro⁷
712 462 856 512 legitur
879 465 983 503 inter
1004 467 1078 505 Ra-

122 524 211 562 bani
232 533 350 574 opera
368 526 462 561 tom.
485 523 520 560 6.
541 534 630 574 pag.
646 523 736 563 228.
758 526 872 565 Plura
893 527 941 565 de
957 528 1078 579 Egin-

119 585 252 634 hardo,
276 588 434 636 praeter
456 584 628 624 editores
651 597 696 625 ac
721 590 932 640 praecipue
957 591 998 630 C.
1031 592 1073 630 V.

116 649 339 688 Johannem
363 649 633 687 Hermannum
657 650 968 702 Schminckium‚
996 655 1074 693 Ma-

117 711 303 750 billonius
326 711 411 749 See.
432 711 494 749 IV.
514 711 758 751 Benedictin.
773 719 883 764 parte
901 717 936 754 1.
956 717 1072 755 Joan-

116 786 188 814 nes
211 772 517 813 Weinskensius
540 774 574 823 a)
600 775 637 812 in
657 776 875 815 Navarchia
896 777 1071 829 Seligen-

115 836 295 876 stadiana
317 840 358 874 et
380 837 419 874 in
442 835 659 887 Eginharto
683 838 880 878 illustrato
907 850 952 878 ac
982 841 1069 878 vin-

112 899 254 950 dicato,
277 899 453 938 Francos.
475 898 590 938 4744.
622 899 686 938 fol.
717 901 952 940 Franciscus
980 903 1068 941 Dio-

113 963 254 1013 nysius
262 962 505 1002 Camusatus
519 961 566 1001 ad
574 962 857 1002 Bibliothecam
873 964 1065 1015 Alpbonsi

110 1025 321 1073 Ciacconii,
344 1025 381 1073 b)
406 1029 446 1064 et
463 1026 648 1066 Nicolaus
670 1026 935 1077 Hieronymus
955 1027 1064 1067 Gun-

109 1087 284 1137 dlingius
303 1087 479 1126 secundo
499 1091 605 1126 tomo
629 1089 807 1128 Otiorum
835 1100 918 1140 cap.
940 1091 972 1129 V

161 1150 270 1188 Inter
292 1148 380 1198 ejus
400 1149 547 1200 scripta
576 1151 747 1200 primum
777 1151 908 1191 locum
939 1164 1065 1192 mere-

107 1216 173 1253 tur
199 1212 285 1253 Vita
296 1211 436 1252 Caroli
453 1211 601 1264 Mayni,
624 1224 702 1251 non
724 1214 857 1253 minus
880 1220 1064 1254 accurate

107 1280 147 1315 et
170 1275 339 1315 fideliter
357 1275 506 1326 scripta
528 1286 650 1325 quam
673 1275 838 1315 cultiore
862 1277 984 1328 stylo,
1010 1279 1061 1317 ita

106 1343 152 1379 ut
167 1339 346 1378 Svetonii
360 1341 401 1377 et
420 1338 629 1377 meliorum
643 1339 880 1377 imitatorem
899 1341 1063 1391 scripto-

106 1412 196 1440 rum
221 1400 333 1440 facile
358 1411 565 1451 agnoscas.
592 1399 710 1439 Edita
737 1402 910 1451 primum
940 1403 977 1439 in
1004 1403 1061 1442 lu-

105 1475 192 1503 cem
212 1466 276 1502 est
297 1462 506 1513 dicataque
535 1462 673 1502 Carolo
695 1464 739 1502 V.
778 1464 1008 1514 Imperatori
1036 1477 1057 1503 a

102 1528 255 1568 Comite
300 1527 526 1565 Hermanno
567 1537 589 1564 3
628 1527 825 1566 Nuenare.
872 1528 1056 1567 Coloniae

102 1590 218 1629 452⁴.
245 1589 279 1627 4.
308 1599 400 1628 cum
424 1587 646 1627 Annalibus
674 1589 723 1628 ab
751 1589 867 1628 Anno
893 1589 961 1629 744
1007 1591 1055 1629 ad

99 1652 189 1691 829.
210 1653 418 1703 Paucaque
441 1651 657 1691 admodum
678 1656 774 1690 sunt
797 1657 874 1692 eta
899 1653 1057 1692 Codicis

98 1715 196 1755 MSti
225 1715 418 1754 varietate
442 1715 618 1766 profecta
633 1716 778 1765 potius,
803 1716 835 1764 c)
861 1728 963 1766 quae
988 1717 1058 1755 ali-

95 1782 158 1816 ter
182 1778 245 1816 ille
269 1777 442 1826 exhibet,
458 1789 578 1828 quam
599 1781 643 1816 ut
667 1779 961 1828 interpolatoris
986 1779 1059 1817 sibi

98 1844 234 1891 partes
262 1850 435 1888 sumere,
464 1839 530 1877 vel
562 1841 713 1878 auctori
741 1851 813 1878 suo
843 1840 961 1878 fidem
992 1842 1055 1879 vel

99 1903 375 1940 testimonium
395 1901 605 1940 detrahere
628 1902 803 1941 voluisse
822 1904 947 1953 possit
966 1901 1056 1953 jure

100 1965 226 2016 argui.
249 1964 396 2003 Prodiit
418 1964 509 2002 hinc
534 1965 572 2002 in
602 1963 833 2003 collectione
862 1966 1057 2016 antiquis-

100 2029 200 2067 sima
220 2028 505 2066 Historicorum
529 2027 788 2078 Hervagiana‚
809 2025 925 2077 cujus
955 2029 1056 2065 noti-

100 2093 194 2130 tiam
219 2091 293 2129 hoc
316 2091 401 2129 1000
425 2091 464 2128 in
493 2091 658 2140 gratiam
684 2090 860 2128 Lectoris
889 2090 1056 2129 subiun-

98 2165 190 2205 gere
210 2154 339 2192 liceat.
359 2151 594 2191 Offeruntur
622 2152 742 2202 igitur
766 2153 802 2189 in
834 2152 914 2190 illa:
946 2151 1057 2192 witt-

97 2214 231 2254 chindi
243 2214 433 2264 Samnis,
456 2213 641 2255 Monachi
651 2213 904 2263 Benedictini,
921 2227 1055 2254 rerum

96 2278 144 2317 ab
165 2277 337 2317 Henrico
362 2280 400 2316 et
422 2277 582 2317 Otthone
600 2278 632 2316 Ι.
650 2275 967 2329 Imperatorzbus
990 2289 1056 2328 ge-

97 2344 252 2380 starum
277 2340 365 2379 libri
404 2341 470 2379 III.
500 2351 581 2379 una
609 2351 702 2379 cum
731 2339 1057 2378 annotationibus

95 2405 134 2441 in
159 2402 344 2453 eundem,
363 2414 434 2453 per
460 2401 681 2443 Martinam
720 2400 936 2440 Freclztnm
961 2402 1058 2439 scri-

93 2466 174 2517 ptis
196 2477 285 2517 pag.
309 2467 345 2505 1.
368 2466 458 2505 Vita
492 2464 661 2504 Henrici
695 2465 760 2503 IV.
796 2463 1058 2514 Imperatoris

92 2527 194 2579 Aug.
216 2540 238 2568 a
263 2528 434 2579 quodam
457 2532 672 2567 coaetaneo
707 2527 858 2577 scripta
882 2537 967 2577 pag.
994 2527 1055 2565 53.

91 2590 214 2629 Ducis
229 2590 433 2630 Bavariae
451 2591 535 2630 VII.
556 2589 772 2641 Epistolae,
790 2588 940 2638 aliquot
954 2588 1058 2626 Hen-

90 2652 171 2692 rici
194 2654 259 2694 IV.
299 2653 348 2693 ad
387 2653 616 2706 Pontificem
644 2654 868 2691 Romanum
893 2653 931 2688 et
956 2647 1056 2688 alios

91 2716 300 2768 Principes
323 2716 492 2768 pag 73.
521 2713 702 2755 Conradi
736 2711 911 2760 Vecerii‚
946 2712 1059 2764 Reqiz'

91 2779 323 2827 Secretarii,
354 2779 511 2818 libellus
530 2778 578 2816 de
602 2777 721 2816 rebus
737 2775 861 2826 gestis
882 2776 1055 2826 Impera-

92 2843 188 2880 toris
205 2840 371 2880 Henrici
387 2841 469 2880 VII.
492 2852 578 2891 pag.
594 2840 657 2878 84.
678 2837 911 2883 Hermanni,
927 2837 1054 2877 Comi—

93 2902 142 2942 tis
167 2902 380 2951 Nuenarzt,
399 2903 534 2941 brevis
559 2902 730 2940 narratio
759 2900 808 2939 de
836 2901 985 2949 origine
1013 2905 1053 2939 ct

92 2965 255 3005 sedIbus
270 2967 491 3016 priscorum
508 2966 763 3009 Francorum,
788 2962 836 3002 ad
862 2961 1052 3002 Carolum

94 3029 134 3068 V.
162 3027 378 3069 Caesarem
395 3039 483 3080 pag.
499 3027 588 3068 102.
608 3028 695 3067 Vita
719 3031 758 3065 et
779 3029 889 3078 gesta
913 3024 1055 3065 Caroli

145 3188 178 3227 3)
200 3191 280 3221 Acta
301 3188 539 3226 Eruditorum‚
564 3187 653 3219 edita
677 3188 872 3219 Germanice
896 3192 989 3226 parte
1006 3187 1048 3217 ⁶20

88 3242 121 3269 et
140 3237 182 3268 27
202 3241 286 3270 tom.
311 3239 331 3270 2
355 3248 387 3279 p.
414 3238 484 3271 145.
507 3238 581 3270 210.

145 3287 181 3324 b)
201 3288 431 3330 Blbliotbeque
451 3288 638 3322 Raisonnee
659 3292 739 3320 tom.
757 3288 776 3318 7
793 3295 868 3328 pag.
892 3286 962 3318 114.
980 3295 1051 3326 seq.

149 3336 181 3376 c)
199 3338 318 3371 confer
334 3339 458 3372 laudati
475 3339 668 3372 Gundlinnii
683 3339 757 3369 Otia
774 3342 798 3370 t.
813 3338 833 3367 τ.)
850 3346 880 3377 p.
895 3336 967 3368 ⁶2¹5.
985 3345 1055 3378 seq.

2026 212 2104 251 lt97

1148 281 1295 331 Mayni,
1317 283 1566 322 Francorum
1587 284 1700 334 Bessis
1717 282 1940 336 fortissimi,
1956 287 1993 321 et
2008 284 2105 321 Ger-

1150 344 1308 383 maniae
1337 356 1435 384 suae
1467 345 1735 385 Illustratoris
1767 344 2105 397 Imperatorisque

1150 406 1290 457 optime
1318 408 1467 458 meriti,
1507 421 1575 460 per
1598 407 1888 460 Eqinliarclum,
1920 409 2033 456 sive,
2059 412 2104 446 ut

1150 468 1213 507 alii
1238 469 1397 520 habent,
1421 470 1678 511 ALCUINUM
1707 472 1743 521 b)
1765 471 1988 522 conscripta
2015 482 2103 521 pag.

1155 540 1243 579 407.
1271 541 1422 580 sEneae
1450 541 1587 594 Sylvii,
1619 542 1674 592 tit,
1703 544 1744 582 S.
1772 540 1944 582 Sabinae
1961 539 2104 581 Cardi-

1147 602 1252 643 nalis
1276 604 1484 652 Senensis,
1518 605 1567 643 dc
1596 606 1881 654 Bobemornm,
1906 609 1947 643 et
1969 616 2018 643 ex
2040 604 2102 642 his

1145 666 1432 716 Imperatorum
1452 668 1600 716 aliquot
1619 670 1766 718 origine
1781 674 1821 706 ct
1836 669 1970 719 gestis.
1991 668 2102 717 Opus

1144 732 1184 765 et
1207 730 1371 779 integris
1393 729 1563 779 periodis
1586 731 1892 781 locupletatum.
1913 736 1953 768 et
1976 730 2024 768 ab
2046 731 2102 767 in-

1144 793 1321 828 numeris
1344 797 1601 842 repurgatum
1624 793 1791 842 mendis⁷
1813 793 1929 843 idque
1950 806 1999 831 ex
2024 792 2100 830 fide

1140 855 1399 903 manuscripti
1439 856 1677 906 exemplaris
1709 856 1834 894 bonae
1876 861 2003 893 notae.
2037 855 2096 894 Ad

1138 912 1392 964 Alphonsum,
1412 917 1552 966 Reqem
1581 916 1862 968 Arraqonam,
1891 930 1975 969 pag.
2011 919 2097 956 126.

1138 976 1379 1028 Laitprandi
1394 1009 1402 1027 ‚
1437 978 1649 1018 Ticinensis
1677 979 1879 1020 Ecclesiae
1907 980 2096 1028 Levitae⁷

1139 1050 1286 1089 rerum,
1310 1041 1358 1079 ab
1381 1042 1562 1093 Europae
1582 1045 1892 1094 linpcratoribus
1914 1055 1959 1082 30
1987 1045 2101 1094 Regi-

1138 1101 1214 1141 bus
1242 1108 1472 1154 gestarum,
1498 1106 1583 1144 libri
1612 1107 1673 1145 vl.
1703 1106 1763 1145 Ad
1791 1106 2096 1159 Raymunduat,

1137 1163 1391 1204 Liberitanae
1417 1166 1618 1206 Ecclesiae
1647 1168 1687 1206 iu
1715 1169 1912 1220 Hispania
1935 1168 2098 1220 Episco-

1131 1239 1242 1280 pum.
1259 1241 1345 1280 pag.
1367 1231 1456 1269 2¹9.
1480 1232 1662 1282 Epitome
1688 1233 1975 1283 Imperatorum
2000 1234 2097 1270 Ger-

1139 1291 1410 1341 manicorum,
1440 1304 1556 1344 opera
1591 1293 1731 1333 Jacobi
1780 1292 2094 1346 Wimplzelinyii,

1136 1352 1436 1394 Selestacliensis
1473 1359 1511 1394 et
1537 1368 1703 1395 suorum
1731 1362 1930 1406 contexta,
1955 1368 2000 1396 ac
2022 1369 2095 1395 nu-

1135 1427 1205 1466 per
1228 1428 1298 1467 per
1325 1418 1526 1457 eruditum
1564 1421 1762 1468 quendam
1795 1420 2006 1470 recognita.
2031 1419 2092 1457 Ad

1139 1479 1321 1517 Thalnam
1345 1479 1394 1520 W
1393 1479 1566 1531 olplzium
1579 1483 1796 1533 jimiorem7
1815 1482 2010 1534 Pontificii
2021 1482 2093 1520 Ju-

1132 1541 1192 1579 ris
1206 1542 1477 1592 [titerpretem‚
1499 1555 1585 1594 pag.
1612 1546 1700 1584 315.
1719 1545 1940 1584 Chronicon
1956 1557 2091 1584 rerum

1132 1605 1482 1655 Moguntiacarum,
1507 1618 1577 1656 per
1599 1606 1828 1647 Conradum
1851 1607 2090 1658 Episcopum

1131 1668 1415 1719 conscriptum.
1465 1670 1568 1707 Cum
1616 1670 1857 1721 praefatione
1901 1670 2093 1709 Johannis

1134 1730 1339 1781 Hervaqii.
1364 1731 1425 1769 Ad
1444 1732 1612 1771 Beatum
1639 1732 1887 1772 Arnoalclum
1922 1732 2092 1772 Selesta·

1132 1791 1318 1840 diensem⁷
1350 1793 1489 1833 Caroli
1514 1796 1552 1833 V.
1586 1795 1777 1834 Caesaris
1806 1796 2088 1835 Secretarium.

1131 1856 1247 1893 Basil.
1266 1856 1380 1895 4532.
1398 1857 1460 1895 fol.
1478 1857 1582 1908 apud
1597 1858 1818 1897 Johannem
1837 1859 2090 1909 Hervagiuin‚

1129 1929 1220 1957 cum
1237 1921 1456 1969 praemisso
1473 1931 1606 1958 rerum
1619 1922 1933 1960 memorabilium
1948 1921 2089 1958 indico.

1182 1980 1241 2019 Ab
1284 1993 1329 2020 eo
1370 1986 1548 2032 tempore
1576 1983 1831 2034 Eginhardus
1868 1985 1916 2022 de
1962 1984 2089 2023 Caroli

1127 2044 1257 2093 Magni
1286 2045 1368 2083 vita
1398 2047 1542 2084 iterum
1582 2046 1788 2096 subjectus
1816 2047 1960 2098 praelis
1994 2057 2085 2085 cuni

1128 2106 1245 2144 Beati
1261 2106 1442 2146 Rhenani
1462 2107 1536 2146 An.
1561 2110 1676 2148 4542.
1693 2110 1869 2148 defuncti
1893 2110 2003 2148 libris
2023 2111 2085 2147 111.

1129 2180 1262 2207 rerum
1292 2169 1637 2220 Germanicarum,
1668 2173 1844 2211 Basileae
1877 2174 1991 2211 1551.
2024 2173 2087 2210 fol.

1129 2236 1170 2270 et
1210 2244 1302 2271 cum
1331 2233 1531 2283 Anonymi
1574 2234 1820 2273 Benedictini
1866 2234 2087 2273 Annalibus

1130 2296 1281 2347 Regum
1305 2297 1546 2335 Francorum
1576 2299 1713 2348 pipini,
1743 2298 1869 2338 Caroli
1899 2300 2027 2349 Magni
2047 2304 2088 2337 et

1185 2480 1220 2521 a)
1242 2483 1331 2514 Sunt
1351 2482 1541 2520 nonnulli,
1566 2485 1676 2523 inquit
1698 2484 1850 2515 laudatus
1864 2484 2089 2521 schminkius,

1124 2531 1184 2570 qui
1208 2531 1300 2562 hanc
1326 2531 1442 2563 Vitam
1468 2532 1590 2564 Caroli
1622 2533 1820 2572 Eqinlzarto
1850 2533 2088 2572 abjudicant,

1125 2585 1158 2613 et
1180 2581 1321 2613 Alcuino
1339 2580 1499 2613 tribuunt
1511 2606 1522 2622 ,
1547 2586 1586 2614 ut
1607 2583 1746 2615 MStum
1763 2583 2087 2623 Cajoqonuilleuoe,

1124 2631 1308 2663 Albericus
1330 2631 1526 2664 Monachus
1563 2633 1610 2662 ad
1644 2633 1784 2663 Annum
1808 2633 1882 2664 770.
1903 2633 2063 2664 Blandus
2077 2657 2088 2670 ‚

1122 2681 1319 2713 Petrarcha
1337 2685 1401 2712 etc.
1425 2682 1486 2712 sed
1509 2682 1547 2712 in
1573 2690 1727 2712 errorem
1744 2683 1886 2713 deducti
1907 2683 2083 2720 videntur,

1122 2731 1215 2771 quod
1241 2735 1277 2762 et
1299 2731 1471 2762 Alcuinus
1488 2741 1545 2762 res
1569 2736 1692 2772 qestas
1716 2733 1839 2764 Caroli
1862 2733 2086 2772 conscripse—

1121 2782 1188 2819 rit,
1212 2781 1249 2811 ul
1271 2781 1509 2812 Doctissimus
1535 2782 1755 2813 Ducleesnius
1779 2791 1824 2813 e-z·
1846 2783 1946 2815 Msto
1971 2783 2088 2815 Mais-

1121 2831 1277 2861 siacensi
1300 2831 1338 2861 in
1360 2833 1428 2872 fine
1451 2831 1557 2871 hujus
1584 2831 1667 2863 libri
1688 2834 1840 2872 notavit,
1858 2841 1945 2873 quos
1969 2833 2086 2872 scetus

1120 2882 1329 2921 iynorantia
1352 2882 1446 2912 inter
1463 2891 1499 2913 se
1515 2887 1765 2922 permutarunt
1779 2892 1823 2914 ac
1839 2883 2084 2922 confuderunt.

1120 2936 1171 2963 tot
1194 2933 1286 2962 enim
1313 2936 1460 2963 eoestant
1493 2933 1587 2964 MSS.
1613 2941 1701 2972 quae
1727 2933 1920 2972 Eqinlzarti
1959 2942 2085 2964 nomen

1121 2982 1354 3031 praeferunt,
1381 2986 1433 3012 tot
1457 2983 1675 3022 scriptores,
1701 2984 1815 3022 quiin
1839 2982 1941 3013 rebus
1962 2984 2085 3016 Caroli

1118 3047 1195 3069 eum
1218 3023 1335 3063 ’Χᾱῖᾱ
1351 3024 1459 3064 Ποδᾱ
1483 3042 1675 3076 sequuntur
1708 3043 1740 3069 et
1767 3043 1947 3070 auctorem
1968 3048 2081 3079 aquo-

1113 3092 1241 3126 scunt,
1265 3091 1303 3118 ut
1337 3087 1475 3118 nullum
1510 3088 1551 3117 (le
1585 3088 1737 3127 ¹qenuino
1761 3088 1866 3127 liujus
1890 3088 2000 3120 libelli·
2025 3098 2085 3130 pa-

1111 3143 1209 3169 rente
1235 3137 1458 3176 relinquatur
1476 3136 1630 3169 dubium.
1654 3137 1786 3177 Quibus
1805 3139 1941 3170 accedit
1965 3139 2081 3179 Lupus

1107 3187 1221 3220 Abbas
1245 3187 1490 3218 Ferrariensis
1506 3212 1515 3224 ‚
1539 3188 1643 3218 testis
1663 3189 1760 3218 omni
1782 3189 1992 3229 exceptione
2011 3199 2085 3221 ma-

1105 3237 1169 3277 jor
1185 3262 1195 3275 ‚
1219 3237 1280 3277 qui
1304 3238 1342 3267 in
1366 3237 1531 3277 Epistola
1550 3247 1613 3268 sua
1632 3239 1754 3277 prima
1769 3239 1816 3268 acl
1832 3239 2080 3279 Eqinleartum,

1112 3297 1216 3327 quam
1251 3287 1452 3318 certissime
1488 3286 1617 3318 tibrum
1640 3288 1729 3319 hunc
1753 3298 1833 3319 cero
1856 3299 1919 3321 suo
1943 3292 2082 3323 aurun-i

1118 3338 1284 3368 vinctu-cu.

1670 3409 1718 3445 02
