2500 3841
960 241 1249 281 FRANCO

128 311 272 350 Exstat
286 312 487 361 praetcrea
512 308 724 346 Franconis
749 309 867 359 hujus
889 311 1064 362 Epistola

118 373 274 424 duplex
298 376 390 410 tom.
415 370 520 409 XXI.
551 369 812 409 Bibliothecae
845 374 1001 411 Patrum
1027 387 1064 424 p.

128 433 216 474 327.
242 431 354 483 Quod
379 430 591 472 Monachus
631 428 777 480 abjecto
816 431 952 471 habitu
990 446 1064 472 uon

123 494 249 546 possit
265 493 433 533 salvari.
452 495 503 532 Et
523 504 608 544 pag.
634 492 711 530 328
733 491 787 530 ad
807 493 994 532 Moniales
1016 507 1063 533 ac

127 567 286 595 sorores
314 555 354 594 in
380 554 567 606 Biyardis
595 552 649 592 ad
673 552 891 606 forestum,
923 555 1064 594 Conso-

107 630 110 634 ’
126 617 281 656 latoria.
303 620 531 657 Tractatum
548 616 594 656 cle
616 627 741 655 cursu
755 615 861 654 vitae
876 616 1065 666 spiritua-

127 679 177 720 lis
199 692 269 731 per
292 680 567 720 distinctiones
590 680 676 728 X11,
699 679 785 716 sive
804 682 938 716 tomus
961 678 1066 728 dige-

124 747 233 782 stum
254 773 263 793 ,
301 754 420 794 quem
453 741 633 782 Oudinus
669 745 762 778 tom.
788 741 825 778 2.
849 751 934 790 pag.
959 740 1034 779 959
1057 771 1065 789 ‚

122 809 326 854 memorat,
350 816 427 843 non
451 808 545 856 puto
571 803 776 842 diversum
797 813 820 840 a
839 802 948 840 libris
972 803 1064 848 xil,

124 867 173 906 de
215 867 359 906 Gratia.
407 866 484 906 Sed
513 865 617 917 apud
652 864 823 904 eundem
862 865 1063 903 Oudinum

125 929 337 968 laudantur
359 930 478 968 etiam
502 928 715 967 Franconis
733 927 864 966 MStae
885 927 1066 966 lucubra-

125 991 252 1029 tiones
274 991 389 1035 duae,
407 1002 483 1030 una
507 990 553 1029 de
565 989 718 1042 jejunio
741 992 912 1040 quatuor
930 992 1050 1040 tempo

125 1062 229 1102 rum,
249 1056 289 1091 et
304 1053 426 1092 altera
441 1052 487 1091 de
505 1050 688 1091 laudibus
710 1052 754 1090 Β.
778 1052 829 1090 M.
859 1051 1042 1102 Vzryz'nz's.

175 1113 197 1136 *
223 1113 285 1153 Ad
308 1126 427 1164 quem
466 1115 715 1166 potissimum
746 1113 865 1151 huius
897 1114 1068 1151 nominis

122 1177 354 1227 scriptorem
383 1176 615 1216 referendus
644 1178 695 1214 sit
724 1175 821 1214 liber
843 1174 890 1213 de
915 1174 1069 1213 institu-

124 1237 223 1276 tione
257 1236 560 1286 Eucharistiae,
590 1239 735 1288 ignoro.
769 1239 927 1288 Reperit
955 1237 1066 1275 illum

124 1302 163 1338 P.
186 1302 360 1339 Martene
388 1302 428 1338 in
457 1301 650 1340 Coenobio
673 1298 719 1338 cle
741 1298 894 1350 Aqonz‘a
919 1298 1069 1339 Christi

125 1363 411 1402 Canonicorum
463 1363 714 1414 Regularium
770 1363 808 1401 S.
857 1362 1067 1412 Augustini

124 1435 243 1475 prope
286 1424 426 1464 urbem
467 1426 741 1476 Tungrensem
774 1436 865 1463 cum
909 1423 982 1462 hac
1012 1424 1068 1460 in-

125 1488 348 1538 scriptione.
389 1487 545 1526 Franco
574 1486 732 1525 humz'lz's
781 1485 995 1524 monachus
1024 1484 1069 1523 cle

125 1550 373 1588 institutione
393 1549 680 1588 Eucharistiae.
702 1548 798 1587 Vide
819 1549 977 1587 Itineris
992 1549 1071 1585 Lit-

126 1611 256 1650 terarii
285 1616 313 1650 t.
343 1612 382 1660 1,
415 1624 448 1663 p.
481 1612 570 1651 198.

175 1672 376 1713 FRANCO
420 1674 690 1713 Scholasticus
732 1672 981 1722 Leodiense's‚
1020 1673 1068 1711 ab

123 1735 392 1787 Affligemensi
415 1735 567 1775 Abbate
591 1737 728 1786 utique
749 1737 781 1784 a)
814 1735 1069 1786 distinguen-

124 1797 201 1838 dus
228 1799 330 1838 circa
359 1798 522 1837 Annum
553 1799 653 1837 1050
692 1799 850 1848 scripsit
890 1797 938 1835 ad
973 1798 1068 1835 Her-

130 1871 322 1899 mannum
363 1859 582 1899 secundum
604 1889 614 1906 ‚
638 1859 673 1907 b)
699 1860 880 1898 Coloniae
908 1858 1068 1897 Archie-

124 1923 342 1972 piscopum‚
366 1920 412 1959 de
427 1920 683 1972 quadratura
700 1919 864 1966 Circuli‚
885 1925 924 1958 et
944 1920 1063 1958 alium

121 1982 168 2022 de
186 1982 340 2022 ratione
367 1982 565 2035 computi,
590 1987 694 2022 teste
720 1983 944 2033 Sigerberto
983 1993 1067 2033 cap.

125 2045 214 2084 164.
229 2047 371 2084 Fertur
385 2051 425 2084 et
447 2046 489 2084 iu
506 2046 636 2085 sacris
656 2045 879 2097 Scripturis
902 2045 1072 2083 nonnul-

122 2107 181 2145 los
203 2108 474 2158 composuisse
498 2109 707 2146 Tractatus
729 2137 736 2152 7
775 2112 879 2146 teste
916 2107 1071 2145 Trithe-

122 2169 200 2206 mio
222 2179 307 2219 cap.
346 2167 421 2208 346
456 2169 526 2207 sed
556 2169 623 2219 qui
649 2173 766 2219 negat
802 2168 851 2207 ad
890 2170 1067 2207 notitiam

125 2241 237 2269 suam
262 2231 348 2269 illos
371 2232 618 2281 pervenisse.

174 2291 694 2332 FRANCOFURTENSIUM
723 2293 1067 2332 Dominicanorum

126 2352 302 2392 Annales
325 2354 374 2393 ab
396 2353 470 2393 An.
508 2355 609 2394 1360
634 2354 683 2393 ad
716 2355 816 2394 4500
852 2357 1019 2406 scriptos
1047 2368 1068 2395 a

124 2417 240 2454 Petro
278 2417 434 2466 HERP,
457 2416 617 2456 Ordinis
641 2416 901 2456 Praedicator.
933 2418 1066 2456 edidit.

121 2477 166 2516 V.
192 2478 248 2517 Cl.
288 2479 480 2518 Henricus
510 2479 761 2519 Christianus
791 2479 1068 2530 Senekenberg

127 2541 164 2578 in
189 2544 282 2578 tom.
305 2540 480 2580 secundo
502 2541 747 2580 Selectorum
763 2542 868 2580 Juris
884 2545 924 2579 et
943 2542 1070 2579 Histo-

125 2603 271 2642 riarum
291 2603 598 2652 Anecdotorum,
619 2603 863 2642 Francofurti
882 2603 1006 2652 1731,
1032 2604 1066 2641 8.

127 2664 237 2704 Idem
274 2670 368 2704 tom.
406 2666 531 2716 primo
575 2666 682 2705 dedit
732 2663 1067 2716 Deplomatarc'um

126 2725 460 2780 Francofurtense
484 2733 524 2767 et
548 2729 705 2768 statuta
726 2728 1067 2767 Francofurtensia

125 2789 200 2828 An.
227 2791 354 2839 ⁴352,
379 2802 462 2842 seq.
505 2791 574 2830 sed
599 2791 831 2829 Germanice
856 2790 1066 2840 pleraque:

124 2857 165 2891 et
187 2864 273 2904 pag.
295 2853 371 2892 507
390 2884 399 2901 ⁷
424 2866 507 2905 seq.
535 2856 744 2894 Historiam
765 2855 869 2892 Juris
899 2858 1066 2892 statuta-

123 2916 170 2953 rii
192 2915 441 2967 Reipublicae
461 2917 816 2963 Francosurtensis,
840 2927 960 2966 quam
983 2917 1065 2966 ipse

122 2979 369 3028 composuit,
394 2984 434 3018 et
452 2991 539 3031 pag.
559 2979 634 3017 634
654 3008 661 3025 ‚
692 2989 775 3028 scq-
796 2979 910 3017 Varia
925 2979 973 3017 ad
999 2980 1066 3017 Ju-

123 3039 242 3078 daeos
282 3042 632 3081 Francofurtenses
673 3044 712 3078 et
759 3041 783 3077 F
790 3041 1063 3090 ridbergenses

125 3104 354 3152 spectantia.
373 3102 503 3153 Atque
534 3104 571 3140 in
602 3103 888 3153 prolegomenis
909 3102 1066 3141 disserit

122 3163 170 3202 de
185 3163 381 3204 historicis
400 3176 531 3204 rerum
553 3165 941 3203 Francofurtensium
966 3167 1066 3203 anti-

175 3259 210 3300 a)
231 3261 367 3293 Dubitat
387 3261 587 3294 clarissimus
610 3261 745 3292 caveus..

177 3309 212 3348 b)
235 3312 444 3343 Hei-mannus
463 3312 502 3340 ΙΙ.
518 3310 846 3350 Archiepiscopatum
865 3313 978 3344 Colon.
995 3321 1071 3349 ges-

117 3360 161 3390 sit
184 3359 225 3390 ab
251 3363 345 3391 Anno
370 3360 461 3391 1056.
487 3361 526 3391 acl
552 3359 642 3391 10:55.

2000 249 2076 288 (505

1137 316 1360 366 quioribus‚
1389 317 1683 364 ENTRANDU,
1715 319 1828 356 Petro
1868 320 2070 362 llERPIO.

1141 376 1312 429 Philippo
1329 378 1578 418 SCllURGlO
1597 409 1604 425 ,
1636 380 1839 419 Beruardo
1863 383 2076 422 ROHRBA-

1137 438 1200 475 CH
1220 469 1228 487 ⁷
1251 438 1424 478 Johanne
1446 441 1658 487 LATOMO,
1682 442 1870 482 ,ilzchaele
1890 445 2072 485 SCHAL'-

1136 499 1357 547 BILLERO,
1379 501 2076 555 lls'olfganyoKOENlGSTEIN,Lau-

1137 560 1262 597 rentio
1299 563 1471 611 BULLA.
1507 565 1682 616 Caspare
1714 567 1925 615 CAMENZ,
1957 574 1998 607 ct
2025 571 2073 608 do

1139 623 1418 661 recentioribus
1435 625 1607 664 ,ΙοΙιαηηε
1627 628 1658 664 F
1660 627 1830 666 riderico
1848 630 2009 669 Faustio
2025 631 2076 671 ab

1139 680 1496 735 Aschaffcnburyo.
1521 692 1560 724 et
1591 687 1762 727 Johanne
1797 692 2074 732 Maoeimiliano

1140 753 1232 780 zum
1251 744 1426 794 Junqen,
1454 748 1629 799 Casparc
1653 751 1866 799 Saqittario
1885 785 1893 800 .
1928 755 2076 794 Achille

1139 802 1316 854 Auqusto
1340 818 1416 844 von
1439 808 1624 855 Lersmr,
1652 810 1855 851 Geblzarclo
1878 814 2072 859 Floriano,

1143 864 1318 918 Philippo
1332 867 1526 906 Luclovvico
1549 869 1721 909 :bittiaco
1745 875 1918 924 aliisque.
2064 862 2067 865 Ι

1195 928 1365 967 Joamzes
1389 928 1435 967 de
1466 930 1834 980 FRANCFORDIA⁷
1872 938 1966 975 infra
2004 941 2077 977 Jo-

1143 988 1318 1028 ANNES.

1199 1050 1456 1091 Theodericus
1481 1053 1784 1104 FRANCONIS,
1810 1057 1911 1106 vide7
1933 1057 2079 1099 THE«)-

1143 1113 1358 1153 DORICUS
1382 1113 1510 1153 Pauli.

1194 1177 1483 1218 FRECULFUS
1503 1190 1552 1217 ex
1575 1180 1762 1219 Monacho
1782 1181 1939 1220 Ordinis
1958 1184 2081 1222 Bene-

1142 1236 1276 1276 dictini
1300 1244 1340 1277 et
1368 1240 1518 1279 Abbate
1550 1242 1733 1281 Fuldensi
1774 1244 1993 1295 Episcopus
2031 1247 2079 1284 ab

1142 1299 1217 1338 An.
1241 1300 1318 1339 823
1339 1301 1387 1339 ad
1404 1303 1471 1342 851
1503 1305 1537 1340 in
1556 1304 1678 1342 Gallia
1697 1306 1964 1353 Lexoviensis‚
1986 1309 2083 1345 scri-

1142 1362 1221 1410 psit
1247 1365 1366 1401 tomos
1391 1363 1489 1402 duos
1515 1364 1829 1413 Chrom‘corimz;
1857 1379 2022 1417 quorum
2049 1376 2081 1417 a)

1143 1424 1246 1473 prior
1276 1426 1311 1462 in
1343 1425 1409 1464 Vll
1435 1455 1442 1473 ,
1474 1427 1645 1466 tributus
1675 1428 1794 1466 libros
1830 1429 1876 1467 ad
1920 1430 2084 1469 ELISA-

1143 1485 1344 1525 CHARUM
1360 1519 1370 1535 ,
1397 1489 1693 1539 Praeceptorem
1719 1502 1849 1538 suum,
1875 1503 1994 1542 quem
2019 1493 2085 1530 Ve-

1143 1547 1366 1587 rzeraudum
1385 1550 1635 1590 Sacerdotem
1665 1552 1700 1600 h)
1726 1547 1918 1604 appellat⁷
1943 1565 1965 1592 a
1993 1565 2085 1592 con—

1144 1608 1290 1648 ditione
1326 1613 1440 1661 primi
1476 1612 1645 1652 hominis
1682 1625 1807 1664 usque
1845 1615 1892 1653 ad
1930 1616 2083 1654 CHristi

1144 1672 1396 1712 nativitatem
1420 1676 1572 1713 Domini
1597 1707 1607 1723 ‚
1638 1676 1723 1714 sive
1755 1677 1916 1716 Annum
1950 1677 2083 1717 Mundi

1144 1734 1259 1772 5429.
1282 1736 1428 1774 Tomus
1451 1739 1644 1788 posterior
1679 1738 1834 1777 dicatus
1869 1739 2052 1778 Judithac
2076 1769 2083 1783 .,

1143 1796 1329 1835 Ludovici
1350 1799 1403 1835 Pii
1428 1800 1627 1839 secundae
1650 1800 1827 1852 Conjugi,
1845 1802 1952 1840 libris
1973 1804 2084 1852 quin-

1143 1869 1220 1907 que
1240 1870 1262 1897 a
1286 1861 1440 1899 CHristi
1466 1863 1687 1901 Servatoris
1712 1865 1917 1902 nativitate
1937 1864 1985 1902 ad
2015 1865 2085 1902 Bo-

1147 1921 1333 1961 nifacium
1358 1924 1432 1970 111,
1462 1926 1528 1974 qui
1552 1926 1741 1975 Papatum
1772 1927 1894 1976 gessit
1930 1927 1978 1965 ab
2010 1926 2082 1965 An.

1144 1981 1234 2020 607.
1260 1984 1332 2029 Qui
1355 1990 1518 2024 exstant
1542 1986 1723 2025 Chronici
1747 1988 1978 2027 Freculfiani
1999 1989 2081 2027 libri

1146 2044 1351 2084 duodecim
1377 2047 1555 2097 prodiere
1580 2049 1761 2088 Coloniae
1787 2051 1887 2089 1539
1911 2080 1919 2098 ,
1945 2051 2005 2089 fol.
2035 2063 2083 2090 ex

1147 2108 1365 2159 Egenolphi
1408 2110 1585 2158 officina,
1628 2116 1668 2149 et
1704 2112 1992 2152 emendatiores
2036 2125 2082 2151 ex

1143 2171 1453 2210 Commeliniana
1481 2172 1583 2211 1597
1602 2205 1613 2221 ‚
1638 2172 1674 2211 8.
1701 2185 1773 2212 nec
1799 2185 1874 2212 non
1897 2175 2086 2213 inBiblio-

1145 2232 1282 2271 thecae
1312 2235 1472 2273 Patrum
1516 2237 1691 2274 auctario
1726 2237 1956 2274 parisiensis
1987 2239 2084 2276 1639

1146 2299 1186 2334 et
1210 2296 1249 2333 in
1265 2295 1530 2335 Bibliothecae
1551 2299 1711 2336 Patrum
1732 2298 1972 2337 Coloniensis
1993 2302 2083 2335 tom.

1143 2358 1196 2395 IX
1219 2388 1228 2405 ,
1252 2361 1292 2396 et
1316 2358 1596 2409 Lugdunensis
1620 2364 1713 2398 tom.
1735 2358 1835 2398 XIV.
1861 2372 1944 2411 pag.
1971 2361 2081 2399 1061.

1142 2418 1355 2469 Anonymo
1384 2421 1598 2459 Mellicensi
1636 2433 1718 2472 cap.
1745 2423 1792 2460 64
1817 2422 1877 2459 hic
1908 2426 1969 2459 est
1998 2421 2085 2458 Fri—

1142 2479 1353 2531 cholphus,
1384 2482 1601 2535 Episcopus
1637 2484 1798 2522 scientia
1831 2482 2081 2533 doctrinaque

1136 2543 1395 2594 praecipuus,
1413 2556 1532 2594 quem
1549 2550 1703 2596 praeter
1717 2556 1875 2584 veraces
1896 2544 2079 2582 historias

1142 2602 1192 2642 ab
1216 2605 1381 2644 exordio
1405 2606 1546 2645 Mundi
1566 2619 1691 2658 usquc
1714 2606 1767 2644 ad
1786 2610 1958 2657 tempora
1981 2607 2079 2644 Nor-

1143 2670 1437 2717 comanitarum,
1465 2671 1519 2707 ait
1556 2671 1759 2719 scripsisse
1784 2666 2078 2718 explanationes

1142 2728 1181 2766 in
1206 2729 1382 2769 Genesin.
1409 2731 1486 2769 Sed
1510 2730 1745 2770 RABANL'M
1781 2731 1955 2767 Maurum
1994 2730 2079 2777 qni—

1141 2791 1228 2830 dem
1260 2792 1440 2832 hortatus
1480 2793 1683 2831 Freculfus
1709 2793 1802 2829 suit.
1830 2796 1869 2828 ut
1894 2790 2077 2839 explana-

1138 2855 1265 2892 tiones
1310 2857 1344 2893 in
1380 2855 1549 2894 Genesin
1585 2858 1856 2903 componeret.
1893 2853 1993 2888 sicut
2028 2863 2074 2888 ex

1139 2916 1315 2969 Epistola
1330 2918 1494 2956 Freculti
1511 2917 1558 2955 ad
1578 2916 1774 2954 ssabanum
1795 2918 1958 2951 constat.
1976 2924 2076 2962 qnae

1141 2981 1177 3017 in
1202 2984 1307 3017 tomo
1329 2980 1501 3018 secundo
1517 2979 1659 3018 Rabani
1680 2978 1848 3027 Operum
1865 2976 2077 3025 praemitti-

1140 3048 1203 3082 tur
1227 3044 1334 3081 libris
1358 3047 1525 3091 quatuor
1563 3041 1679 3077 huius
1717 3039 2004 3075 enarrationum
2037 3039 2073 3074 in

1140 3105 1325 3150 Genesin,
1364 3113 1462 3152 qnos
1504 3102 1717 3150 praemissa
1751 3098 1922 3147 Epistola
1940 3126 1948 3137 ,
1988 3098 2075 3135 Fre-

1194 3210 1226 3246 a')
1249 3208 1357 3239 solnm
1383 3207 1525 3244 priorem
1549 3207 1684 3233 Totnum
1714 3204 1854 3241 inspexit
1890 3203 2079 3242 sigebertus

1134 3269 1161 3290 c.
1186 3259 1225 3287 90
1247 3260 1277 3287 ct
1300 3254 1497 3285 Tritheinins
1521 3261 1593 3290 cap.
1618 3252 1689 3281 223⁰.

1193 3307 1228 3344 b)
1253 3308 1287 3334 ln
1311 3304 1461 3333 Carmine
1498 3302 1707 3335 hexametro,
1732 3299 1820 3339 quod
1856 3301 1896 3331 nd
1937 3300 2078 3332 eundem

1133 3356 1357 3388 Elisachurum
1382 3356 1612 3393 praemittitur.
