2500 3841
855 196 1392 238 CATIIANESIUS

135 267 257 306 cratis
280 266 501 313 Orationis,
525 276 604 315 qua
625 265 848 317 Evagoram
877 267 998 318 Cypri
1020 269 1094 307 Re-

136 341 222 381 gem
239 340 308 379 pro
330 329 466 367 funere
490 327 680 367 laudavit.
701 330 928 380 Praeterea,
949 331 1093 381 quibus

135 395 197 430 est
214 392 471 438 immortuus,
490 392 695 441 compositi
713 391 761 429 ab
778 403 823 431 eo
839 391 987 443 dz'aloqz'
1000 392 1092 442 dno,

135 464 240 493 unus
264 452 309 491 de
323 455 512 505 potestate
532 456 571 490 et
590 464 714 492 cursu
737 453 838 493 Solis
862 467 909 493 ac
932 456 1065 494 Lunae
1080 487 1090 504 ,

135 516 235 555 alter
270 514 316 554 de
353 513 456 553 ludis
482 515 679 554 Romanis.
712 517 875 568 Scripsit
903 521 942 556 et
970 529 1093 556 senex

138 581 278 628 poema
294 579 491 626 Latinum,
508 578 702 627 Genuam,
721 579 753 628 a)
771 581 809 616 in
825 581 991 630 gratiam
1012 580 1094 618 heri

136 641 223 691 sui,
251 635 469 679 Be'ndinelli
500 641 631 692 Sauli,
667 641 910 691 Cardinalis,
935 644 996 681 cui
1020 644 1094 680 Ro-

135 713 223 741 rnae
246 713 405 753 operam
427 703 616 753 Epistolis
636 704 854 743 scribendis
877 706 1089 755 praestitit:

132 769 172 803 et
193 765 327 803 Italico
342 766 529 804 carminis
553 766 910 816 octonorhythmici
929 779 1090 817 genere,

132 825 392 878 Solymidem,
423 828 507 866 sive
531 828 580 866 de
604 828 704 866 bello
729 839 862 875 sacro,
887 829 991 879 quod
1021 841 1090 880 pro

135 889 355 929 Palaestina
375 891 581 929 Saracenis
597 891 796 941 eripienda
813 890 856 930 A.
876 892 988 930 4096,
1007 902 1088 941 seq.

139 953 313 1002 suscepit
342 954 544 1003 gessitque
573 953 819 992 Godofredus
848 954 1088 992 Bullioneus.

133 1012 263 1052 Vitam
279 1014 464 1064 produxit
480 1027 606 1066 usque
623 1015 670 1053 ad
687 1015 732 1054 Α.
744 1017 757 1054 4
770 1016 857 1054 530.
875 1027 967 1054 cum
982 1017 1091 1066 prius

134 1074 210 1114 An.
236 1075 349 1115 4527.
374 1082 564 1128 occupata
587 1089 609 1116 a
632 1078 888 1117 Caesareanis
909 1078 1027 1127 Urbe,
1048 1079 1093 1116 li-

137 1137 297 1176 brorum
321 1138 357 1188 b)
387 1151 600 1190 rerumque
623 1151 784 1178 suarum
809 1139 1005 1190 jacturam
1041 1140 1096 1179 se-

133 1199 266 1237 cisset.
288 1201 335 1238 Ut
353 1212 477 1240 venae
493 1201 580 1251 ejus
601 1203 801 1252 specimen
823 1204 973 1241 Lectori
990 1214 1012 1241 a
1029 1214 1092 1240 me

136 1260 344 1311 offeratur,
369 1275 418 1301 en
435 1262 522 1313 ejus
537 1263 833 1316 descriptionem
855 1263 1092 1303 bombardae

135 1321 320 1374 majoris,
344 1336 420 1374 qua
438 1326 490 1363 illi
512 1326 658 1375 placuit
676 1328 978 1365 commentarios
999 1338 1093 1366 suos

136 1385 173 1423 in
197 1386 309 1424 Plinii
329 1389 613 1438 panegyricum
632 1388 878 1427 concludere.

151 1475 237 1512 Quid
258 1482 326 1505 non
348 1475 518 1506 audebunt
540 1477 692 1507 mortalia
710 1480 872 1516 pectora?
895 1478 1030 1517 quando

150 1523 319 1562 Fulmina,
342 1524 506 1556 terribiles
527 1527 672 1557 tonitrus
694 1528 888 1564 imitantur,
911 1530 944 1557 et
968 1528 1060 1566 ignes
1078 1529 1093 1556 P

150 1575 296 1613 Namque
320 1577 450 1614 reperta
472 1574 540 1606 sero
564 1576 701 1607 muralis
725 1577 883 1607 machina
903 1577 989 1608 bello
1003 1602 1013 1615 ‚

150 1625 213 1654 Seu
235 1624 343 1654 Meroe
366 1624 491 1663 solers,
517 1624 610 1656 fortis
633 1634 691 1656 seu
712 1626 868 1659 Rheticus
892 1635 1006 1658 omnes

149 1675 280 1713 Ingenii
305 1675 392 1705 vires
419 1674 534 1707 effudit
550 1699 559 1714 ,
584 1684 660 1708 cum
683 1680 801 1715 tonat,
824 1678 935 1716 ignem

152 1722 364 1754 Fulmineum
385 1727 507 1756 montis
531 1726 723 1765 speculatus
749 1728 872 1758 vertice
896 1727 937 1756 ab
963 1726 1029 1758 alto

150 1773 304 1804 Excussit
326 1777 446 1805 trunco
470 1777 631 1813 teretem,
655 1776 832 1815 medioque
857 1779 1007 1808 cavatam

149 1823 267 1861 Magna
290 1827 383 1862 parte
404 1825 454 1855 sui
469 1849 478 1862 ‚
505 1827 676 1864 totamque
699 1834 738 1857 ex
762 1834 836 1857 aere
859 1830 1008 1857 coactam
1025 1850 1034 1863 ‚

148 1872 357 1912 sphaeraque
371 1873 410 1904 de
423 1873 508 1905 ferro
522 1876 654 1913 penitus
670 1884 749 1906 cava
764 1878 894 1907 viscera
911 1875 1070 1915 complet.

151 1923 225 1953 Sive
247 1931 345 1962 super
371 1932 471 1955 curru
494 1924 648 1964 vehitur,
672 1933 728 1956 seu
753 1925 838 1956 celsa
860 1929 971 1956 tuetur

150 1972 266 2003 Castra
288 1971 360 2004 loco
374 1998 384 2012 ,
413 1973 521 2004 infuso
545 1976 668 2005 nitrato
690 1975 824 2014 pulvere
849 1977 967 2006 rimam

148 2024 212 2053 Per
235 2027 367 2054 tenuem
395 2023 485 2055 rocus
509 2026 677 2064 exsurgit3
701 2033 776 2055 mox
801 2027 919 2064 impete
941 2031 1034 2057 vasto

146 2073 324 2104 Excutitur
346 2081 467 2113 magno
491 2075 604 2104 sonitu
618 2097 628 2112 ‚
650 2082 837 2114 magnoque
859 2079 1001 2106 tremore

148 2123 266 2154 Ferrea
288 2131 396 2154 massa
421 2124 552 2163 volans,
577 2132 643 2154 non
666 2123 748 2154 dura
773 2125 929 2164 repagula
954 2131 1083 2163 contra,

151 2174 223 2203 Non
245 2173 369 2204 solidae
391 2177 522 2212 turres,
546 2182 608 2205 nec
631 2175 762 2204 maenia
783 2173 870 2212 lata,
897 2183 957 2206 nec
981 2183 1080 2214 agger

149 2224 245 2254 Ferre
266 2223 372 2261 valet,
395 2232 596 2264 quocunque
617 2225 709 2262 ruit,
733 2232 893 2255 concussa
917 2225 1076 2256 rescindit

151 2271 299 2312 Oppida,
327 2275 575 2313 prosternitque
597 2273 861 2316 solo-tabulata,
890 2275 1078 2315 trabesque,

152 2321 418 2362 Cardinibusque
441 2322 524 2354 sores
545 2325 668 2360 firmis,
691 2327 873 2363 pontesque
898 2325 1044 2357 resolvit.

151 2375 217 2404 Una
240 2374 340 2404 etiam
363 2377 449 2404 totas
472 2372 590 2413 dejecit
615 2373 750 2404 vulnere
776 2382 915 2413 pugnas.

150 2422 323 2461 Multiplici
347 2426 486 2454 consuta
512 2423 609 2454 modo
636 2422 761 2459 lorica,
787 2431 847 2453 nec
875 2425 985 2461 ensis,

151 2472 300 2508 Lancea,
324 2479 385 2503 nec
407 2471 561 2511 clypeus,
579 2480 639 2502 nec
661 2472 778 2502 thorax
801 2471 925 2510 profuit
952 2480 1088 2506 aeneust

155 2521 274 2550 Omnia
298 2521 489 2558 convolvit,
515 2522 664 2560 pedites,
688 2522 908 2559 equitesque,
934 2521 1085 2562 serosque

152 2569 365 2608 Membraque
389 2571 583 2609 corporibus
606 2570 737 2602 divulsa
761 2579 820 2609 per
842 2577 918 2601 aera
937 2573 1052 2611 jactat.

147 2621 306 2651 Desuetus
331 2619 417 2651 bello
439 2624 489 2651 cst
510 2621 618 2657 aries,
641 2619 772 2651 ballista
794 2620 933 2650 molares

144 2668 346 2706 Effundcns,
370 2668 587 2700 tremebundo
612 2671 757 2700 extincta
780 2669 948 2708 phalarica
974 2669 1077 2702 sumo.

146 2718 290 2749 Abstulit
312 2718 394 2750 haec
417 2722 580 2749 tormenta
605 2726 690 2749 nova
711 2720 834 2749 virtute
857 2719 1001 2756 Boarda,

143 2769 215 2798 Sive
237 2766 344 2807 placet
366 2767 548 2798 Bombarda
575 2769 695 2806 magis,
723 2775 807 2806 quae
828 2767 917 2799 dicta
945 2767 1073 2800 boatu:

142 2820 204 2849 Seu
227 2817 346 2848 bombo
370 2818 484 2856 procul
508 2819 649 2848 existens
673 2817 826 2848 mortalia
851 2816 950 2848 corda

144 2869 287 2899 Territat
308 2866 472 2898 horrendo
498 2868 638 2906 strepitu
653 2890 662 2904 ‚
685 2866 850 2906 longoque
874 2866 1018 2905 fragore.

142 2920 225 2949 Num
242 2919 320 2949 satis
339 2917 420 2948 illud
434 2921 524 2954 erat,
542 2916 630 2955 quod
649 2916 757 2947 vibrat
772 2916 812 2946 ab
826 2916 957 2947 aethere
976 2917 1076 2948 telum

140 2969 297 3007 Jupiter?
322 2967 451 2998 excindi
475 2965 575 2997 simili
601 2967 663 2997 nisi
689 2964 837 3003 lampade
860 2969 962 2996 terras
979 2968 994 2996 P

140 3019 311 3057 Tanquam
336 3015 425 3047 nulla
449 3014 556 3047 forent
579 3019 712 3046 nostrae
736 3013 934 3053 compendia
957 3016 1056 3046 vitae.

176 3181 210 3222 a)
234 3181 545 3220 Laudat‘Gyraldus
583 3182 607 3211 l.
643 3179 682 3210 dc
719 3181 823 3219 poetis
846 3181 894 3210 sui
921 3184 1076 3220 temporis

117 3241 194 3273 pag.
216 3232 269 3263 42.

178 3281 212 3320 b)
234 3280 453 3313 Clarmundus
473 3284 561 3311 ionio
585 3281 622 3310 Vl
647 3280 787 3310 vitarum
812 3287 886 3319 pag.
911 3279 980 3311 ΜΓ).
1003 3281 1079 3311 Dia-

116 3332 201 3373 rium
222 3330 436 3362 Eruditorum
461 3330 573 3361 ltaliae
601 3334 689 3361 tomo
712 3329 840 3361 decimo
863 3338 935 3369 pag.
959 3330 1030 3363 0254.

2048 205 2127 244 335

1217 268 1346 308 Adam
1373 268 1744 320 CATHANESIUS,
1774 283 1921 323 supra,
1952 285 1987 323 p.
2021 274 2057 312 9.

1221 332 1513 373 CATHARINA
1549 333 1832 383 Bononiensis,
1877 335 2036 374 Ordinis
2081 338 2120 376 S.

1168 395 1304 433 Clarae
1328 394 1560 443 Abbatissa,
1586 396 1765 435 libellum
1799 395 1844 435 de
1864 397 2126 437 Revelaciomz

1169 455 1240 496 bus
1269 457 1341 496 An.
1369 459 1485 497 4458.
1512 458 1590 497 sibi
1609 458 1728 511 factis
1759 462 1942 511 scripsit,
1968 462 2119 501 editum

1167 521 1362 560 Bononiae
1387 522 1501 560 4544.
1526 523 1638 561 4556.
1661 527 1700 560 et
1723 523 2028 564 Venetiisl583.
2048 525 2127 563 Ve—

1167 593 1284 620 ronae
1313 586 1446 621 natam
1476 594 1544 633 se,
1574 588 1613 622 et
1642 585 1840 623 Ferrariae
1883 585 2091 625 educatam
2111 617 2120 635 ,

1166 644 1407 694 CHristoque
1437 644 1716 694 desponsatam
1747 647 1830 697 ipsa
1862 647 1967 698 apud
2000 648 2118 686 Wad-

1165 704 1329 755 dingum
1359 717 1444 755 pag.
1476 706 1537 743 88.
1567 707 1829 747 Bibliothecae
1864 709 2023 748 Ordinis
2053 712 2120 749 Mi-

1169 777 1310 805 norum
1335 767 1481 806 diserte
1505 769 1738 818 profitetur,
1764 771 1864 809 solet
1892 776 2026 810 tamen
2050 773 2124 810 Bo-

1165 828 1379 878 noniensis,
1398 841 1475 867 non
1490 830 1719 869 Veronensis
1733 863 1744 880 ,
1762 833 1827 870 vel
1842 833 1876 869 F
1878 834 2122 873 errarz'ensz's

1167 891 1373 940 appellari,
1390 892 1482 940 quia
1503 891 1693 941 majorem
1714 898 1867 943 partem
1890 896 1994 933 vitae
2018 901 2125 935 tran-

1165 953 1268 1002 segit
1295 954 1518 1002 Bononiae,
1549 953 1679 1004 ibique
1710 954 1895 994 defuncta
1927 960 1988 994 est
2011 957 2126 995 Anno

1166 1014 1280 1052 4463.
1305 1015 1327 1052 9
1352 1016 1499 1065 Martii,
1530 1028 1606 1066 quo
1636 1018 1709 1055 coli
1738 1029 1826 1056 eam
1856 1030 1967 1057 sacro
1997 1021 2122 1058 officio

1166 1075 1330 1114 indulsit
1358 1077 1545 1116 Clemens
1569 1079 1652 1117 VII.
1682 1083 1721 1117 et
1749 1080 2024 1131 Martyrologio
2047 1083 2121 1120 Ro-

1169 1149 1284 1176 mano
1306 1139 1463 1177 inscribi
1484 1140 1671 1179 Clemens
1691 1142 1791 1180 VIII.
1810 1143 1976 1193 Scripsit
1999 1148 2039 1181 et
2061 1154 2125 1182 eo-

1168 1200 1258 1238 dem
1280 1201 1502 1253 Waddingo
1522 1206 1624 1241 teste
1645 1203 1859 1242 Catharina
1879 1215 1951 1243 sua
1973 1216 2094 1244 manu
2111 1235 2120 1249 .

1166 1263 1349 1302 idiomate
1364 1266 1501 1303 Latino
1518 1266 1645 1316 ,quod
1670 1267 1823 1316 egregie
1844 1267 2027 1315 callebat,
2044 1270 2119 1306 Ro-

1162 1325 1319 1364 sarz'um
1351 1327 1558 1365 met‘rz'cum
1594 1327 1640 1366 (le
1675 1328 1877 1379 Mystert'z's
1915 1329 2119 1368 Passionis

1168 1388 1334 1427 CHrtstt
1353 1390 1526 1438 Domini,
1557 1395 1598 1429 et
1627 1392 1841 1430 vernaculo
1873 1393 1958 1429 sive
1989 1393 2122 1431 Italico

1163 1451 1340 1490 libellum
1370 1450 1416 1490 cle
1444 1456 1588 1504 septem
1616 1453 1742 1491 armis
1779 1454 2017 1493 necessariis
2052 1466 2119 1493 su-

1164 1511 1299 1551 beunti
1323 1517 1523 1552 certamen
1551 1514 1774 1565 spirituale.

1217 1573 1505 1615 CATHARINA
1530 1575 1576 1614 cle
1606 1576 1901 1626 Geweswee‘ler,
1933 1579 2122 1617 Priorissa

1160 1638 1436 1688 Subtiliensis⁷
1468 1640 1553 1677 sive
1583 1640 1926 1688 Unterlindensis,
1958 1641 2117 1680 Ordinis

1156 1701 1401 1739 Dominicani
1417 1730 1424 1748 ,
1440 1701 1658 1740 Colmariae
1677 1702 1715 1738 in
1731 1700 1882 1740 Alsatia
1898 1701 2001 1740 diem
2020 1702 2115 1740 obiit

1159 1764 1261 1801 cirea
1281 1762 1441 1801 Annum
1463 1764 1562 1802 4330
1585 1764 1740 1814 propior
1761 1766 2087 1814 septuagenariae
2105 1794 2113 1813 ‚

1164 1825 1401 1875 scripsitque
1431 1825 1574 1863 librum
1605 1824 1651 1863 cle
1678 1824 1771 1863 vitis
1794 1825 2026 1876 primarum
2055 1837 2115 1864 so-

1163 1898 1302 1925 rorum
1332 1888 1437 1926 illius
1460 1889 1683 1926 Monasterii
1704 1916 1711 1936 ,
1739 1889 1777 1924 in
1802 1899 1879 1937 quo
1911 1888 2120 1926 educatam

1163 1960 1206 1987 se
1231 1960 1252 1987 a
1275 1950 1444 2000 pueritia
1467 1950 1589 1988 fuisse
1610 1949 1834 2000 profitetur.
1859 1951 2014 1988 Primus
2038 1950 2118 1988 edi-

1161 2010 1217 2048 dit
1241 2011 1466 2050 Bernardus
1496 2013 1570 2050 Pez
1600 2016 1705 2050 tomo
1728 2013 1830 2051 VIII.
1854 2012 2119 2051 Bibliothecae

1157 2074 1350 2111 asceticae
1374 2075 1682 2123 antiquo—novae
1706 2086 1793 2124 pag.
1819 2075 1978 2113 313-399.
2011 2076 2118 2112 Rati-

1161 2134 1307 2173 sbonae
1343 2134 1471 2184 4725,
1510 2136 1544 2173 8.
1585 2147 1634 2173 ex
1670 2137 1899 2174 recensione
1934 2136 2119 2174 Matthiae

1159 2196 1383 2251 Thanneri,
1418 2197 1670 2237 Carthusiani
1711 2198 2013 2248 Friburgensis,
2051 2200 2116 2248 qui

1157 2259 1206 2297 ad
1230 2260 1408 2310 praelum
1437 2259 1634 2299 destinato
1664 2260 1948 2310 praefationem
1978 2264 2018 2299 et
2047 2272 2115 2311 ap-

1160 2321 1368 2371 pendicem
1389 2333 1547 2372 quoque
1571 2320 1832 2372 adjunxerat,
1853 2334 1953 2372 quae
1974 2326 2014 2361 et
2034 2324 2118 2372 ipsa

1157 2382 1220 2421 hic
1239 2395 1261 2421 a
1281 2383 1437 2422 laudato
1456 2385 1568 2423 Pezio
1592 2395 1678 2434 pag.
1699 2384 1872 2423 [too-452
1892 2385 2112 2423 exhibetur.

1157 2444 1267 2483 Idem
1291 2450 1427 2483 monet
1456 2445 1599 2484 librum
1630 2445 1736 2483 hunc
1765 2447 1804 2483 in
1835 2445 1976 2485 Codice
1999 2446 2114 2484 Balu-

1157 2506 1268 2544 ziano
1292 2511 1331 2543 et
1355 2506 1459 2556 apud
1479 2506 1669 2545 Jacobum
1688 2506 1915 2545 Echardum
1940 2511 2032 2543 tom.
2055 2508 2108 2549 II

1156 2579 1241 2617 pag.
1275 2568 1342 2606 834
1376 2579 1582 2618 perperam
1613 2568 1730 2606 tribui
1760 2568 1885 2606 ELIS
1883 2567 2039 2606 XBETH
2043 2568 2108 2606 AB

1155 2628 1368 2667 STAGLIN
1388 2659 1396 2677 ,
1437 2631 1594 2667 natione
1636 2630 1849 2667 Helvetiae.

1204 2692 1242 2729 S.
1267 2690 1552 2730 CATIIARINA
1578 2691 1760 2730 Senensis
1784 2692 1903 2729 etiam
1930 2693 2011 2741 ipsa
2035 2693 2106 2731 Or-

1148 2753 1250 2791 dinis
1274 2754 1517 2791 Dominieani
1540 2754 1678 2802 Virgo,
1711 2764 1852 2803 magna
1876 2765 1967 2791 eum
1992 2755 2103 2793 vive-

1147 2820 1206 2853 ret
1229 2816 1487 2859 auctoritate,
1513 2819 1552 2853 et
1576 2820 1664 2865 post
1688 2820 1855 2853 mortem
1883 2827 2003 2865 quam
2028 2817 2102 2854 Ro—

1150 2888 1235 2914 inae
1259 2876 1372 2915 Anno
1398 2878 1524 2925 4380,
1549 2878 1597 2915 229
1623 2877 1767 2928 Aprilis
1791 2877 1905 2916 obiit.
1942 2878 2099 2917 Sanctis

1149 2938 1345 2989 adscripta
1368 2940 1400 2987 a)
1426 2950 1447 2977 a
1472 2940 1535 2977 Pio
1558 2940 1604 2977 ll.
1623 2939 1695 2977 An.
1720 2941 1732 2978 4
1747 2940 1831 2978 464.
1854 2939 1948 2978 Υἰᾶο
1971 2941 2097 2979 Vitam

1150 3000 1384 3039 Catharinae
1404 3012 1424 3038 a
1445 2999 1720 3040 RAYMUNDO
1734 3001 1782 3039 de
1799 3002 1930 3039 vincis
1947 3002 2099 3053 Capua-

1146 3073 1194 3099 no
1218 3062 1320 3112 apud
1345 3062 1504 3101 Surium
1529 3063 1577 3101 ⁶29
1602 3062 1722 3113 April.
1748 3068 1787 3101 et
1812 3065 1847 3101 in
1873 3062 1982 3103 Artis
1999 3066 2095 3103 San-

1145 3129 1298 3163 eloruin
1324 3125 1371 3162 30
1397 3124 1518 3175 April.
1548 3130 1639 3162 tom.
1668 3127 1743 3172 lli,
1769 3137 1852 3175 pag.
1884 3126 1971 3163 8:323.
1999 3128 2093 3165 Bzo-

1146 3189 1254 3225 vium
1291 3188 1336 3226 ad
1377 3186 1534 3226 Annum
1576 3189 1589 3226 4
1601 3188 1675 3225 370
1696 3219 1702 3236 ,
1735 3200 1840 3226 nuni.
1880 3189 1940 3226 20.
1979 3200 2088 3240 seqq.

1205 3329 1237 3368 a)
1251 3331 1381 3361 [aerius
1396 3330 1604 3362 Cherubinus
1622 3334 1643 3361 t.
1659 3332 1764 3371 primo
1780 3331 1914 3363 Bullarii
1934 3339 2009 3371 pag.
2021 3332 2093 3364 580.
