2500 3841
903 186 1360 241 BERNAnnus
2055 198 2124 238 mi

126 253 174 292 de
199 253 285 293 libri
309 252 415 292 Illius
438 255 756 293 conservatione.
783 267 869 307 pag.
889 259 1006 298 4480.
1029 260 1097 299 VII

124 328 174 355 ex
214 316 313 354 libro
346 316 411 354 cui
451 315 620 354 titulus:
645 316 876 357 Eoeordium
911 331 1099 373 maqnum

126 376 394 417 Cisterciense
421 408 433 426 ,
481 376 737 418 distinctione
784 383 960 422 secunda
1009 395 1095 436 pag.

176 504 417 555 Fragmenta
445 514 496 542 ex
528 505 783 544 HERBERTI
819 505 929 545 libris
962 507 1010 545 de
1030 509 1099 546 Mi-

121 565 268 606 raculis
301 566 635 606 Cisterciensium
669 567 965 608 Monachorum.
1006 581 1093 621 pag.

170 688 324 730 ALANI
345 691 531 742 Episcopi
550 690 911 734 Autissiodorensis
935 695 983 734 de
998 695 1087 735 Vita

119 752 158 792 S.
182 752 400 792 Bernhardi
425 765 513 805 pag.
538 755 642 795 4252
666 760 706 794 et
735 757 992 808 Epitaphium
1017 769 1087 796 au-

116 818 224 854 ctore
244 813 419 858 ADAMO
443 816 492 855 de
517 817 557 856 S.
583 818 738 857 Victore
755 831 842 870 pag.
868 820 962 859 4294
992 821 1084 858 Fra-

115 882 279 929 gment-a
292 890 343 918 ex
362 879 451 918 Vita
473 881 621 931 scripta
639 892 662 919 a
680 880 934 920 GAUFRIDO
950 883 1082 921 Mona-

116 940 191 979 cho
227 941 511 981 Clarevallensi
552 954 639 994 pag.
692 944 806 983 4292.
837 943 1083 983 JOHANNIS

114 1003 317 1043 Eremitae
340 1003 389 1043 de
426 1005 515 1045 Vita
539 1006 579 1046 S.
611 1005 833 1045 Bernhardi
863 1005 949 1044 libri
970 1006 1003 1044 II
1033 1004 1083 1043 ad

116 1066 278 1106 Petrum
295 1067 568 1107 Tusculanum
586 1069 841 1120 Episcopum.
860 1079 947 1118 pag.
966 1067 1084 1106 4294.

115 1128 383 1168 PHILOTHEI
399 1131 577 1169 Monaehi
589 1132 757 1170 Carmen
770 1130 988 1180 elegiacum
1003 1130 1085 1167 En-

115 1191 390 1230 comiasticum
428 1203 517 1244 pag.
563 1194 680 1233 4340.
724 1189 927 1232 NICOLAI
964 1191 1084 1232 HAC-

115 1251 369 1298 QUEVILLE
387 1285 396 1304 ,
416 1255 588 1294 Senatus
612 1254 846 1294 Parisiensis
868 1253 1080 1303 Praesidis,

115 1315 164 1355 de
180 1315 363 1356 laudibus
383 1317 422 1356 S.
439 1316 657 1357 Bernhardi
673 1321 713 1357 et
737 1318 819 1356 situ
833 1316 972 1356 Clarae
992 1317 1083 1357 Val-

116 1378 165 1418 lis
188 1391 276 1430 pag.
301 1380 417 1420 4322.

166 1441 430 1482 BAPTISTAE
462 1440 724 1482 MANTUANI
745 1454 796 1482 ex
817 1442 914 1481 libro
938 1446 1079 1481 octavo

113 1505 324 1544 Fastorum
360 1517 450 1556 pag.
487 1506 602 1545 4523.
634 1505 785 1544 Ibidem
813 1506 962 1543 mentio
987 1505 1081 1544 Car-

112 1567 258 1616 minis,
289 1566 396 1617 quod
424 1568 463 1605 in
502 1567 662 1606 laudem
690 1567 828 1606 Clarae
869 1567 991 1606 Vallis
1029 1567 1080 1607 ad

110 1628 385 1669 Bernhardum
415 1631 575 1681 scripsit
598 1629 867 1670 ANSELMUS
896 1630 970 1669 hoc
1008 1631 1081 1669 ini-

110 1693 190 1732 tio:
221 1691 343 1733 Vallis
371 1692 555 1742 deveoea,
589 1704 710 1745 quam
746 1704 858 1731 mons
898 1691 1080 1733 deveoeus

108 1758 260 1808 opacat.
290 1755 442 1794 Deinde
474 1758 655 1806 sequitur
685 1758 861 1806 prosario
895 1767 1078 1795 sermone

107 1818 336 1859 ANONYMI
367 1816 579 1869 descriptio
616 1819 823 1868 positionis
855 1819 941 1857 sive
972 1819 1074 1856 situs

105 1881 332 1921 Monasterii
369 1880 507 1920 Clarae
543 1881 666 1919 Vallis
706 1891 793 1932 pag.
831 1881 944 1920 4323.
975 1882 1073 1920 Hinc

106 1955 238 1983 sermo
266 1942 504 1983 GAUFRIDI
524 1942 600 1982 An.
622 1945 724 1983 4463
755 1944 915 1983 habitus
936 1946 974 1982 in
1005 1955 1075 1982 an-

106 2008 325 2045 niversario
362 2006 495 2045 obitus
529 2007 568 2046 S.
603 2007 822 2046 Bernhardi
847 2019 936 2058 pag.
970 2007 1072 2047 4326

104 2068 299 2120 Ejusdem
326 2069 506 2120 Epistola
527 2069 578 2108 ad
601 2068 792 2108 Albinum
822 2069 1073 2109 Cardinalem

104 2136 146 2172 et
167 2133 410 2183 Episcopum
446 2130 718 2171 Albanensem
742 2131 792 2170 de
830 2130 1073 2170 condemna-

105 2196 212 2235 tione
236 2193 407 2234 Gilberti
423 2194 642 2234 Por-rotam·
659 2206 747 2246 pag.
773 2195 876 2234 4336
899 2199 941 2234 et
964 2194 1074 2233 libel-

103 2258 168 2298 lus
196 2262 336 2298 contra
368 2261 540 2309 quatuor
575 2258 748 2310 capitula
785 2255 967 2308 ejusdem
991 2257 1073 2296 Gil-

102 2321 229 2371 berti,
252 2322 515 2362 Pictaviensis
550 2321 738 2372 Episcopi
776 2331 863 2372 pag.
888 2321 1004 2360 4352.
1030 2321 1071 2360 S.

101 2384 320 2424 Bernhardi
345 2384 583 2435 Symbolum
607 2382 742 2432 Fidei,
768 2382 969 2421 erroribus
990 2383 1072 2422 Gil-

100 2446 202 2485 berti
221 2447 448 2497 oppositum
471 2456 560 2496 pag.
586 2445 702 2484 4356.
737 2443 932 2494 Ejusdem
967 2444 1072 2483 Gau-

101 2507 190 2546 fridi
212 2508 389 2559 Epistola
414 2507 464 2546 ad
492 2507 751 2554 Josbertum‚
775 2508 816 2544 in
839 2517 919 2557 qua
946 2507 1069 2545 Notae

101 2569 150 2610 ad
169 2571 398 2610 Orationem
416 2570 661 2607 Dominicam
680 2581 767 2620 pag.
787 2569 889 2608 4356
904 2570 960 2607 De
977 2571 1070 2607 Ber—

100 2630 252 2671 nhardo
273 2630 388 2670 Anno
410 2629 512 2670 4474
537 2631 694 2669 Sancus
721 2630 946 2681 adscripto,
975 2631 1069 2681 Epi—

100 2694 225 2733 stolae
243 2693 501 2733 TORMUNDI
525 2692 860 2731 Claraevallensis
884 2704 922 2742 p.
947 2693 1063 2731 4359.

99 2756 394 2797 ALEXANDRI
432 2755 617 2806 III,pag.
659 2754 760 2792 4360
786 2759 826 2792 et
861 2755 1064 2795 IIENRICI

98 2819 265 2860 Abbatis
284 2816 616 2858 Claraevallensis
635 2827 721 2866 pag.
742 2817 857 2855 4363.

152 2883 210 2921 De
234 2882 272 2921 S.
293 2879 522 2920 Bernhardo
546 2879 774 2917 testimonia
802 2878 1062 2930 Pontificum,

100 2944 368 2986 Cardinalium
379 2974 387 2993 ⁷
400 2943 703 2994 Episcoporum‚
726 2941 897 2990 Regum,
919 2942 1065 2980 PrInci-

98 3018 301 3058 pumque,
324 3004 523 3045 Abbatum
547 3008 587 3042 et
610 3003 862 3043 Generalium
881 3015 888 3040 :
925 3004 1064 3042 Docto-

100 3075 192 3108 r'um
214 3068 502 3118 Theologorum
518 3097 528 3115 ,
550 3066 836 3117 Religiosorum
860 3076 909 3103 ex
933 3064 1064 3103 dlver-

102 3131 158 3170 sis
179 3130 413 3178 Ordinibus,
438 3129 627 3168 JCtorum
651 3131 691 3165 et
713 3127 922 3166 Oratorum
941 3155 949 3174 ,
971 3127 1065 3165 lllu-

101 3194 243 3232 strium
262 3193 540 3232 Foeminarum
564 3195 604 3229 et
620 3189 954 3229 Heterodoxorum
976 3200 1061 3240 pag.

101 3255 204 3302 4364
232 3267 326 3295 cum
361 3255 507 3294 IIorstii
544 3254 748 3306 paraenesi
773 3251 821 3291 ad
852 3253 1062 3292 sectarios.

101 3328 188 3369 pag.
214 3317 313 3357 4376
334 3322 374 3357 et
399 3316 515 3357 4377.

1230 261 1431 302 Hactenus
1450 262 1565 304 editio
1590 265 1762 318 Operum
1785 269 1826 307 S.
1845 266 2077 307 Bernhardi

1406 326 1622 366 novissima
1642 329 1895 369 Parisiensis.

1221 384 1283 425 Ab
1305 398 1351 425 eo
1374 392 1551 440 tempore
1574 391 1653 429 Viri
1672 392 1935 431 laudatissimi
1950 392 2132 432 Edmun-

1170 446 1247 487 dus
1268 451 1442 489 Martene
1462 455 1503 490 et
1524 453 1691 492 Ursinus
1712 454 1872 493 Durand
1893 459 1988 493 tom.
2013 456 2025 494 I
2048 467 2130 494 mo-

1171 516 1454 551 numentorum
1474 515 1663 553 Veterum
1688 516 1956 567 vulgaverunt
1976 516 2132 570 Episto-

1169 571 1230 613 las
1257 575 1416 623 XXXV,
1441 586 1530 626 pag.
1564 575 1640 615 726
1679 588 1762 628 seq.
1787 583 1828 617 et
1852 579 1890 617 in
1924 579 2128 630 Epistolas

1165 637 1275 686 prius
1311 637 1439 675 editas
1472 638 1682 678 observata
1716 641 1910 690 quaedam
1939 654 1988 681 ex
2017 643 2125 682 MSS.

1162 709 1249 748 pag.
1269 698 1346 736 744
1363 702 1404 736 et
1422 697 1608 750 hymnum
1626 701 1664 738 S.
1680 702 1897 741 Bernhardi
1916 703 1963 742 cle
1982 705 2021 744 S.
2039 706 2126 744 Ma-

1160 758 1292 798 lachia
1306 761 1500 812 Episcopo
1519 761 1689 800 Hiberno
1708 767 1749 801 et
1769 764 2017 805 Confessore.
2037 779 2124 818 pag.

1163 822 1255 861 746.

1212 886 1390 925 Narratio
1414 887 1692 926 Miraculorum
1711 887 1749 926 S.
1774 888 2012 939 Bernhardi,
2038 895 2064 929 t.
2093 893 2125 931 Ι.

1158 946 1453 988 Anecdotorum
1483 948 1664 999 ejusdem
1697 952 1889 990 Martenii.
1916 963 2003 1003 pag.
2034 955 2121 992 399.

1211 1011 1349 1050 Plures
1373 1010 1460 1062 ejus
1485 1013 1698 1051 Sermones
1726 1014 1929 1052 recensuit
1966 1016 2122 1054 Franci-

1158 1083 1252 1112 scus
1277 1074 1540 1113 Combelisius
1565 1074 1603 1113 in
1629 1075 1870 1114 Bibliotheca
1906 1076 2124 1116 Coneiona-

1157 1137 1267 1175 toria.
1284 1138 1410 1175 Latini
1431 1138 1569 1176 Latinii
1589 1149 1737 1189 paucae
1756 1138 1949 1189 quaedam
1966 1140 2005 1177 in
2028 1141 2122 1178 Ber-

1158 1198 1296 1238 nhardi
1335 1201 1483 1251 scripta
1519 1200 1827 1239 Observationes
1866 1201 2054 1252 leguntur
2082 1203 2121 1240 in

1154 1261 1396 1301 Bibliotheca
1427 1263 1551 1314 ipsius
1587 1263 1888 1314 sacro-profana
1921 1268 2124 1321 postuma.

1155 1334 1243 1375 pag.
1272 1324 1349 1363 487
1371 1336 1454 1375 seq.

1207 1385 1400 1427 Matthaei
1410 1385 1628 1427 fladeberti
1647 1388 1762 1427 flores
1777 1389 1953 1439 Operum
1969 1390 2013 1427 D.
2025 1391 2118 1428 Ber-

1154 1450 1295 1490 nhardi
1331 1451 1441 1489 libris
1463 1452 1519 1490 XI
1552 1450 1668 1489 video
1701 1451 1902 1501 subJectos
1921 1452 2116 1502 prioribus

1154 1512 1392 1564 quibusdam
1416 1511 1538 1563 hujus
1553 1514 1764 1564 Scriptoris
1786 1513 2047 1563 editionibus,
2069 1518 2115 1552 ut

1153 1574 1453 1626 Antwerpiensi
1477 1574 1522 1614 A.
1550 1573 1651 1614 4575
1676 1575 1738 1613 sol.

1207 1639 1263 1678 De
1294 1637 1451 1678 Musica
1486 1636 1694 1686 Bernardi,
1733 1648 1853 1687 quam
1889 1636 2011 1676 edidit
2033 1639 2115 1676 Jac.

1152 1701 1374 1750 Hommey,
1400 1700 1552 1739 dictum
1577 1700 1678 1738 infra
1700 1700 1739 1737 in
1768 1700 2013 1739 BEBIN'ONE.
2037 1702 2121 1738 Mu-

1156 1763 1260 1801 sicae
1276 1761 1481 1812 subjunxit
1494 1761 1786 1813 eoeposz‘tz'onum
1800 1761 2016 1801 Moralium
2029 1764 2121 1801 Par-

1148 1829 1210 1863 tes
1234 1825 1332 1864 duas
1353 1837 1439 1876 pag.
1466 1826 1514 1862 69
1535 1829 1576 1863 et
1594 1823 1641 1862 de
1657 1835 1822 1875 corpore
1845 1824 2004 1863 Domini
2024 1837 2111 1876 pag.

1149 1887 1225 1927 447
1254 1893 1294 1926 et
1323 1888 1497 1928 Carmen
1527 1887 1748 1926 Leoninum
1773 1885 1819 1925 de
1857 1885 2044 1926 laudibus
2074 1890 2114 1925 S.

1148 1951 1319 2002 Vc'ryinis
1347 1962 1433 2002 pag.
1454 1951 1528 1990 463
1553 1960 1654 1999 quae
1681 1948 1802 1987 habes
1821 1950 1942 1987 etiam
1964 1950 2002 1987 in
2026 1949 2109 1987 edi-

1147 2013 1322 2052 tionibus
1344 2013 1558 2064 postremis
1582 2011 1880 2050 mabillonianis.

1199 2073 1313 2115 Libri
1332 2076 1363 2114 V
1377 2073 1424 2112 de
1450 2071 1776 2114 Considerate‘one
1797 2073 1934 2123 scripti
1959 2072 2008 2112 ad
2031 2074 2115 2112 Eu-

1146 2138 1306 2189 genium
1345 2138 1397 2176 III
1433 2136 1549 2175 valde
1585 2135 1740 2187 probari
1779 2135 1962 2174 feruntur
1998 2136 2062 2173 Pio
2083 2135 2115 2172 V

1145 2200 1332 2252 Gregorio
1356 2200 1448 2238 XIII
1473 2198 1630 2237 Urbano
1648 2197 1717 2236 VII
1743 2200 1783 2235 et
1804 2197 2001 2237 Clementi
2024 2197 2113 2236 VIII

1144 2274 1190 2302 ac
1213 2263 1431 2301 novissime
1460 2260 1656 2301 Clementi
1681 2260 1749 2298 XI.
1775 2260 1838 2297 cui
1860 2259 1981 2297 etiam
2003 2258 2112 2297 dedi-

1143 2326 1219 2364 cati
1235 2323 1580 2364 aBenedictinisin
1592 2333 1694 2360 nova
1709 2321 1880 2360 editione
1897 2321 1918 2343 ³*
1936 2323 2112 2361 Romana

1145 2387 1247 2427 4700
1269 2389 1306 2426 8.
1327 2387 1462 2426 Italica
1493 2383 1645 2424 Rinaldi
1676 2385 1805 2422 Retini
1831 2384 1956 2422 versio
1981 2384 2112 2422 lucem

1143 2450 1244 2490 vidit.
1268 2449 1446 2489 Venetiis
1471 2447 1573 2487 4606
1600 2448 1634 2485 4.

1197 2512 1378 2561 Plerique
1393 2511 1607 2549 Sermones
1621 2520 1714 2548 cum
1730 2507 1942 2559 Opusculis
1959 2508 1998 2544 in
2015 2505 2109 2544 Gal-

1143 2573 1262 2612 licum
1281 2573 1512 2612 Sermonem
1536 2571 1717 2609 translati
1740 2570 1786 2608 A.
1811 2568 1916 2608 4575
1939 2580 2009 2619 per
2029 2570 2108 2607 Hu-

1140 2636 1298 2675 bertum
1323 2636 1552 2681 Lescotum‚
1578 2633 1826 2672 Canonicum
1855 2629 2102 2680 Regularem.

1136 2697 1336 2748 Epistolae
1359 2697 1478 2734 etiam
1498 2693 1652 2732 additae
1678 2694 1716 2730 in
1741 2693 1923 2730 versione
1940 2691 2104 2742 Philippi

1138 2761 1259 2807 Belli,
1283 2758 1462 2797 Doctoris
1485 2757 1605 2794 Paris.
1631 2754 1749 2793 4622.
1772 2758 1812 2792 et
1838 2754 1874 2790 in
1900 2764 2001 2791 nova
2026 2754 2104 2792 Ga-

1137 2822 1270 2861 brielis
1293 2832 1315 2859 a
1339 2820 1376 2858 S.
1393 2817 1600 2865 Mal-achia,
1617 2816 1825 2855 Fuliensis.
1852 2816 2102 2854 Novissimae

1136 2884 1342 2922 versiones
1370 2881 1471 2919 duae
1506 2879 1774 2930 Epistolarum
1804 2877 1843 2916 S.
1882 2877 2101 2916 Bernhardi

1136 2946 1305 2985 Gallicae
1329 2943 1507 2995 prodiere
1531 2942 1655 2980 altera
1678 2952 1770 2978 euni
1802 2940 1906 2977 notis
1937 2943 2098 2978 auctore

1136 3010 1179 3048 Ι).
1204 3007 1252 3046 de
1275 3008 1382 3056 Ion,
1407 3005 1453 3053 a)
1479 3005 1635 3043 Parisiis
1662 3005 1675 3042 4
1687 3002 1765 3041 702
1787 3003 1823 3039 8.
1842 3001 1995 3040 duobus
2025 3002 2099 3040 Vc-

1137 3069 1378 3116 luminibus,
1412 3067 1535 3106 altera
1572 3065 1766 3105 Villesorio
1795 3064 1842 3113 b)
1870 3065 2096 3114 interprete.

1192 3172 1211 3189 ·’
1223 3174 1358 3206 Journal
1381 3174 1435 3204 (les
1459 3175 1581 3203 Savans
1608 3175 1643 3203 Α.
1669 3169 1745 3201 1701
1774 3177 1847 3209 pag·
1873 3169 1947 3200 580.

1193 3225 1225 3265 a)
1244 3225 1414 3255 Memoires
1432 3221 1471 3254 de
1489 3226 1638 3253 'ri-cvoux
1661 3224 1723 3251 An.
1746 3219 1822 3250 1705
1842 3219 1953 3250 suillet
1967 3242 1976 3258 ‚
1996 3227 2029 3258 p.
2054 3217 2105 3251 71.

1131 3273 1266 3309 Journal
1283 3275 1339 3305 des
1354 3276 1452 3305 Savus
1472 3276 1509 3304 Α.
1528 3272 1608 3302 1702
1628 3270 1742 3302 suillet
1759 3294 1768 3307 ‚
1791 3278 1868 3310 pag.
1884 3269 1937 3300 54.

1193 3325 1227 3364 b)
1246 3325 1421 3356 MeinOIres
1439 3323 1479 3355 de
1497 3325 1648 3356 Trevoux
1668 3324 1728 3353 Au.
1748 3319 1826 3351 1718
1840 3323 1923 3353 Aout
1940 3343 1950 3359 ,
1966 3328 1999 3360 p.
2016 3319 2090 3351 ⁶208.
