2500 3841
953 211 1300 251 CLEMENS

145 284 358 326 stitutiones
379 311 387 332 ,
429 292 528 332 quas
570 283 806 321 Laurentius
854 282 1104 324 Cherubinus

143 350 180 386 in
206 347 371 386 bullario
401 356 472 384 suo
493 345 680 395 exhibet,
706 350 800 384 tom.
836 347 875 394 1,
914 357 1000 398 pag.
1025 347 1103 386 242

141 409 313 449 occurrit
329 409 448 447 etiam
463 408 674 447 Damnatz'o
700 407 1016 460 Templarz'orum
1029 440 1040 458 ,
1066 409 1099 457 3)

141 482 311 522 quorum
330 469 423 509 ordo
439 475 528 521 post
552 482 678 510 annos
698 472 942 511 CLXXXIV.
957 471 1102 521 quibus

139 535 326 573 floruerat
343 533 546 572 extinctus
564 538 626 572 est
646 538 787 584 agente
804 534 876 572 hoc
897 534 1101 572 Clemente

139 596 185 636 V.
209 600 250 635 01
271 595 471 647 Philippo⁷
505 598 609 646 Rege
645 598 911 645 Francorum,
942 598 1101 635 Praeter

141 658 360 700 Clementis
384 659 520 705 Quinti
543 658 743 711 Epz'stolas
777 660 816 697 in
836 659 1099 698 Conciliorum

142 722 286 769 tomis,
306 727 347 761 et
370 722 475 773 apud
503 722 775 773 Waddingum
794 751 802 770 ,
825 721 1098 772 Raynaldum,

141 785 334 823 Bzovium
350 788 425 823 etc.
451 784 608 832 obvias,
632 785 747 835 longe
783 784 918 835 plures
958 795 1100 834 nempe

142 847 242 885 LIX.
261 858 426 886 numero
439 859 519 886 una
534 859 626 886 cum
642 847 806 898 Philippi
822 847 938 897 Regis
954 850 993 884 et
1009 845 1102 884 alio-

144 920 235 948 rum
258 908 307 948 ad
331 908 581 948 Clementem
600 920 649 948 ex
673 909 833 948 archivo
852 908 969 959 Regio
998 907 1103 945 Pari-

146 971 267 1010 siensi
287 971 506 1021 publicavit
526 971 712 1011 laudatus
734 971 921 1010 Baluzius
937 973 1031 1008 tom.
1047 969 1101 1017 11,

144 1035 339 1085 Paparum
367 1033 734 1080 Avenionensium‚
767 1033 986 1072 Clementis
1017 1032 1104 1081 qui-

147 1096 238 1135 dem
262 1109 349 1148 pag.
375 1098 437 1136 55.
460 1096 522 1136 57.
546 1098 607 1137 58.
630 1098 691 1136 60.
709 1097 771 1135 62.
793 1096 854 1134 63.
876 1095 937 1133 65.
959 1092 1020 1132 67.
1039 1094 1100 1131 69.

146 1158 210 1198 74.
235 1158 297 1197 73.
322 1158 384 1197 76.
411 1158 473 1198 78.
497 1160 559 1198 90.
584 1159 648 1198 94.
675 1160 736 1198 93.
762 1159 823 1196 94.
855 1158 917 1196 95.
941 1156 1004 1194 96.
1036 1153 1098 1193 97.

148 1222 211 1259 98.
240 1223 326 1261 100.
353 1222 440 1261 401.
464 1222 550 1261 402.
572 1223 661 1262 403.
686 1222 773 1260 406.
800 1218 888 1258 107.
906 1218 1098 1258 440.442.

147 1285 236 1324 145.
262 1283 350 1324 423.
373 1284 460 1324 124.
479 1285 659 1323 426429.
683 1284 771 1322 432.
794 1283 881 1322 436.
906 1281 1097 1320 139441.

149 1347 344 1386 442143.
366 1347 452 1386 444.
471 1347 559 1386 446.
578 1347 665 1386 449.
688 1347 775 1385 454.
795 1345 882 1384 452.
905 1345 991 1382 453.
1010 1342 1100 1382 454.

149 1409 238 1448 456.
261 1409 347 1448 458.
365 1409 453 1448 465.
469 1409 557 1448 469.
578 1408 666 1448 474.
689 1406 777 1447 475.
796 1406 884 1446 275.
901 1405 990 1445 276.
1007 1406 1096 1445 283.

146 1470 372 1510 Ludovicus
392 1482 487 1510 vero
507 1469 676 1509 lacobus
691 1471 729 1507 in
749 1468 988 1508 Bibliotheca
1005 1469 1098 1506 Pon.

147 1532 266 1571 tificia
288 1544 376 1584 pag.
400 1533 449 1572 54
480 1537 651 1572 testatur
670 1531 758 1582 ejus
780 1532 927 1582 regesti
944 1531 1103 1581 Episto-

145 1595 274 1635 larum
297 1599 336 1634 01
354 1596 611 1634 Decretorum
632 1595 842 1635 Volumina
860 1594 929 1633 IX.
949 1593 1102 1632 servari

145 1659 185 1696 in
207 1658 449 1698 Bibliotheca
471 1658 687 1707 Vaticana,
718 1667 948 1708 quanquam
976 1657 1098 1694 trium

143 1722 319 1772 priorum
334 1733 529 1760 annorum
548 1724 706 1772 regesta
721 1720 800 1758 fere
819 1719 948 1758 deleta
967 1719 1103 1757 incen-

147 1782 209 1821 dio
225 1785 378 1822 notavit
391 1784 578 1822 Baluzius
594 1787 689 1822 tom.
710 1783 726 1821 I
746 1813 755 1832 ‚
780 1793 867 1833 pag.
886 1780 974 1819 687.
992 1780 1103 1819 Idem

147 1844 372 1885 Ludovicus
394 1856 593 1885 sermones
624 1844 711 1895 ejus
741 1844 790 1883 ad
810 1843 999 1894 populum
1023 1854 1106 1881 me-

148 1913 287 1947 morat.
312 1909 400 1947 Tria
419 1908 625 1959 privilegia
649 1907 785 1945 Ordini
806 1907 1105 1944 Praemonstra-

149 1969 250 2008 tensi
264 1981 453 2009 concessa
477 1971 664 2021 leguntur
684 1971 723 2007 in
748 1969 939 2007 Johannis
963 1968 998 2006 10
1023 1967 1106 2006 Ρ31-

147 2044 194 2083 ge
216 2033 456 2072 Bibliotheca
470 2032 855 2072 Praemonstratensi
872 2031 936 2070 lib.
959 2032 995 2069 3.
1018 2041 1104 2080 pag.

147 2095 242 2144 694,
266 2106 348 2146 seq.
369 2095 547 2148 Epistola
565 2095 614 2134 ad
633 2094 823 2133 Jacobum
839 2095 986 2144 Regem
1010 2093 1106 2131 Ara-

147 2169 294 2208 gonum
329 2159 430 2210 apud
457 2158 688 2211 Aguirrium
724 2163 818 2196 tom.
841 2158 920 2205 111,
958 2155 1107 2197 Concil.

148 2221 308 2272 Hispan.
330 2233 415 2273 pag.
443 2223 532 2262 548.

202 2284 434 2324 CLEMENS
448 2285 511 2324 VI.
530 2289 648 2324 antea
663 2287 808 2324 Petrus
829 2280 1021 2333 Roqerius
1037 2282 1108 2319 Le-

151 2347 393 2385 movicensis
410 2376 418 2395 ,
440 2346 599 2387 Ordinis
618 2346 819 2387 Benedict.
841 2358 890 2384 ex
904 2344 1108 2394 Archiepi-

149 2418 265 2458 scopo
294 2408 605 2461 Rothomagensi
634 2412 737 2461 Papa
765 2409 813 2448 ab
842 2407 957 2447 Anno
992 2406 1108 2446 1342.

153 2468 178 2507 7
198 2470 287 2518 Maji
307 2470 355 2508 ad
374 2472 488 2511 4352.
511 2473 533 2510 6
555 2473 759 2511 Decembr.
780 2471 828 2509 de
849 2481 926 2520 quo
946 2468 1080 2506 itidem
1098 2496 1106 2515 ,

155 2534 200 2568 ut
223 2531 324 2569 solet
347 2531 557 2583 diligenter
580 2540 618 2573 et
648 2537 831 2572 accurate
854 2531 1040 2569 Baluzius
1064 2530 1103 2566 in

147 2594 262 2643 Papis
286 2593 632 2635 Avenionensibus
652 2627 660 2644 ,
685 2608 733 2635 ne
764 2595 892 2633 dicam
916 2593 964 2631 de
985 2594 1105 2630 Fran-

152 2656 247 2694 cisci
269 2657 457 2706 Bosqueti
479 2657 640 2696 historia
660 2657 892 2696 Pontificum
912 2657 1103 2694 Romano-

150 2730 262 2769 rum,
288 2720 355 2769 qui
379 2731 400 2757 e
423 2719 548 2758 Gallia
577 2720 730 2759 oriundi
755 2719 959 2758 Avenione
989 2717 1101 2756 sede-

148 2785 242 2819 runt
266 2781 314 2819 ab
336 2780 451 2819 Anno
473 2782 574 2822 4315
595 2782 641 2820 33
666 2783 778 2820 4394.
804 2782 960 2819 Parisiis
983 2781 996 2818 4
1009 2779 1096 2817 632.

149 2844 183 2882 8.
214 2845 525 2882 Declarationem
559 2845 775 2884 Clementis
804 2844 852 2882 Vl
886 2842 932 2881 cle
966 2842 1100 2881 Mona-

148 2904 231 2944 chz's
260 2905 384 2957 myris
413 2906 573 2945 exhibet
602 2907 788 2945 Baluzius
825 2910 918 2943 tom.
952 2905 997 2943 V.
1035 2905 1102 2943 Mi-

150 2969 311 3007 scellan.
352 2980 437 3020 pag.
484 2969 571 3008 452.
610 2968 736 3007 Aliam
779 2967 824 3006 cle
864 2967 1104 3019 Episcopatu

151 3030 324 3070 Ostiensi
349 3035 390 3069 et
421 3029 650 3071 Velletrensl
675 3035 769 3069 tom.
794 3031 871 3076 IV,
902 3041 986 3080 pag.
1014 3031 1101 3069 508.

147 3093 365 3144 Epistolam
382 3094 429 3133 ad
448 3094 826 3144 Archi-Episcopum
839 3094 1105 3131 Tarraconen-

149 3166 235 3195 sem
264 3155 310 3195 cle
338 3155 503 3196 Jubc'lez's
531 3169 632 3196 anno
658 3156 794 3209 quovis
819 3156 1105 3208 qae'nquaqesc'-

201 3299 238 3339 b)
260 3300 341 3332 Vide
363 3305 478 3333 notata
502 3303 536 3335 in
558 3302 762 3334 Bibliotheca
786 3303 911 3333 Graeca
937 3303 1016 3331 tom.
1043 3301 1103 3336 xi,

146 3356 223 3389 pag.
245 3349 307 3381 650
322 3374 332 3388 ‚
353 3359 424 3391 seq.

2051 211 2128 251 365

1176 294 1238 321 mo
1266 280 1511 322 celebrandis
1537 281 1705 334 Agvirre
1728 284 1822 320 tom.
1847 281 1912 321 111.
1938 280 2131 321 Concilio-

1176 358 1264 385 rum
1278 346 1487 397 Hispaniae
1506 355 1593 396 pag.
1615 345 1703 384 642.
1719 343 1970 396 Encyelicam
1988 343 2131 383 adver-

1176 419 1245 447 sus
1260 407 1504 460 flayellantes
1524 408 1705 446 Labbeus
1728 411 1822 446 tom.
1844 408 1911 446 XI.
1936 407 2129 447 Concilio-

1175 482 1264 510 rum
1289 481 1376 522 pag.
1402 469 1516 509 4876.
1541 469 1768 509 Η31·331335
1789 469 1856 508 VII
1874 499 1882 518 ⁷
1903 481 1988 520 pag.
2012 470 2128 509 4644.

1173 532 1331 572 Bullam
1350 536 1490 572 contra
1508 532 1799 571 adulteratores
1818 535 2067 571 monetarum
2090 534 2128 580 a)

1174 596 1390 635 Dacherius
1413 599 1506 633 tom.
1533 596 1587 634 XI
1612 596 1799 646 spicilegii
1823 606 1909 646 pag.
1935 595 2012 634 392
2036 593 2129 643 (031-

1174 659 1292 697 tionis
1320 668 1447 696 novae
1475 661 1572 695 tom.
1601 658 1652 695 111
1670 685 1680 705 ,
1708 669 1795 708 pag.
1827 657 1940 705 730.)
1975 656 2127 696 Eodem

1172 725 1266 759 tom.
1287 721 1339 759 III
1360 730 1486 758 novae
1506 719 1690 757 editionis
1711 719 1808 757 aliae
1829 723 1990 757 exstant
2010 718 2131 768 huJus

1175 783 1393 823 Clementis
1414 782 1480 821 VI.
1509 779 1712 831 Epz'slolae
1741 781 1906 829 XXXII,
1932 792 2017 832 pag.
2039 779 2131 819 722.

1175 855 1257 895 503.
1282 855 1384 894 3335
1406 845 1511 895 prior
1532 843 1720 893 spicilegii
1745 842 1864 881 editio
1890 843 2002 881 offert
2030 847 2057 880 t.
2081 842 2132 881 IV

1175 919 1212 958 p.
1238 904 1328 946 274.
1353 917 1435 956 503.
1460 909 1500 945 01
1529 909 1624 944 tom.
1649 906 1731 954 VII,
1752 916 1789 955 p.
1815 905 1904 943 242.
1929 905 2129 954 Epistolac

1175 970 1279 1009 XLV
1309 968 1409 1020 apud
1441 969 1648 1007 Baluzium
1680 972 1707 1005 t.
1733 968 1779 1005 II.
1819 968 2013 1017 Paparum
2032 965 2137 1005 Ave-

1177 1032 1429 1071 nionensium
1463 1043 1499 1081 p.
1526 1032 1613 1070 645.
1638 1030 1726 1069 625.
1753 1029 1828 1068 656
1860 1028 1909 1067 33
1939 1029 2027 1066 662.
2058 1028 2135 1066 665

1177 1095 1225 1135 33
1250 1093 1338 1132 678.
1358 1094 1425 1133 681
1451 1093 1499 1133 33
1518 1093 1606 1132 695.
1627 1092 1704 1131 697
1719 1096 1760 1131 01
1775 1091 1851 1130 701
1883 1091 1931 1130 ad
1961 1090 2051 1129 734.
2081 1091 2137 1128 De

1177 1158 1262 1197 aliis
1292 1157 1407 1208 longe
1436 1157 1617 1208 pluribus
1647 1167 1697 1194 ex
1725 1153 1813 1205 ejus
1848 1157 2006 1204 regesto
2034 1151 2139 1203 apud

1174 1220 1444 1270 Waddingum
1463 1249 1470 1267 ‚
1493 1220 1685 1258 Bzovium
1704 1249 1712 1269 ‚
1729 1216 1980 1268 Raynaldum
2000 1230 2007 1254 :
2029 1220 2068 1254 et
2088 1215 2137 1254 de

1174 1281 1262 1333 ejus
1291 1280 1547 1321 Sermonlbus
1585 1282 1751 1331 aliisque
1793 1278 2136 1319 lucubrationibus

1173 1357 1252 1383 non
1277 1344 1400 1383 habeo
1418 1373 1427 1389 ‚
1451 1356 1552 1395 quae
1576 1344 1719 1383 addam
1745 1343 1892 1382 notatis
1924 1354 1947 1381 a
1975 1341 2138 1380 Baluzio

1173 1413 1267 1447 tom.
1292 1409 1307 1446 I
1324 1438 1333 1457 ‚
1348 1419 1436 1459 pag.
1453 1408 1542 1446 909.
1563 1408 1731 1445 Roberto
1750 1407 1865 1445 Gerio
1885 1404 1934 1444 ad
1951 1405 2132 1444 Caveum

1175 1471 1223 1510 ad
1245 1470 1320 1509 An.
1343 1471 1458 1510 4342.
1482 1475 1522 1509 01
1542 1469 1697 1509 0331110
1718 1473 1812 1507 tom.
1835 1469 1887 1507 111
1908 1499 1916 1518 ,
1937 1479 2024 1518 pag.
2045 1467 2135 1505 931.

1176 1535 1376 1585 503131οΓ
1391 1532 1564 1584 quinque
1580 1530 1886 1572 constitutiones
1901 1529 2005 1581 apud
2020 1531 2136 1568 Laer-

1176 1598 1278 1636 tium
1303 1595 1578 1635 Cherubinurn
1602 1599 1696 1633 tom.
1722 1595 1753 1632 Ι.
1775 1593 1929 1632 bullarii
1946 1604 2032 1644 pag.
2057 1590 2136 1631 278

1175 1663 1309 1699 exstat
1332 1658 1529 1709 publicata
1548 1657 1622 1696 An.
1646 1656 1762 1697 4347.
1781 1656 1828 1695 cle
1847 1656 1966 1695 Ivone
1986 1655 2136 1694 sanctis

1176 1720 1462 1770 adscribendo,
1487 1720 1536 1759 de
1560 1732 1638 1771 quo
1662 1721 1776 1771 plura
1806 1720 1948 1760 Surius
1972 1723 2012 1757 et
2035 1717 2136 1756 Acta

1182 1785 1421 1823 Sanctorum
1448 1784 1496 1822 49
1523 1782 1624 1834 Maji.

1231 1845 1463 1885 CLEMENS
1486 1846 1567 1884 VII.
1596 1843 1824 1896 Anti-Papa
1851 1849 1989 1883 contra
2021 1843 2139 1882 Urba-

1178 1920 1276 1947 num
1299 1908 1349 1947 VI
1373 1908 1421 1946 ab
1445 1907 1519 1946 An.
1546 1906 1661 1948 4378.
1688 1907 1911 1958 Septembr.
1945 1907 1992 1945 46
2022 1910 2140 1943 antea

1177 1969 1372 2010 Robertus
1388 1971 1685 2018 Gebennensis,
1704 1971 1790 2008 sive
1806 1968 2074 2016 Genevensis‚
2091 1967 2140 2005 30

1179 2045 1257 2084 330
1280 2038 1438 2084 praeter
1460 2033 1675 2072 Annalium
1700 2033 1938 2082 scriptores,
1970 2029 2140 2068 Jacobus

1180 2096 1348 2135 Lenfant
1383 2097 1424 2133 in
1462 2096 1627 2134 historia
1655 2095 1816 2135 Concilii
1846 2094 1975 2132 Pisani
2005 2104 2092 2144 pag.
2116 2092 2140 2129 8

1180 2162 1254 2196 010.
1280 2157 1408 2208 Hujus
1432 2169 1512 2197 non
1536 2158 1651 2197 modo
1680 2159 1806 2196 vitam
1831 2157 2004 2196 illustrat
2027 2155 2143 2194 Baiu-

1180 2221 1267 2260 2135
1291 2221 1330 2259 13
1355 2225 1462 2260 tomo
1486 2222 1614 2272 priore
1638 2220 1788 2260 laudati
1812 2220 1941 2271 operis
1961 2218 2009 2257 de
2028 2218 2143 2268 Papis

1180 2282 1530 2323 Avenionensibus
1558 2295 1645 2334 pag.
1679 2284 1767 2322 482.
1798 2294 1881 2332 503.
1914 2281 2031 2320 4236.
2057 2291 2140 2329 503.

1181 2346 1251 2385 503
1275 2348 1396 2385 etiam
1424 2345 1626 2398 Epz'stolas
1656 2345 1744 2396 ejus
1773 2347 1948 2396 quatuor
1971 2343 2144 2395 publica-

1180 2409 1239 2447 vit
1262 2413 1356 2448 tom.
1382 2410 1439 2458 11,
1464 2421 1551 2460 pag.
1588 2410 1679 2447 848.
1710 2410 1798 2448 853.
1830 2407 1918 2446 873.
1951 2406 2027 2444 876
2051 2406 2144 2443 3113-

1179 2483 1256 2521 330
1276 2471 1325 2510 33
1343 2470 1431 2521 ejus
1447 2483 1512 2510 res
1533 2473 1756 2522 spectantia
1773 2473 2034 2509 monumenta
2055 2478 2144 2517 pag.

1179 2533 1267 2572 920.
1293 2533 1382 2572 944.
1413 2534 1503 2572 943.
1535 2535 1625 2572 988.
1659 2534 1775 2573 4052.
1802 2533 1916 2572 4058.
1943 2528 2142 2580 Epistolae

1176 2595 1251 2632 XX.
1275 2595 1379 2645 apud
1405 2595 1675 2646 Waddingum
1707 2597 1745 2632 in
1775 2594 1997 2633 Annalibus
2021 2593 2142 2630 Mino-

1176 2669 1264 2695 rum
1291 2662 1383 2695 tom.
1410 2658 1470 2697 IV.
1497 2657 1594 2696 Vide
1620 2658 1763 2696 iterum
1790 2656 1993 2695 Oudinum
2021 2659 2046 2692 t.
2070 2655 2134 2692 111.

1174 2731 1263 2769 pag.
1290 2718 1408 2758 4247.

1225 2781 1460 2820 CLEMENS
1485 2782 1583 2820 VIII.
1608 2781 1835 2833 Anti-Papa
1859 2781 1907 2820 ad
1931 2781 2005 2820 An.
2033 2782 2137 2820 4424

1173 2843 1220 2881 33
1248 2845 1348 2883 4429
1370 2856 1448 2894 330
1468 2848 1610 2896 sponte
1635 2845 1816 2896 dignitati
1837 2844 1965 2895 Papali
1990 2845 2138 2882 iterum

1174 2907 1425 2945 renunciavit
1442 2937 1450 2957 ‚
1470 2911 1587 2946 antea
1607 2906 1739 2946 dictus
1758 2906 1943 2957 AEyz'clz'us
1963 2904 2134 2945 Saucius

1175 2967 1308 3007 Manio
1321 2999 1332 3016 ‚
1348 2969 1607 3008 Decretorum
1619 2971 1763 3008 Doctor
1778 2980 1828 3007 ex
1843 2969 2027 3007 Seri-ania
2041 2967 2138 3006 Ara—

1177 3031 1338 3079 gomae,
1364 3034 1407 3068 31
1431 3031 1552 3069 refert
1576 3032 1747 3070 Bzovius
1771 3036 1864 3069 tom.
1891 3031 1960 3078 XV
1987 3029 2034 3068 ad
2060 3030 2133 3068 An.

1180 3092 1295 3130 4429.
1324 3103 1360 3129 3.
1389 3093 1450 3131 32.

1230 3154 1464 3194 CLEMENS
1479 3156 1558 3194 VII.
1581 3158 1683 3194 inter
1707 3157 1902 3205 legitimos
1926 3157 2048 3207 Papas
2074 3168 2135 3195 so-

1229 3250 1262 3290 a)
1284 3252 1407 3283 Eadem
1430 3261 1532 3292 quam
1556 3253 1617 3284 sub
1636 3253 1813 3285 Clementis
1837 3255 1874 3284 V.
1903 3255 2048 3285 nomime
2065 3253 2141 3284 vul-

1167 3302 1257 3340 gavit
1272 3301 1428 3381 1B-ajiuzius
1464 3306 1544 3334 tom.
1569 3304 1595 3332 ΙΙ
1615 3326 1624 3341 ,
1648 3305 1812 3343 paparum
1849 3305 2137 3336 Avenionensium

1171 3358 1246 3391 pag.
1291 3362 1308 3381 o
1335 3377 1342 3385 ,
