2500 3841
880 227 1299 266 {iomixlcus

82 304 274 350 blicatus3
319 299 389 338 sed
436 298 695 336 nihilominus
736 300 930 338 Martinus
976 311 1046 350 per

81 376 198 404 suam
215 363 370 403 Bullam
390 361 440 399 ibi
462 361 672 399 recitatam
694 361 824 400 locum
847 373 965 401 suum
988 373 1050 400 re-

80 430 262 466 servarat
290 426 327 462 in
358 435 456 462 casu
491 422 623 461 obitus
649 425 850 462 Pontilicis
871 439 887 459 »
909 425 1051 474 Incipit

82 489 277 538 scriptum
309 485 416 524 istud
435 498 442 523 ι
485 483 626 523 retulit
664 485 825 535 quidam
864 498 890 523 a
926 484 1053 537 felicis

76 547 373 589 recordationis
395 551 466 586 etc.
491 549 570 586 Hoc
594 548 838 598 Capi-anicae
859 550 1053 598 scripturn

81 612 285 651 refutasse
305 610 425 649 credo
449 609 669 649 Jordanum
695 612 870 649 Bricium
898 611 925 648 Ι.
948 611 990 649 C.
1018 611 1056 647 in

76 685 149 713 suo
193 673 260 712 illo
300 675 481 711 tractatu
521 683 599 723 pro
643 671 818 722 Euyenio
853 671 1056 710 adversus

77 735 203 776 Card.
228 734 462 787 Capranica
483 735 630 786 scripto
647 735 774 786 Jussu
794 734 907 773 Petri
930 734 1050 774 Card.

78 798 291 837 Fuaeensis
312 797 385 836 An.
413 799 527 837 4433.
562 810 684 848 quem
719 799 827 848 leges
857 797 961 848 apud
983 800 1055 836 Ba—

79 860 234 900 luzium
256 860 408 899 Miscel.
432 865 530 898 tom.
545 861 680 910 ⁶.)‚pag2
700 861 790 900 303.
808 860 917 898 Alios
932 861 1053 897 etiam

77 923 199 962 libros
223 923 273 962 ab
297 934 343 961 eo
367 922 555 973 vulgatos
579 924 703 961 tradit
736 923 915 974 Baptista
958 924 1054 970 Pog-

77 987 167 1036 gius
188 987 227 1024 in
251 986 339 1025 eius
363 987 449 1024 vita
470 996 492 1024 a
509 986 669 1024 Baluzio
692 986 834 1024 ibidem
856 996 944 1036 pag.
960 983 1050 1023 297.

71 1047 238 1099 vulgata
253 1048 316 1086 his
332 1047 468 1086 verbis
479 1061 487 1085 z
500 1048 666 1099 scripsit
675 1047 738 1087 ille
754 1045 944 1086 nonnulla
957 1057 1049 1084 eru—

72 1108 152 1148 dite
182 1109 313 1160 ma9is
328 1140 340 1158 ,
358 1121 481 1160 quam
506 1109 704 1160 eleyanter
719 1121 819 1161 quae
849 1108 888 1147 in
906 1107 1050 1158 vulqas

73 1174 320 1210 emanarunt
343 1170 399 1209 ad
417 1170 649 1222 reliyionem
670 1175 851 1211 nostram
867 1174 1048 1222 spectan-

73 1233 142 1273 tia.
157 1234 344 1284 Denique
360 1234 545 1272 Biblioth.
564 1234 852 1272 Ambrosianae
873 1233 1046 1273 cod.MS.

71 1296 148 1335 fert
170 1295 372 1334 Dominici
404 1295 598 1334 Firmani
621 1295 668 1334 de
694 1299 784 1334 arte
810 1295 904 1335 bene
926 1295 1047 1335 mori-

71 1357 165 1397 endi
183 1363 290 1397 teste
314 1359 567 1397 Montfaucon
593 1359 691 1397 Bibl.
724 1360 832 1399 MSS.
874 1364 968 1398 tom.
994 1360 1008 1397 4
1033 1388 1042 1408 ,

72 1431 160 1473 pag.
182 1421 274 1461 543.
291 1421 405 1467 Quod
429 1432 531 1472 opus
554 1421 603 1460 ab
626 1422 794 1461 authore
813 1422 1043 1461 absolutum

72 1495 136 1522 an.
170 1484 274 1524 4452
295 1483 490 1523 discimus
523 1496 574 1523 ex
609 1484 706 1524 Cod.
740 1483 831 1524 479.
854 1483 1041 1523 Biblioth.

68 1547 212 1597 Regiae
242 1547 494 1586 parisiensis.
514 1547 613 1586 lbid.
638 1551 734 1586 tom.
755 1548 779 1587 2
795 1579 805 1596 ,
830 1558 919 1598 pag.
949 1547 1041 1585 905.

123 1607 243 1648 Aliud
268 1610 389 1647 etiam
411 1610 618 1660 scriptoris
648 1610 769 1648 huius
798 1608 1039 1660 opusculum

71 1675 258 1711 servatur
282 1672 320 1709 in
340 1672 418 1711 MS.
436 1671 581 1710 Codice
597 1673 837 1711 Bononiensi
855 1671 1039 1710 Biblioth.

70 1734 305 1773 Canonioor.
331 1734 427 1785 Reg.
452 1735 490 1773 S.
525 1734 772 1780 Salvatoris‚
798 1738 843 1773 ut
874 1745 938 1772 me
966 1745 1038 1784 per

72 1796 210 1835 literas
251 1797 407 1835 monuit-
448 1798 511 1834 vir
548 1796 808 1835 doctissimus
837 1796 1036 1845 editisque

71 1858 257 1909 operibus
276 1858 526 1897 clarissimus
549 1859 627 1896 RR.
647 1860 687 1896 P.
707 1858 840 1896 Abbas
859 1859 1034 1896 Joannes

70 1920 387 1971 Chrysostomus
404 1921 790 1970 Trombellus70uius
807 1922 879 1958 viri
897 1921 1034 1971 optimi

70 1986 111 2020 et
139 1981 377 2032 amplissimi
414 1994 477 2022 me
509 1983 917 2021 observantissimum
948 1993 1037 2033 pro-

70 2043 196 2083 fiteor.
212 2044 287 2083 Est
304 2044 399 2083 illud
414 2043 644 2097 Manipulus
656 2043 924 2097 Episcopalis3
944 2056 1037 2083 con-

70 2107 252 2156 tinetque
276 2107 448 2157 optimas
474 2118 631 2145 morum
660 2108 696 2145 el
726 2107 958 2157 disciplinae
984 2107 1039 2144 le-

68 2179 138 2219 ges
161 2169 386 2207 animarum
403 2170 633 2208 Pastoribus
653 2170 905 2219 caeterisque
925 2179 1039 2219 prae-

70 2231 258 2282 scriptas,
283 2235 328 2270 ut
352 2233 478 2270 vitam
513 2231 563 2270 ad
585 2231 857 2271 Christianam
890 2232 1039 2270 sancti-

71 2293 244 2332 moniam
291 2298 545 2344 camponant.
584 2295 777 2345 Dirigitur
814 2295 854 2332 F.
892 2295 1034 2333 Joanni

69 2356 273 2406 Baptistae
293 2355 342 2394 de
362 2357 493 2395 Firmo
521 2355 615 2395 Ord.
636 2356 811 2395 Praedic.
837 2358 1036 2407 Episcopo

70 2417 390 2468 Hieropolitano⁷
410 2423 451 2457 et
489 2419 740 2468 suffraganeo
765 2429 838 2457 suo
863 2419 1036 2458 Gabrieli

70 2479 120 2518 de
135 2479 508 2518 CamerinoVicario
523 2481 720 2520 Firmano.
733 2482 951 2520 InPraefat.
972 2491 1042 2518 ve-

70 2552 114 2579 ro
130 2541 268 2579 scribit
285 2541 455 2579 antehac
472 2541 778 2582 Constitutiones
789 2541 985 2594 qna-sclam
996 2552 1038 2580 se

71 2604 112 2641 in
122 2602 385 2641 eaProvincia
399 2603 605 2652 (Firmana)
622 2603 798 2654 legatum
825 2603 1039 2642 edidisse*

123 2664 399 2704 DOMINICUS
421 2663 720 2705 Carthasianus
745 2667 850 2704 circa
874 2666 1037 2704 Annum

73 2728 189 2767 4460.
211 2729 373 2766 natione
389 2729 602 2774 prutenus,
619 2732 757 2766 auctor
774 2729 918 2777 Hymni
937 2741 947 2765 .-
963 2728 1040 2765 Ho-

69 2801 131 2829 mo
156 2790 253 2829 DEI
273 2790 477 2830 Creatura
502 2794 578 2828 etc.
603 2794 643 2827 et
666 2790 883 2828 librorum:
910 2791 1040 2829 Sonus

21 2881 24 2883 -
69 2852 270 2905 epulantis
286 2884 296 2901 ‚
321 2853 481 2893 Corona
504 2854 663 2892 Martae
679 2884 689 2900 ,
712 2851 1010 2891 Revelationum
1026 2884 1036 2901 ‚

70 2917 156 2954 sive
181 2914 279 2954 libri
305 2914 592 2965 eoeperientiae.
611 2914 708 2953 Vide
734 2915 1013 2953 possevinum.

123 2977 145 3000 *
165 2979 398 3017 Dominicus
422 2989 443 3016 a
471 2975 632 3016 Corella
648 2988 746 3027 pago
766 2977 1037 3015 Casentinatis

27 3081 32 3089 ¹
72 3040 206 3089 (immo
228 3040 454 3091 Mugellani)
480 3040 561 3089 agri
589 3041 627 3077 in
649 3038 843 3077 adiacenti
875 3039 1035 3076 Floren-

71 3103 155 3141 tina
179 3103 351 3154 ‚regione
390 3102 453 3140 siti
484 3101 577 3141 Ord.
616 3100 934 3140 praedicatorum
969 3112 1037 3139 na-

73 3168 140 3203 tus
158 3175 222 3203 an.
245 3164 361 3204 4403.
383 3163 556 3203 denatus
577 3174 639 3201 an.
666 3163 768 3202 4483
790 3163 918 3201 subita
944 3173 1036 3212 apo-

74 3225 203 3276 plexia
226 3230 446 3277 correptus.
474 3227 641 3276 Scripsit
677 3236 778 3276 opus
821 3226 1032 3263 metricum

74 3288 323 3338 inscriptum.
354 3287 566 3327 Theotocon
590 3300 662 3327 seu
687 3287 733 3325 (Ie
758 3291 838 3327 tnta
862 3290 899 3325 et
926 3284 1034 3324 obita

75 3350 116 3387 B.
138 3351 295 3389 Martae
326 3351 499 3399 Virqinis
526 3351 646 3390 libros
673 3351 733 3390 lv.
768 3361 938 3399 quornm
961 3349 1039 3386 dno

2007 227 2084 265 627

1119 297 1398 336 tantummodo
1423 298 1662 347 posteriores
1691 309 1832 348 nempe
1860 298 1925 339 111.
1956 301 1996 335 et
2027 298 2089 335 IV.

1123 361 1246 400 edidit
1266 360 1314 398 cl.
1340 360 1502 398 Lamius
1527 360 1646 398 Delio.
1667 359 1875 399 Eruditur.
1900 362 1994 397 tom.
2025 359 2089 396 XI.

1126 436 1163 474 p.
1195 425 1256 462 49.
1285 424 1505 462 Florentiae
1534 422 1651 461 4742.
1672 422 1734 470 (97
1755 426 1795 459 et
1819 420 1963 460 deinde
1989 421 2093 460 Con-

1128 480 1283 524 tarinus
1306 486 1342 523 in
1368 486 1504 524 Nuova
1529 486 1643 523 Racc.
1662 484 1701 522 di
1725 483 2089 534 opuscoliVenezia

1131 553 1224 586 tom.
1251 549 1372 587 XVII.
1395 552 1435 585 et
1459 548 1580 591 XIX.)
1607 548 1775 597 Scripsit
1795 547 2026 585 Dominicus
2050 550 2090 582 et

1132 611 1186 648 De
1210 610 1371 661 Oriyine
1398 607 1517 647 Urbis
1551 607 1776 646 Florentiae
1801 610 1944 647 Poema
1981 607 2090 646 libris

1130 673 1194 710 Vl.
1210 673 1287 711 MS.
1308 672 1531 710 Florentiae
1564 672 1600 708 in
1631 670 1732 708 Med.
1756 671 2021 709 Laurentiana
2044 669 2090 707 V.

1127 734 1287 772 Moreni
1304 731 1568 783 Biblioyrafia
1590 732 1777 770 Toscana.

1181 795 1457 834 DOMINICL'S
1481 793 1527 832 cle
1549 793 1784 840 Dominicis,
1815 793 1994 832 Venetus
2012 823 2020 839 ,
2051 798 2091 831 et

1126 858 1351 908 Episcopus
1397 856 1656 894 Torcellanus
1702 855 1874 904 primum
1892 885 1903 902 ‚
1947 855 2091 893 deinde

1127 919 1379 968 Brixiensis,
1417 918 1635 957 defunctus
1667 917 1822 955 Brixiae
1859 915 1934 954 An.
1975 916 2089 955 4478.

1126 979 1243 1030 cujus
1270 979 1505 1027 Orationes,
1529 990 1631 1030 quas
1656 982 1773 1017 vocat
1793 978 1999 1028 elegantes
2017 1008 2026 1024 ,
2051 983 2092 1016 et

1124 1044 1335 1083 Sermones
1358 1042 1493 1082 laudat
1516 1042 1763 1081 Trithemius
1787 1052 1872 1090 cap.
1909 1041 1999 1078 858.
2032 1041 2093 1078 Ex

1123 1104 1211 1155 ejus
1248 1106 1378 1144 libello
1408 1105 1458 1144 ad
1492 1105 1606 1144 Pium
1630 1105 1677 1143 ΙΙ.
1718 1102 1764 1142 cle
1799 1100 2093 1155 Reformatione

1125 1168 1275 1208 Curiae
1299 1166 1500 1208 Romanae
1520 1168 1603 1206 loca
1621 1166 1817 1217 quaedam
1835 1165 1950 1204 affert
1973 1165 2092 1209 Joan-

1122 1242 1194 1269 nes
1219 1232 1391 1270 Wolfius
1415 1235 1511 1269 tom.
1538 1231 1574 1269 2.
1599 1230 1690 1268 lect.
1723 1227 1970 1267 memorabil.
2000 1238 2088 1282 pag.

1120 1293 1210 1333 894.
1235 1295 1446 1332 Tractatus
1470 1292 1517 1331 cle
1540 1291 1734 1342 sanquine
1766 1289 1956 1337 CHristi⁷
1978 1294 2018 1327 et
2043 1288 2090 1327 de

1112 1355 1303 1407 filiatione
1325 1355 1518 1394 Johannis
1541 1352 1823 1404 Evanyelistae
1843 1352 1898 1390 ad
1920 1353 1965 1390 B.
2002 1350 2088 1389 Vir—

1113 1418 1268 1469 yz'nem,
1294 1418 1475 1469 prodiere
1499 1419 1679 1457 Venetiis
1705 1415 1819 1456 4557.
1846 1420 1885 1453 et
1912 1416 2028 1454 4568.
2048 1415 2086 1453 8.

1116 1482 1203 1520 Alia
1223 1481 1311 1531 ejus
1337 1485 1432 1520 sunt
1448 1512 1458 1528 ,
1481 1481 1616 1519 nescio
1641 1491 1690 1518 an
1716 1479 1823 1517 edita
1842 1479 1922 1516 :De
1940 1476 2085 1517 Cardi-

1115 1543 1269 1582 nalium
1306 1542 1489 1583 electione
1513 1546 1551 1580 et
1585 1541 1759 1593 leqitima
1798 1541 1998 1579 creatione
2036 1540 2086 1578 ad

1115 1607 1316 1646 Calixtum
1339 1607 1404 1644 ΙΙΙ.
1430 1606 1486 1643 De
1501 1607 1694 1656 potestate
1720 1605 1855 1654 Papae
1880 1606 1918 1640 et
1941 1601 2086 1642 Cardi-

1113 1668 1280 1707 nalinm.
1305 1670 1360 1706 De
1397 1665 1571 1708 Concilio
1593 1669 1632 1704 et
1667 1665 1794 1716 ipsius
1815 1667 2013 1716 potestate
2037 1675 2086 1701 ac

1115 1730 1328 1782 Pontificis.
1350 1729 1562 1781 Eoepositio
1590 1727 1746 1767 Psalmi
1767 1726 1991 1766 centesimi:
2018 1727 2087 1765 Mi-

1112 1792 1369 1831 sericordiam
1399 1791 1651 1842 etjudicium
1682 1791 1850 1829 cantabo
1869 1822 1880 1839 ,
1905 1788 1960 1827 ad
1990 1799 2087 1841 pro-

1103 1855 1279 1907 positum
1298 1853 1505 1905 regyiminis
1538 1856 1664 1904 Papae
1698 1853 1758 1891 vel
1798 1853 1991 1902 Principis
2015 1862 2085 1890 cu-

1105 1916 1265 1967 jusque.
1288 1916 1350 1954 An
1372 1916 1500 1955 Divus
1524 1916 1792 1966 Hieronymus
1813 1912 1942 1966 faerit
1976 1913 2080 1952 Car-

1108 1978 1288 2018 clinans?
1314 1981 1453 2018 Utrum
1474 1982 1617 2030 capnt,
1643 1978 1934 2017 Constantinus
1954 2006 1962 2022 .
1988 1975 2080 2014 dist.

1111 2043 1175 2080 96.
1212 2053 1353 2081 verum
1390 2041 1459 2090 sit.
1494 2040 1540 2080 cle
1580 2039 1774 2091 baptismo
1815 2038 2078 2078 Constantini.

1111 2106 1279 2144 Summa
1298 2103 1517 2142 secundum
1541 2114 1663 2154 quarn
1677 2100 2078 2153 Archiepiscoporuin

1111 2170 1149 2204 et
1182 2167 1473 2219 Episcoporum
1510 2164 1662 2204 vnotarii
1704 2162 1873 2202 debeant
1910 2162 2081 2216 officium

1113 2240 1318 2268 eaeercere.
1333 2229 1431 2268 Vide
1447 2227 1652 2268 Oudinum
1668 2230 1763 2265 tom.
1781 2226 1899 2264 tertio
1915 2236 1951 2276 p.
1963 2225 2081 2263 2569.

1166 2291 1188 2313 ³*
1208 2293 1318 2330 Inter
1338 2291 1445 2330 MSS.
1478 2289 1602 2330 Codd.
1626 2290 1898 2328 Taurinenses
1920 2288 2082 2326 Latinos

1113 2355 1285 2393 occurrit
1309 2354 1408 2393 liber
1432 2353 1478 2392 cle
1495 2350 1726 2405 Episcopali
1739 2350 1929 2402 (limitato
1946 2350 1995 2389 ab
2015 2361 2081 2389 eo-

1112 2414 1203 2453 dem
1229 2415 1396 2454 authore
1421 2416 1610 2464 scriptus.
1649 2414 1723 2451 Est
1762 2413 1928 2462 insuper
1960 2412 2084 2449 oratio

1115 2476 1248 2515 habita
1271 2479 1308 2514 in
1336 2477 1475 2515 funere
1497 2477 1543 2514 D.
1569 2477 1701 2526 Papae
1723 2473 1788 2512 Pii
1810 2474 1863 2511 ΙΙ.
1888 2472 2083 2512 ciusdem.

1114 2539 1284 2588 Insuper
1314 2543 1376 2576 est
1406 2539 1509 2576 alius
1535 2540 1733 2575 tractatus
1756 2534 1818 2573 An
1840 2536 1951 2586 Papa
1991 2532 2084 2584 li9e-

1115 2604 1182 2638 tur
1209 2599 1381 2638 vinculis
1403 2599 1470 2638 sni
1487 2597 1715 2650 juramenti
1732 2601 1770 2635 et
1798 2595 1979 2635 decretis.
2015 2597 2077 2634 In—

1114 2663 1232 2713 cipit:
1254 2662 1353 2713 quia
1374 2659 1566 2699 nonnulli.
1591 2661 1652 2698 Ex
1677 2670 1756 2709 quo
1780 2658 1942 2697 exordio
1969 2658 2086 2696 intel-

1114 2726 1274 2775 ligimus
1300 2735 1376 2761 non
1402 2723 1524 2761 alium
1548 2721 1748 2770 designari
1779 2720 1924 2759 librum
1950 2732 1972 2760 a
2006 2721 2081 2758 Lu-

1114 2787 1254 2825 dovico
1278 2786 1421 2824 Jacobo
1447 2786 1485 2822 in
1510 2783 1752 2822 Bibliotheca
1780 2782 1983 2820 Pontiiicia
2005 2782 2081 2820 sub

1114 2849 1229 2887 titulo
1246 2848 1294 2886 de
1311 2849 1510 2887 creatione
1526 2845 1797 2886 Cardinalium
1817 2874 1824 2892 ‚
1841 2845 1957 2883 cuius
1975 2844 2080 2882 idem

1114 2916 1177 2950 est
1198 2912 1370 2949 initium.

1167 2973 1445 3013 DOMlMCUS
1466 2970 1513 3010 de
1537 2969 1735 3009 Flandria
1750 3001 1759 3017 ,
1784 2968 1945 3007 Ordinis
1965 2969 2081 3006 Prae-

1111 3036 1358 3078 cla-ntorum,
1390 3034 1508 3084 cujus
1547 3032 1803 3082 Quaestiones
1840 3028 2080 3081 „flletaplnssi-

1108 3097 1228 3145 cales,
1249 3098 1287 3134 in
1314 3098 1399 3134 ΧΗ.
1432 3096 1554 3134 libros
1583 3095 1805 3144 Motaphys.
1826 3092 2066 3139 Aristotelis,

1111 3161 1286 3198 Venetiis
1319 3159 1432 3197 4496.
1461 3159 1576 3196 4499.
1602 3158 1787 3196 Coloniae
1814 3154 2076 3194 4621.Vene-

1111 3224 1175 3260 tiis
1203 3221 1317 3261 4637.
1353 3221 1415 3258 fol.
1443 3219 1700 3268 Quaestiones
1726 3220 1762 3256 in
1795 3217 1915 3256 libros
1940 3217 2004 3255 111.
2031 3214 2078 3254 de

1108 3287 1268 3333 anima,
1294 3285 1472 3322 Venonis
1497 3283 1611 3322 4503.
1636 3282 1750 3322 4518.
1783 3281 1846 3319 fol.
1882 3285 1922 3317 et
1960 3278 2000 3316 in
2031 3276 2077 3315 li-

1109 3348 1201 3387 bros
1223 3346 1491 3398 posteriorum
1518 3343 1817 3395 ‚lualyn'eornm
1850 3351 2076 3380 memoran-
