2500 3841
844 228 1302 270 (IUMBERTUS

88 315 181 348 tom.
208 309 221 345 I
244 336 252 354 ‚
276 306 325 344 dc
359 305 618 356 scriptoribus
652 303 922 342 Dominicanis
954 312 1039 352 pag.

92 371 168 411 873
187 370 251 409 ubi
272 373 312 407 et
326 368 401 408 alia
421 362 508 418 ejus
525 369 823 411 commemorat,
840 365 879 402 in
899 364 1043 403 lohan-

87 444 186 481 nem,
212 431 254 469 in
275 428 466 481 Reyulam
489 429 717 480 .4u9ustz‘nz',
739 428 892 467 Ide'oma
914 428 1040 474 Juris,

86 497 143 534 De
167 493 298 533 tribus
332 493 459 542 votis,
500 494 554 531 De
586 492 793 531 audientia
824 489 1041 542 Confessio—

86 569 182 596 num
200 588 210 605 ‚
231 555 285 594 ad
309 555 529 595 Canonicos
555 555 771 596 Clivenses.

141 620 470 667 CUMBERTUS‚
521 631 641 670 supra
678 630 765 670 pag.

85 682 303 722 BERTUS.

138 744 464 792 CUMMENEUS⁷
496 745 582 783 sive
611 742 947 791 CUMMEANUS,
979 742 1046 781 Αί-

87 805 185 855 bus,
222 808 447 855 Hibernus,
473 811 565 846 ante
590 806 871 845 Adamnanum
897 808 931 854 a)
972 806 1045 851 (de

89 881 168 921 quo
185 881 306 921 supra
343 881 430 921 pag.
463 869 510 917 7.)
543 871 711 920 scriptor
748 869 855 909 Vitae
892 867 1048 908 Colum-

89 930 162 971 bae
181 964 191 981 ,
231 932 397 971 Abbatis
422 933 595 971 Huensis
616 963 624 981 ‚
649 933 735 971 sive
758 934 795 970 in
821 931 957 970 Insula
985 931 1046 969 Hu

88 995 220 1033 vicina
243 995 464 1040 Hiberniae,
488 994 667 1033 defuncti
686 993 762 1032 An.
779 994 934 1032 CHristi
955 993 1045 1032 598.

86 1056 221 1096 Edidit
251 1057 499 1096 Mabillonius
523 1061 619 1095 tom.
644 1058 672 1095 I.
699 1058 938 1096 Sanctorum
974 1056 1048 1092 Be-

87 1119 278 1158 nedictin.
302 1121 392 1170 Pag.
419 1120 514 1159 364.

143 1181 458 1231 CUMMIANUS,
475 1183 561 1221 sive
582 1182 852 1229 CUMMINUS⁷
878 1180 1043 1229 Lonyusff.

89 1245 224 1283 nescio
247 1256 297 1284 an
322 1244 511 1284 diversus
535 1256 558 1283 a
573 1246 726 1296 priore,
752 1244 889 1282 itidem
912 1243 1048 1282 Hiber-

92 1318 169 1347 nus
192 1305 325 1346 Abbas
349 1308 435 1346 sive
454 1308 679 1358 Episcopus
703 1336 711 1354 ,
737 1318 858 1356 quem
883 1304 968 1356 ajut
991 1304 1048 1343 di-

91 1381 154 1408 em
172 1369 318 1408 obiisse
334 1371 437 1408 circa
457 1369 620 1409 Annum
639 1370 727 1408 664.
750 1368 850 1418 Ejus
870 1365 1046 1419 Epistola

92 1431 139 1470 cle
149 1431 433 1471 Controversia
447 1432 484 1481 b)
501 1430 694 1470 Paschae·
706 1431 755 1470 ad
770 1432 998 1481 Segienum‚
1013 1430 1045 1477 c)

95 1493 291 1533 Abbatem
329 1495 559 1542 Huensem,
599 1494 705 1532 edita
739 1493 788 1532 ab
812 1493 972 1532 Usserio
1010 1493 1048 1529 in

95 1556 286 1607 Epistolis
308 1557 530 1595 Hibernicis
572 1568 659 1608 pag.
701 1557 836 1596 25-35.
878 1554 1020 1594 Dublin
1041 1583 1049 1602 ‚

93 1619 197 1659 4632
215 1647 224 1665 ‚
263 1618 299 1656 4.
324 1619 485 1657 Parisiis
510 1620 639 1666 4665,
666 1619 702 1657 4.
726 1617 918 1668 Ejusdem
955 1618 1042 1655 Poe-

95 1680 296 1720 nitentiale
311 1712 322 1730 ,
365 1682 451 1720 sive
489 1681 588 1720 liber
621 1680 668 1720 de
710 1678 1051 1719 Poenz‘tentiarum

92 1755 286 1783 memura
308 1748 443 1782 exstat
465 1755 559 1783 cum
585 1745 624 1783 S.
650 1744 887 1785 Columbani
916 1743 1052 1793 poeni-

92 1807 246 1846 tentiali
269 1806 436 1856 aliisque
459 1807 676 1857 opusculis,
698 1806 734 1855 d)
761 1804 910 1843 Lovan.
934 1802 1048 1853 4667,

94 1880 180 1920 pag.
212 1867 287 1909 497
326 1873 366 1907 et
401 1870 441 1906 in
468 1869 713 1908 Bibliotheca
750 1870 914 1906 Patrum
953 1872 1047 1905 tom.

94 1932 199 1979 XII,
228 1931 321 1970 edit.
352 1930 476 1981 Lugd.
507 1943 544 1981 p.
577 1931 710 1969 44-48.
749 1931 863 1969 Hunc
907 1929 1051 1968 librum

94 1996 341 2035 Cummeano
361 1992 460 2032 Albo
483 1994 660 2032 tribuere
687 2004 766 2031 non
791 1992 948 2031 dubitat
972 1993 1054 2031 Ma-

94 2057 280 2096 billonius
298 2086 307 2104 ,
332 2056 398 2095 ubi
423 2056 694 2106 fragmentum
719 2054 808 2105 ejus
833 2067 884 2093 ex
909 2055 1054 2093 Codice

99 2117 397 2158 Paem'tentz'alz's
437 2118 584 2157 Rabani
628 2119 751 2157 Mauri
789 2117 971 2156 Biblioth.
1017 2118 1054 2156 S.

99 2182 198 2221 Galli
219 2182 332 2221 affert
357 2182 396 2219 in
419 2180 624 2220 Analectis
641 2192 728 2231 pag.
756 2179 830 2227 47,
856 2180 905 2219 48
921 2179 1059 2218 editio—

99 2246 162 2283 nis
184 2245 225 2282 in
250 2245 354 2283 folio.

150 2306 173 2325 ’¹‘
200 2308 245 2346 In
269 2307 443 2358 Ughellis
463 2306 512 2345 de
531 2306 742 2357 Episcopis
765 2305 947 2344 Bobiens.
966 2305 1060 2356 legi-

98 2373 165 2408 tur
188 2369 436 2420 epitaphium
457 2369 496 2408 S.
522 2369 760 2408 Cummiano
780 2369 976 2418 Episcopo
990 2379 1058 2418 po-

101 2432 223 2470 situm
242 2434 284 2469 et
306 2442 329 2469 a
343 2432 495 2469 Joanne
515 2431 702 2482 Magistro
726 2431 934 2481 scriptum,
953 2429 1059 2479 quod

97 2493 214 2532 hodie
255 2494 403 2543 pariter
436 2497 573 2532 servat
598 2493 733 2531 tabula
758 2502 981 2530 marmorea
1021 2492 1056 2528 in

102 2555 284 2594 Bobiensi
308 2554 457 2605 templo
481 2554 612 2593 adhuc
635 2554 816 2592 visenda.
834 2555 877 2592 In
895 2566 942 2593 ea
961 2565 1057 2592 vero

98 2628 176 2656 non
202 2616 400 2656 Hibernus
424 2615 557 2655 Abbas
572 2647 584 2664 ,
611 2616 682 2655 sed
705 2628 726 2655 e
751 2617 884 2655 Scotia
907 2617 1058 2655 missus

102 2680 271 2730 legitur,
296 2677 536 2728 additurque
561 2678 610 2717 ad
625 2678 700 2716 An.
717 2679 934 2729 nonaginta
954 2683 1060 2718 aeta-

102 2743 153 2780 tis
193 2741 426 2792 pervenisse
448 2769 456 2788 ‚
490 2741 527 2777 in
569 2741 807 2779 Monasterio
845 2752 971 2779 annos
1008 2742 1050 2781 24

101 2805 258 2854 agisse,
282 2813 328 2841 ac
353 2801 517 2840 demum
541 2802 628 2840 eius
657 2802 918 2852 sepulchrum
960 2813 1062 2841 mar-

102 2865 279 2905 moribus
303 2864 514 2903 decorasse
540 2863 810 2914 Luitprandus
829 2865 924 2903 Rex.
940 2866 1058 2904 Deni-

100 2941 179 2981 que
202 2928 463 2980 depositionis
495 2928 583 2967 eius
623 2926 709 2965 dies
747 2927 928 2978 signatur
959 2929 1060 2966 XIV.

810 620 900 658 352.
942 620 1044 659 CIM-

164 3080 197 3121 a)
212 3081 305 3115 ,Vide
327 3080 489 3112 Iacobum
503 3081 701 3119 basnagium
725 3079 763 3109 ad
787 3078 908 3109 Canisii
935 3082 1013 3111 tom.
1035 3081 1066 3117 i,

93 3137 169 3171 pag.
191 3129 265 3161 675.

158 3180 192 3220 b)
214 3184 258 3213 De
281 3180 334 3212 illa
369 3180 454 3212 Reda
480 3183 534 3212 ΙΙΙ.
553 3180 594 3211 25
622 3181 700 3212 hist.
724 3179 851 3212 lici-les.
890 3180 1072 3213 Bucherius

101 3231 141 3263 ad
164 3232 328 3263 Victorini
352 3232 521 3263 Canonem
544 3230 738 3262 paschalem
762 3238 837 3270 pag.
868 3228 925 3260 188
943 3239 1011 3272 seq.

158 3279 190 3319 c)
216 3280 297 3313 Male
319 3289 480 3313 excusum
496 3281 683 3321 Lemonum
696 3281 784 3319 apud
815 3280 1016 3312 Eucherium
1034 3283 1067 3314 in

99 3333 303 3363 testimoniis
327 3332 366 3363 de
389 3333 538 3363 Vicini-io
564 3339 638 3371 pag.
668 3332 760 3362 xxx.

159 3382 193 3421 d)
220 3384 264 3413 De
285 3381 350 3413 illis
373 3390 471 3422 supra
494 3390 569 3421 pag.
598 3380 687 3413 1130.

1990 227 2068 267 405

1115 301 1198 339 Κ31.
1224 299 1483 350 Septembris.
1521 299 1777 351 Epitaphium
1810 298 1917 337 istud
1954 298 2068 349 longo

1116 364 1342 401 accuratius
1365 392 1372 409 ,
1398 374 1518 412 quam
1544 362 1748 412 Ughellius
1772 361 1868 412 legit
1901 361 2071 400 Murato-

1118 428 1213 473 rius,
1239 426 1500 476 vulgavitque
1525 426 1647 475 antiq.
1664 424 1762 463 Med.
1780 424 1881 463 Aevi
1896 424 1962 471 III⁷
1981 423 2069 461 680.

1172 488 1354 527 (IURIUS
1374 488 1409 525 F
1410 486 1715 536 ortunatzunus,
1739 486 1887 525 Rhetor
1907 516 1914 534 ,
1938 485 1987 524 de
2004 496 2073 524 cu-

1114 550 1180 599 jus
1205 548 1319 588 libris
1357 550 1428 588 III.
1460 548 1624 589 scholae
1660 547 1892 588 Rhetoricae
1925 547 2007 585 dixi
2033 548 2070 584 in

1118 612 1360 652 Bibliotheca
1387 614 1524 651 Latina
1549 613 1612 659 IV,
1634 613 1670 650 8.
1695 623 1804 650 num.
1831 611 1865 649 4.
1888 610 2010 658 Idem,
2028 614 2073 648 ut

1118 676 1303 722 videtur,
1327 676 1393 725 qui
1419 674 1542 713 vitam
1564 673 1741 713 Maximi
1762 674 1923 723 Pupieni
1946 673 2075 723 Impe-

1120 738 1261 775 ratoris
1285 737 1444 787 scripsit
1468 736 1672 774 laudatam
1694 747 1715 773 a
1732 736 1835 773 Julio
1856 735 2074 785 Capitolino

1122 800 1158 835 in
1175 799 1344 837 Maximo
1366 801 1406 836 et
1428 798 1589 836 Balbino
1609 809 1641 835 c.
1671 798 1704 835 4.
1727 802 1767 835 ct
1785 799 1845 836 48.
1868 798 1964 836 Vide
1981 798 2077 835 Vos-

1120 862 1224 899 sium
1250 860 1298 899 de
1323 861 1423 898 llist.
1446 861 1530 898 Lat.
1557 870 1645 910 pag.
1675 859 1760 898 484.

1174 921 1364 962 Nicotaus
1381 922 1613 961 CL‘SAM'S
1636 933 1657 959 a
1683 923 1809 972 patria
1832 922 1967 971 Cusa,
1989 923 2076 960 vico

1118 986 1303 1024 Mosellae
1327 986 1458 1024 vicino
1479 1015 1487 1032 ,
1512 985 1765 1023 Trevirensis
1785 985 1986 1022 Dioecesis
2002 1015 2011 1031 ,
2038 985 2074 1020 in

1120 1059 1198 1098 quo
1222 1047 1296 1087 An.
1323 1048 1418 1087 4404
1451 1048 1631 1087 obscuris
1657 1052 1776 1086 natus
1809 1047 1957 1094 initiis⁷
1984 1048 2079 1084 insi-

1121 1113 1186 1162 gni
1210 1111 1357 1162 ingenii
1381 1111 1465 1149 acie
1489 1115 1529 1149 et
1553 1110 1759 1148 doctrinae
1781 1109 1941 1147 dotibus
1963 1138 1971 1156 ‚
1996 1110 2079 1146 ani-

1121 1175 1256 1224 mique
1280 1175 1432 1212 virtute
1462 1174 1616 1223 magnis
1640 1173 1744 1212 Viris
1768 1172 1971 1211 accenseri
1998 1182 2080 1209 me—

1120 1237 1229 1284 ruit,
1269 1236 1502 1286 Theologiae
1544 1240 1583 1273 et
1617 1236 1878 1274 Decretorum
1908 1235 2079 1281 Doctor.

1119 1299 1341 1349 Episcopus
1367 1300 1403 1336 In
1432 1298 1626 1337 Tirolensi
1648 1298 1850 1337 Comitatu
1874 1297 2082 1335 Brixinen-

1121 1361 1202 1409 sis⁷
1229 1365 1269 1399 et
1292 1361 1341 1399 ab
1362 1361 1436 1399 An.
1461 1361 1576 1400 4448.
1595 1359 1842 1408 Ο3Γι1133115,
1865 1359 2080 1398 defunctus

1122 1422 1287 1462 Tuderti
1310 1424 1349 1461 in
1373 1423 1534 1462 Umbria
1557 1422 1632 1461 An.
1659 1421 1774 1461 4464.
1801 1424 1892 1472 (non
1910 1422 2006 1460 1454
2041 1424 2083 1459 ut

1121 1487 1238 1524 estin
1266 1485 1600 1537 Ephemeridibus
1630 1486 1842 1525 Parisiens.
1876 1496 1939 1523 an.
1967 1483 2082 1528 46847

1123 1560 1160 1600 p.
1185 1549 1235 1586 38
1260 1560 1335 1587 nec
1360 1548 1523 1587 demun]
1564 1549 1665 1586 4500
1703 1551 1748 1586 ut
1770 1549 1856 1585 viro
1893 1546 2010 1585 docto
2050 1557 2085 1594 a)

1125 1623 1252 1662 nuper
1270 1612 1416 1660 visum)
1434 1611 1496 1649 XI.
1517 1610 1702 1661 Augusti.
1720 1611 1775 1648 De
1789 1621 1835 1648 eo
1851 1608 2085 1648 consulendi

1123 1674 1368 1713 Trithemius
1383 1685 1467 1725 cap.
1491 1674 1580 1712 805.
1602 1673 1749 1713 Hundii
1767 1672 1995 1722 metropolis
2015 1671 2083 1709 Sa*

1124 1736 1288 1788 lisburg.
1325 1749 1361 1788 p.
1402 1737 1491 1775 304.
1528 1737 1722 1776 Henricus
1764 1735 2013 1775 Warthonus
2037 1734 2086 1772 ad

1133 1800 1338 1848 Caveum‚
1362 1804 1403 1838 et
1427 1799 1476 1838 de
1500 1800 1649 1839 Cusani
1672 1798 1848 1837 dissidiis
1871 1809 1964 1836 cum
1989 1796 2088 1848 Sigi-

1132 1861 1329 1908 smundo,
1365 1861 1550 1900 Austriae
1580 1861 1854 1907 Archi-Duce,
1892 1859 2086 1898 Gundlin-

1126 1926 1241 1976 giana
1275 1925 1399 1972 XIII,
1438 1936 1524 1975 pag.
1551 1924 1655 1970 ⁶265,
1686 1934 1796 1973 seqq.
1833 1923 2075 1960 Possevinus

1127 1992 1321 2026 memorat
1344 1999 1437 2026 eum
1469 1998 1590 2038 prope
1628 1987 1777 2026 Cusam
1814 1987 1977 2032 vicum,
2018 1984 2082 2022 ubi

1130 2055 1249 2089 natus
1274 2050 1358 2098 suit,
1376 2049 1541 2088 domum
1563 2049 1802 2099 hospitalem
1818 2048 2089 2090 exstruxisse,

1130 2114 1354 2163 amplisque
1370 2112 1566 2152 reditibus
1583 2115 1624 2150 et
1638 2111 1762 2149 divite
1780 2109 2093 2148 librorumGrae—

1131 2187 1268 2214 corum
1292 2206 1300 2225 ‚
1326 2176 1556 2214 Latinorum
1573 2178 1614 2212 et
1632 2174 1799 2212 aliorum
1817 2171 2090 2223 suppellectile¹

1131 2249 1307 2277 ornasse.
1323 2239 1479 2288 Scripta
1494 2236 1584 2289 ejus
1601 2235 1782 2287 prodiere
1799 2236 1957 2274 Parisiis
1976 2235 1988 2273 4
2001 2235 2043 2273 54
2056 2234 2090 2270 3.

1131 2302 1411 2352 Norimbergae
1436 2302 1504 2340 454
1519 2301 1539 2338 4
1564 2304 1605 2338 et
1635 2299 1815 2338 Basileae
1856 2299 1869 2336 4
1882 2298 1958 2337 565
1981 2328 1989 2346 ,
2028 2297 2089 2334 fol.

1133 2377 1255 2415 quam
1284 2369 1530 2415 postremam
1555 2362 1769 2401 editionem
1795 2361 2093 2411 locupletiorem

1133 2432 1173 2466 et
1198 2429 1236 2465 in
1261 2431 1343 2465 tres
1360 2425 1616 2464 distributam
1638 2428 1772 2475 partes
1792 2422 1930 2461 ordine
1947 2422 2092 2460 referre

1134 2491 1287 2541 placet:

1187 2554 1215 2591 I.
1240 2552 1296 2590 De
1309 2551 1423 2590 docta
1435 2549 1662 2602 iquorantz'a
1678 2547 1934 2600 praecisionis
1950 2546 2096 2584 verita-

1135 2616 1186 2653 tis
1204 2614 1491 2664 inattingibilis,
1509 2612 1558 2651 ad
1575 2613 1778 2650 Julianum
1814 2608 2064 2649 Cardinalem
2085 2638 2091 2655 ,

1134 2678 1218 2716 libri
1245 2677 1328 2725 ΙΙΙ,
1370 2678 1473 2715 inter
1508 2686 1648 2726 parum
1687 2671 1834 2711 solidas
1871 2669 2092 2721 quasdam,

1134 2741 1280 2790 quibus
1301 2740 1424 2778 sacris
1444 2739 1533 2777 vult
1566 2736 1772 2787 mysteriis
1795 2735 1931 2773 lumen
1967 2732 2095 2772 affun—

1135 2803 1254 2852 dere,
1280 2802 1413 2840 referti
1437 2799 1644 2852 profundis
1668 2803 1709 2838 et
1734 2798 1949 2850 ingeniosis
1971 2796 2096 2835 medi-

1137 2864 1364 2904 tationibus.
1391 2874 1478 2914 pag.
1506 2865 1540 2902 4.

1187 2926 1378 2979 Apoloqia
1401 2925 1537 2965 doctae
1561 2923 1781 2976 iquoratiae
1805 2927 1943 2961 contra
1974 2922 2092 2971 Magi-

1138 2992 1208 3029 stri
1235 2992 1272 3028 in
1298 2990 1507 3039 Theologia
1526 2987 1690 3026 Joanm's
1711 2985 1874 3026 Vencchi
1887 2986 2093 3035 scriptum.

1139 3055 1201 3092 cui
1226 3053 1368 3091 titulus
1393 3051 1525 3102 ignota
1549 3049 1791 3089 litteratura.
1816 3060 1903 3099 pag.
1935 3048 1998 3086 63.

1193 3117 1248 3154 De
1280 3113 1516 3166 conjecturis
1554 3115 1639 3151 sive
1676 3123 1835 3151 omnem
1875 3110 2092 3149 humanam

1142 3180 1224 3217 veri
1250 3179 1461 3229 positivam
1486 3177 1749 3215 assertionem
1775 3185 1864 3212 csse
1895 3172 2097 3224 conjectu—

1140 3253 1223 3281 ram
1241 3272 1250 3290 ,
1275 3241 1360 3279 libri
1383 3241 1413 3278 II
1435 3251 1543 3290 ,pag
1562 3238 1612 3277 75
1628 3237 1677 3277 ad
1695 3237 1867 3277 eundem
1891 3237 2093 3276 Julianum

1186 3379 1221 3418 a)
1247 3382 1326 3410 Acta
1356 3377 1573 3410 Erudiiorum
1597 3376 1658 3406 An.
1685 3372 1763 3405 1750
1785 3381 1858 3413 pag.
1883 3373 1958 3405 ⁶25⁰.
